1796 3077
153 249 247 292 272

599 244 642 281 Ρ.
674 241 905 280 VIRGILII
937 239 1185 278 MARONIS

158 363 219 405 Et
238 363 357 405 lateri
379 362 666 418 agglomerant
687 367 845 409 nostro,
854 360 1109 415 juvenisque
1133 361 1342 404 Coroebus

159 421 463 475 My0·d0nides.
523 418 609 459 Illis
631 419 685 459 ad
707 417 884 472 Trojam
905 417 1014 458 forte
1036 417 1189 459 diebus

242 455 267 476 ὃ

159 477 364 525 Venerat,
385 478 529 518 insano
552 475 801 516 Cassandrae
822 476 1015 515 incensus
1037 489 1177 515 amore
1195 492 1204 524 3

160 534 221 575 Et
240 549 369 589 gener
388 532 589 574 auxilium
610 533 778 573 Priamo
801 532 1130 586 Phrygibusque
1153 531 1329 581 ferebat,

158 591 322 639 Infelix,
346 591 417 644 qui
438 605 521 631 non
543 605 709 644 sponsae
730 596 947 644 praecepta
968 588 1145 629 furentis

164 647 375 688 Audierit.

164 705 288 751 Quos
308 705 381 745 ubi
402 704 612 745 confertos
633 704 791 745 audere
812 704 853 744 in
873 702 1024 758 proelia
1042 703 1140 753 vidi,

160 761 323 815 Incipio
345 776 472 816 super
494 761 582 801 his:
616 761 818 809 Juvenes,
840 760 1065 801 fortissima
1084 760 1240 802 frustra

160 818 357 867 Pectora,
383 820 415 859 si
439 819 557 859 vobis
574 819 800 859 audentem
823 826 1012 859 extrema
1032 819 1188 871 cupido

160 876 289 916 Certa
311 876 430 929 sequi
451 876 563 930 (quae
585 876 636 915 sit
657 876 784 916 rebus
806 874 986 921 fortuna,
1009 875 1185 916 videtis:

1533 868 1618 910 350

163 932 400 973 Excessere
422 947 582 980 omnes,
607 933 743 985 adytis
765 933 932 985 arisque
953 930 1121 980 relictis,

163 989 234 1038 Di,
257 990 411 1043 quibus
427 989 646 1044 imperium
668 989 749 1030 hoc
772 995 970 1029 steterat:
1004 988 1248 1029 succurritis
1270 987 1365 1028 urbi

163 1046 352 1087 Incensae
368 1048 394 1098 z)
426 1047 666 1094 moriamur,
684 1054 725 1086 et
744 1047 786 1086 in
807 1045 944 1086 media
966 1059 1080 1086 arma
1103 1060 1286 1085 ruamus.

163 1103 262 1144 Una
284 1103 394 1144 salus
416 1104 534 1144 victis
557 1102 713 1144 nullam
736 1117 905 1157 sperare
928 1101 1118 1143 salutem.

162 1160 232 1201 Sic
252 1161 397 1201 animis
413 1161 617 1214 juvenum
638 1159 755 1200 furor
775 1160 959 1199 additus.

1021 1158 1141 1207 Inde,
1163 1157 1253 1211 lupi
1270 1172 1348 1198 ceu

160 1217 375 1271 Raptores
397 1225 487 1258 atra
509 1218 550 1257 in
572 1216 740 1265 nebula,
763 1231 868 1269 quos
889 1216 1082 1269 improba
1102 1216 1259 1256 ventris

163 1273 324 1328 Exegit
344 1288 480 1314 caecos
501 1274 652 1319 rabies,
676 1273 888 1326 catulique
910 1271 1045 1312 relicti

160 1330 372 1371 Faucibus
395 1338 646 1384 exspectant
664 1330 807 1378 siccis3
840 1343 916 1383 per
937 1328 1033 1377 tela,
1056 1342 1132 1382 per
1153 1327 1297 1368 hostes

163 1386 370 1427 Vadimus
390 1387 507 1427 haud
528 1387 701 1427 dubiam
717 1387 758 1426 in
779 1394 970 1434 mortem,
990 1385 1226 1438 mediaeque
1248 1392 1440 1426 tenemus

162 1443 293 1484 Urbis
316 1445 416 1492 iter;
450 1459 533 1484 nox
556 1451 647 1483 atra
667 1458 769 1483 cava
790 1441 1061 1483 circumvolat
1077 1443 1240 1482 umbra.

1537 1442 1622 1483 360

162 1500 270 1546 Quis
292 1500 453 1541 cladem
470 1500 580 1541 illius
602 1501 750 1548 noctis,
773 1500 867 1553 quis
889 1499 1037 1539 funera
1058 1498 1189 1539 fando

159 1557 375 1612 Explicet,
398 1564 470 1598 aut
491 1557 626 1612 possit
645 1556 825 1599 lacrimis
848 1571 1018 1611 sequare
1038 1555 1237 1597 labores?

164 1718 438 1749 W.-341—346
464 1720 685 1758 Ayylomeram,
709 1721 810 1755 docte,
837 1730 869 1749 se

160 1758 335 1796 adjungunt.
361 1759 436 1797 Sup.
462 1760 530 1787 315.
548 1764 611 1787 erat
634 1760 793 1797 qlomerare
813 1770 872 1787 ma-

159 1807 235 1831 num,
255 1797 399 1835 colIIgere
422 1806 549 1829 manum,
573 1799 698 1826 sociare.
731 1798 873 1826 Suaviter

159 1845 258 1863 rerum
268 1835 448 1864 miserabilis
458 1835 552 1864 facies
561 1836 758 1873 distinguitur
770 1835 868 1873 episo-

158 1873 210 1901 dio
224 1874 308 1902 brevi
322 1874 361 1902 de
382 1873 513 1902 Coroebo
528 1874 694 1912 Mygdonis
711 1874 783 1907 filio,
797 1883 870 1901 con-

159 1911 232 1939 ficto
245 1912 299 1940 illo
321 1922 360 1940 ex
378 1911 416 1940 11.
430 1925 453 1945 ν,
467 1912 534 1940 363.
551 1912 588 1940 de
603 1913 786 1950 Othryoueo.
825 1912 869 1940 H.

159 1949 193 1978 Si
211 1950 285 1987 quid
305 1950 406 1984 video,
426 1951 684 1988 distinguendum:
707 1951 826 1979 Addunt
841 1961 871 1979 se

156 1988 250 2017 socios
272 1988 399 2026 Rhipeus
420 1993 447 2017 et
466 1989 609 2017 maximus
632 1990 724 2018 armis
740 1990 867 2028 Epytus,

158 2026 247 2055 oblati
256 2037 311 2065 per
321 2028 429 2061 lunam,
443 2027 635 2067 Hypanisque
651 2028 828 2067 Dymasque,
843 2032 869 2056 et

161 2065 247 2094 lateri
259 2066 457 2104 agyylomerant
477 2071 587 2101 nostro,
612 2071 644 2095 ut
665 2072 792 2105 quatuor
813 2067 870 2095 viri

159 2103 300 2147 Rhipeus,
327 2103 454 2143 EpytuS,
480 2105 619 2144 Hypanis
647 2110 677 2134 et
698 2106 812 2143 Dymas
839 2116 871 2135 se

162 2152 260 2171 socios
275 2143 397 2177 addant,
412 2147 504 2181 utque
527 2154 689 2182 pronomen
702 2154 731 2172 se
752 2145 789 2173 ad
804 2154 871 2173 ver-

160 2182 232 2210 bum
240 2180 436 2219 ‹zyylomeraut
450 2182 525 2211 trahi
540 2183 646 2220 possit.
657 2184 694 2212 cf.
711 2183 872 2218 X11,457.

162 2220 228 2248 Neo
255 2220 391 2258 positura
415 2221 566 2250 nominum
593 2221 785 2261 Hypanisque
806 2222 871 2260 Dy-

162 2268 279 2297 masque
302 2262 373 2295 post
406 2260 599 2298 participium
637 2260 725 2289 oblati
761 2262 872 2295 obstat,

160 2307 221 2334 quo
235 2297 331 2325 minus
349 2297 399 2325 illa
424 2298 535 2335 pariter
548 2309 583 2327 ao
600 2299 729 2338 Rhipeus
744 2303 774 2328 et
792 2299 874 2337 Epy-

162 2340 219 2367 tus,
244 2345 299 2373 pro
307 2336 449 2371 subjectis
463 2337 572 2371 habita,
582 2339 618 2366 ad
628 2339 754 2366 verbum
768 2338 875 2366 addunt

161 2374 324 2402 trahantur.
341 2374 511 2412 W.—yener
520 2380 617 2405 auten]
630 2377 657 2404 h.
668 2377 687 2405 l.
697 2387 874 2415 spa—prce-

162 2416 243 2450 cepta
267 2412 294 2440 h.
319 2413 338 2440 l.
359 2418 427 2441 sunt
445 2414 555 2443 monita
569 2415 648 2443 vatis
672 2426 688 2444 a
708 2416 766 2444 deo
788 2419 873 2449 actae,

162 2451 229 2479 scil.
239 2461 273 2479 ne
280 2451 475 2488 Trojanorum
486 2453 563 2481 cladi
575 2454 638 2491 ipse
647 2458 794 2492 tamquam
805 2464 874 2492 pars

161 2490 327 2522 accederet,
344 2499 417 2518 neve
429 2501 497 2519 suas
514 2502 550 2520 nu
578 2493 635 2520 tias
651 2497 795 2530 speraret.
810 2493 854 2521 11.

199 2529 465 2557 347—354a11dere
480 2531 551 2558 abso
567 2536 616 2560 ute
631 2531 743 2560 dicitur
753 2541 808 2570 pro
823 2541 873 2560 au-

161 2567 248 2596 dacia
263 2567 394 2594 accendi.
435 2568 505 2595 Tac.
528 2568 612 2597 Hist.
636 2570 682 2603 II,
707 2571 755 2599 25.
774 2580 876 2598 rursus

161 2605 236 2634 nansi.
252 2604 425 2642 W.—-s11per
446 2606 500 2639 his,
526 2607 625 2646 simpl.
641 2618 695 2645 pro
715 2613 785 2646 post
799 2609 874 2644 haec,

161 2645 241 2673 inde.
258 2653 288 2672 v.
302 2644 357 2671 351
381 2653 420 2672 ex
443 2645 555 2673 veteris
575 2646 730 2684 religionis
751 2657 875 2686 persua-

162 2684 244 2712 sione
258 2682 510 2720 interpretandus,
526 2694 583 2721 qua
606 2686 696 2714 urbes
716 2690 813 2724 captae
829 2685 875 2714 vel

161 2721 313 2761 capiendae
326 2730 343 2749 a
356 2720 413 2749 diis
428 2721 526 2751 deseri
537 2723 744 2754 credebantur.
786 2724 875 2754 Euri-

910 1720 991 1759 pidis
1007 1721 1106 1749 locum
1126 1730 1142 1749 e
1161 1720 1270 1749 Troad.
1289 1721 1338 1749 23.
1356 1721 1418 1757 jam
1435 1719 1570 1749 Maorob.
1584 1720 1622 1748 V.

911 1769 977 1797 cap.
989 1764 1066 1788 extr.
1081 1759 1275 1797 comparavit.
1284 1759 1322 1788 cf.
1332 1759 1499 1797 Trypbiod.
1511 1769 1539 1788 v.
1552 1760 1622 1789 496.

912 1798 981 1826 497.
1002 1798 1084 1826 Hinc
1106 1798 1240 1826 evocatio
1264 1798 1399 1832 deorum,
1421 1798 1458 1826 de
1480 1808 1538 1835 qua
1559 1798 1587 1826 h.
1601 1797 1622 1826 l.

909 1835 1042 1864 Servius.
1052 1837 1155 1865 —354
1185 1836 1251 1865 Una
1284 1837 1362 1865 sulus
1390 1836 1442 1864 int.
1470 1836 1623 1865 honestam

910 1878 1046 1904 mortem.
1068 1884 1126 1911 qua
1141 1885 1172 1903 se
1187 1875 1224 1903 ab
1237 1875 1368 1904 hostium
1383 1878 1533 1912 potestate
1545 1875 1620 1903 libe-

909 1913 1084 1940 rent.—355
1106 1912 1207 1940 Furor
1230 1913 1354 1947 additus,
1381 1913 1553 1942 inflammati
1576 1912 1621 1941 illi

912 1954 991 1979 sunt.
1032 1950 1146 1979 Statius
1171 1951 1209 1979 V.
1236 1951 1331 1980 Theb.
1357 1952 1405 1979 33.
1448 1950 1474 1979 0
1496 1951 1621 1985 miserae,

908 1989 1011 2027 quibus
1024 1989 1068 2017 hic
1082 1990 1173 2026 furor
1186 1989 1309 2018 additus.
1319 2007 1356 2011 —
1365 1991 1469 2018 355—-
1481 1990 1538 2018 360
1553 1989 1621 2018 Ho-

908 2038 1009 2056 merus
1023 2027 1244 2065 comparatione
1265 2028 1405 2066 luporum
1418 2037 1500 2066 saepe
1515 2028 1622 2062 utitur,

910 2077 938 2095 v.
955 2076 981 2095 e.
994 2065 1032 2096 Il.
1047 2072 1076 2100 λ,
1090 2067 1139 2095 72.
1154 2070 1179 2094 οἱ
1190 2070 1230 2101 ὸὲ,
1242 2071 1316 2095 λύκοι
1327 2069 1471 2101 laneam),
1483 2066 1543 2105 lupi
1553 2077 1623 2106 rap-

910 2109 988 2134 tores
1002 2116 1040 2134 ex
1058 2105 1192 2143 epitheto
1213 2109 1312 2139 σίνται,
1328 2106 1416 2134 Iliad.
1439 2119 1469 2139 π,
1488 2106 1556 2135 353.
1572 2116 1622 2135 ua-

912 2148 975 2172 tum
987 2144 1125 2178 videtur;
1146 2147 1176 2172 et
1191 2158 1220 2177 π,
1245 2145 1293 2172 56.
1308 2149 1382 2172 λύκοι
1398 2147 1443 2177 ὣς,
1458 2147 1625 2181 Ὠμοψάγοι,

911 2183 982 2211 item
997 2183 1113 2220 Odyss.
1126 2187 1150 2216 ζ,
1179 2184 1244 2211 133.
1258 2183 1295 2211 de
1310 2183 1412 2212 leone:
1434 2186 1544 2212 κέλεται
1557 2186 1586 2211 δέ
1611 2185 1625 2211 ἑ

911 2224 1026 2257 γαστὴρ,
1040 2224 1138 2256 Μὴλων
1147 2224 1562 2261 πειρήσοντα-ὲλθεῖν,-91ιο.ῐ
1572 2221 1626 2250 im-

907 2259 1002 2299 proba
1023 2261 1160 2298 (magna)
1181 2260 1290 2288 ventris
1314 2260 1422 2298 Exeyit
1449 2260 1539 2299 (egit,
1556 2260 1626 2299 quia

914 2299 1061 2337 prodeunt
1076 2309 1114 2327 ex
1128 2298 1268 2333 latebris)
1289 2308 1377 2327 caecos
1391 2298 1507 2335 rabies3
1533 2309 1624 2337 quan-

914 2341 977 2366 tum
993 2337 1124 2366 ornatius
1137 2337 1142 2365 !
1167 2342 1201 2366 ut
1227 2337 1316 2366 etiam
1345 2338 1478 2376 reliqua:
1500 2341 1567 2365 ulra
1594 2336 1625 2365 in

913 2376 1024 2409 nebula,
1046 2386 1084 2404 ex
1099 2377 1310 2405 observatione
1325 2375 1497 2415 sagacitatis
1509 2375 1538 2403 in
1558 2374 1625 2403 tali-

914 2415 971 2443 bus
998 2415 1205 2444 animantibus.
1262 2414 1400 2444 Vadimus
1422 2414 1567 2452 impetum
1593 2418 1626 2442 et

914 2453 1044 2482 furorem
1057 2457 1139 2482 notat
1154 2454 1279 2483 verbum
1293 2454 1321 2482 in
1336 2454 1391 2482 hoc
1405 2455 1548 2482 contexto
1560 2474 1567 2486 ‚
1591 2457 1626 2480 ut

915 2496 946 2521 et
972 2492 1044 2521 alibi
1071 2496 1212 2527 ἔρχεσθαι,
1239 2493 1293 2521 ire.
1334 2491 1403 2520 Nox
1429 2491 1627 2525 circumvolat,

915 2530 1027 2570 quippe
1042 2531 1118 2560 alata
1132 2531 1184 2559 inf.
1199 2531 1295 2565 VIII,
1310 2531 1378 2560 369.
1417 2529 1467 2558 Sic
1482 2529 1624 2564 Somnus,

915 2569 1044 2598 Somnia.
1065 2581 1095 2599 v.
1109 2570 1146 2599 ad
1161 2570 1273 2599 Tibull.
1288 2570 1334 2602 ΙΙ,
1357 2570 1384 2597 l.
1407 2569 1456 2596 89.
1477 2577 1548 2596 cava
1562 2578 1624 2596 um-

915 2607 978 2642 bra,
994 2612 1138 2646 quatenus
1159 2608 1219 2646 ipsi
1231 2618 1266 2636 ea
1286 2606 1517 2640 circumdantur,
1538 2607 1625 2645 quasi

916 2647 988 2675 tecti
1002 2658 1009 2683 3
1030 2652 1104 2685 puto
1121 2647 1363 2685 equidem.—-361
1384 2645 1498 2683 Odyss.
1515 2659 1543 2680 γ,
1558 2646 1626 2674 113.

916 2689 954 2715 τίς
970 2698 1013 2714 κεν
1028 2688 1115 2715 ἐκεῖνα
1131 2688 1223 2714 Πάντα
1236 2698 1267 2719 7⁶
1282 2687 1433 2719 μυθήσαιτο
1454 2687 1625 2715 καταθνητῶν

916 2728 1078 2762 ἂνθρώπων5
1107 2724 1240 2753 imitatus
1264 2723 1355 2751 Silius
1376 2723 1416 2758 V,
1436 2723 1503 2752 421.
1528 2732 1573 2760 sq.
1594 2726 1624 2750 et
