1796 3077
608 239 880 280 AENEIDOS.

938 238 1039 276 LIB.
1071 237 1141 275 VI.
1512 244 1609 288 405

166 364 251 407 Hic
270 364 451 408 crudelis
473 380 589 407 arnor
607 366 717 407 tauri
737 371 1026 420 suppostaque
1046 363 1160 405 furto

167 422 394 478 Pasiphae,
415 424 675 477 mixtumque
695 438 829 478 genus
849 421 1074 477 prolesque
1094 420 1284 462 biformis
1557 422 1612 462 525

168 479 436 522 Minotaurus
457 481 577 530 inest,
600 480 780 522 Veneris
799 487 1069 520 monumenta
1088 478 1281 520 nefandae
1299 495 1309 528 ;

169 536 255 579 Hic
270 536 391 579 labor
410 537 477 579 ille
497 538 660 588 domus,
682 544 725 578 et
744 535 1044 578 inextricabilis
1060 550 1198 576 error:

168 593 377 649 Magnum
396 596 553 650 reginae
576 595 651 636 sed
671 594 780 635 enim
800 594 1020 634 miseratus
1037 607 1221 633 amorem

168 651 386 702 Daedalus,
406 653 496 706 ipse
517 651 636 693 dolos
656 651 758 692 tecti
778 651 1062 705 ambagesque
1082 649 1263 699 resolvit,

169 707 295 750 Caeca
314 724 463 764 regens
481 709 553 750 filo
573 708 764 763 vestigia.

824 707 897 748 Tu
917 721 1087 762 quoque
1103 721 1298 760 magnam
1561 707 1617 749 30

171 764 342 807 Partem
358 781 485 821 opere
506 767 549 806 in
568 772 700 814 tanto,
723 766 878 805 sineret
898 764 1034 813 dolor,
1056 764 1189 813 Icare,
1211 763 1405 806 haberes,

173 822 250 863 Bis
270 830 445 864 conatus
466 829 557 864 erat
576 836 697 864 casus
718 822 918 876 effingere
939 821 982 861 in
1003 835 1118 869 aum,

173 878 248 920 Bis
269 880 417 934 patriae
438 879 628 920 cecidere
648 893 811 919 manus.

872 877 990 924 Quin
1010 885 1214 932 protenus
1236 878 1373 919 omnia

174 935 449 991 Pei-legerent
465 936 609 985 oculis,
631 936 674 976 ni
688 936 777 990 jam
796 936 1037 990 praemissus
1054 934 1244 976 Achates

173 992 355 1042 Afforet,
377 1000 503 1046 atque
524 1008 608 1034 una
629 992 787 1033 Phoebi
807 992 1049 1045 Triviaeque
1071 993 1280 1041 sacerdos,

1565 995 1590 1034 ἰαῦ

1595 994 1620 1032 22(

174 1050 405 1104 Deiphobe
429 1050 597 1099 Glauci,
619 1049 732 1090 fatur
749 1065 843 1103 quae
863 1049 963 1089 talia
983 1049 1094 1103 regi:

174 1105 278 1147 Non
297 1106 380 1147 hoc
401 1107 480 1148 ista
499 1107 578 1148 sibi
597 1114 763 1160 tempus
785 1105 1027 1160 spectacula
1047 1106 1205 1160 poscit3

177 1162 305 1204 Nunc
326 1179 455 1218 grege
477 1165 530 1204 de
553 1165 710 1204 intacto
733 1171 895 1216 septem
916 1170 1099 1203 mactare
1115 1164 1320 1217 juvencos

178 1219 440 1270 Praestiterit,
459 1221 634 1261 totidem
650 1219 778 1260 lectas
800 1220 853 1260 de
873 1234 989 1260 more
1011 1220 1217 1260 bidentes,

234 1276 413 1318 Talibus
434 1277 562 1318 affata
581 1276 753 1319 AEnean
773 1276 867 1329 (nec
889 1291 1007 1317 sacra
1024 1284 1240 1317 morantur
1570 1279 1625 1318 110

177 1333 307 1375 Jussa
325 1335 430 1387 viri).

492 1334 685 1376 Teucros
706 1340 828 1374 vocat
848 1332 932 1374 alta
952 1334 994 1373 in
1014 1333 1170 1388 templa
1186 1334 1395 1375 sacerdos.

180 1390 384 1432 Excisum
402 1391 608 1432 Euboicae
628 1390 738 1431 latus
758 1391 906 1444 ingens
927 1390 1045 1444 rupis
1066 1391 1108 1431 in
1128 1397 1306 1440 antrum,

181 1517 278 1547 valvis
294 1528 333 1547 ex
343 1518 480 1553 adversa,
494 1519 737 1557 opposita‚parte
753 1527 883 1557 expres-

183 1567 216 1585 sa
233 1561 290 1586 est.
315 1556 438 1586 crudelis
457 1566 550 1590 amor,
575 1557 738 1591 violentus,
761 1561 794 1586 ut
809 1556 883 1585 alias

182 1606 286 1629 samus,
301 1596 331 1624 h.
346 1606 362 1624 e
376 1605 510 1633 maguus,
524 1596 642 1624 nimius.
655 1597 884 1634 supposmsurto

184 1644 238 1672 pro
254 1634 412 1673 supposita
426 1639 510 1662 tauro
527 1634 674 1667 adultem,
689 1645 743 1672 per
756 1635 883 1663 furtum:

183 1676 302 1710 κρυφίοις·
315 1677 413 1708 γάμοις’
426 1675 548 1707 μιγεῖσα,
564 1683 602 1702 ex
616 1678 687 1702 nota
699 1673 811 1702 Musaei
824 1674 885 1701 sor-

184 1712 413 1746 mula.-iu.est,
449 1715 599 1749 tamquam
626 1722 696 1750 pars
722 1713 887 1750 argumenti

184 1754 249 1779 erat
264 1760 420 1789 expressa·
456 1749 579 1779 Veneris
591 1755 772 1779 ἨιοῚῑΊιΊΠΕῙΙῙα
785 1752 887 1788 nesun-

184 1788 240 1823 ‹loe,
261 1794 365 1827 partus
388 1788 506 1818 nefandi
532 1789 650 1818 amoris.
696 1790 764 1817 Non
792 1790 887 1818 aliter.

186 1827 267 1856 Nota
289 1831 337 1857 est
357 1827 396 1856 de
421 1827 594 1856 Minotauro
615 1827 727 1861 fabula,
750 1827 778 1855 in
800 1828 887 1865 cujus

184 1866 431 1904 interpretatione
445 1870 619 1904 argutantur
631 1867 744 1904 passim
758 1869 886 1900 veteres,

186 1904 275 1933 etlam
290 1905 327 1933 ad
335 1905 394 1934 h.l.
407 1904 671 1942 Simplicissimum
685 1911 732 1933 est
745 1908 887 1940 statuere,

185 1953 224 1972 ex
232 1947 303 1972 noto
311 1943 422 1977 Cretae,
432 1943 543 1973 Sicilia:
552 1947 582 1972 et
591 1944 702 1977 Italiae,
711 1944 888 1973 emblemate

184 1982 304 2011 ductam
319 1993 384 2011 eam
398 1992 476 2016 esse,
491 1983 571 2020 quod
586 1983 710 2021 figuram
725 1983 802 2011 tauri
821 1993 888 2011 cum

187 2021 285 2059 capite
307 2021 366 2050 viri
385 2021 501 2050 barbati
514 2021 654 2057 exhibet3
676 2021 741 2050 sive
755 2022 784 2050 id
798 2021 888 2059 patrii

189 2059 272 2088 fluvii
291 2059 457 2098 symbolum
473 2060 523 2094 sit,
543 2060 574 2089 id
589 2060 669 2098 quod
691 2060 889 2098 probabilius,

189 2097 263 2132 sive,
280 2099 360 2136 quod
374 2098 424 2127 alii
438 2102 555 2137 putant,
572 2099 686 2128 Bacchi
702 2110 754 2128 seu
767 2099 891 2132 Ebonis,

187 2135 216 2165 h.
231 2146 258 2165 e.
272 2137 361 2165 Solis.
388 2138 466 2166 Sunt
479 2147 598 2175 quoque
611 2138 663 2175 qni
677 2138 714 2167 ad
729 2138 891 2167 arationem

190 2178 220 2203 et
246 2175 430 2204 fertilitatem
448 2186 586 2214 agrorum
603 2177 742 2206 referant.
783 2177 890 2206 Adhuc

191 2213 360 2251 subjudice
375 2213 413 2242 lis
428 2219 487 2250 est,
498 2215 536 2244 cf.
551 2215 644 2244 Obss.
656 2216 693 2244 ad
708 2214 849 2254 Apollod.
861 2226 891 2254 p.

190 2252 336 2280 ziz-27
349 2252 550 2290 Labyrinthus
565 2254 686 2283 Daedali
698 2264 774 2293 opus
788 2254 817 2282 in
831 2255 891 2283 Pa-

192 2290 315 2328 siphaes
335 2290 459 2329 gratiam
476 2296 659 2330 susceptum.
682 2298 716 2322 ut
740 2293 891 2322 Minotau-

191 2339 243 2358 rus
258 2329 288 2358 in
303 2339 338 2358 eo
353 2330 594 2359 absconderetur.
636 2332 686 2360 Sic
701 2332 794 2361 Ovid.
806 2332 889 2360 VIII

194 2368 271 2397 Met.
288 2369 355 2397 157.
368 2368 484 2406 Hygia.
500 2369 520 2397 f.
532 2370 570 2398 40
584 2370 804 2407 Apollod.1ss,
820 2372 849 2405 l,
861 2373 890 2405 4,

193 2407 284 2441 15,8.
307 2407 396 2444 Apud
417 2407 584 2436 Homerum
607 2409 753 2438 Daedalus
774 2410 802 2438 in
824 2409 894 2438 Ari-

193 2445 279 2474 adnae
314 2445 419 2474 ratiam
433 2446 554 2474 chorum
571 2456 623 2475 seu
638 2448 822 2477 saltationem
836 2449 893 2477 La-

192 2484 294 2520 byrint
316 2484 472 2513 osimilem
483 2483 633 2514 effinxisse
647 2491 783 2515 narratur
803 2487 841 2521 ΙΙ,
862 2501 891 2521 σ,

193 2523 250 2550 595
263 2533 342 2561 sqq„
355 2533 442 2561 quem
454 2523 552 2552 locum
567 2523 692 2560 respicit
703 2525 849 2561 Virgilius
864 2526 894 2554 h.

190 2561 213 2588 l.
228 2564 258 2589 et
272 2571 339 2600 sup.
353 2562 392 2596 V,
412 2563 470 2591 5&ss
489 2572 566 2599 sqq.,
590 2571 679 2599 quem
702 2565 812 2593 confer.
852 2565 894 2593 At

193 2609 271 2628 nunc
286 2599 316 2628 in
331 2600 448 2638 νρῃὶηω,
463 2600 542 2638 regis
560 2601 674 2629 Minois
689 2601 769 2637 filiae,
789 2603 895 2632 Ariad-

197 2647 254 2671 nae,
289 2639 415 2675 gratiam
444 2639 590 2668 Daedalus
619 2639 735 2669 Theseo
761 2642 818 2670 iter
841 2652 895 2679 per

197 2677 414 2715 Labyrinthum
430 2678 479 2707 filo
495 2678 684 2713 monstravit,
698 2680 778 2715 quod
794 2681 894 2709 inven-

195 2718 257 2745 tum
271 2715 323 2746 alii
336 2718 434 2755 poe'tae.
450 2717 487 2748 ad
514 2717 654 2747 Ariadnae
677 2718 828 2748 solertiam
849 2729 894 2747 rc·

923 1517 1033 1546 ferunt.
1053 1519 1112 1547 doli
1125 1522 1154 1547 et
1168 1518 1311 1556 ambages,
1334 1519 1433 1548 flexus
1457 1521 1513 1549 viae
1530 1525 1559 1550 ct
1581 1533 1626 1551 er-

923 1566 1006 1585 rores
1021 1557 1208 1595 Labyrinthi.
1247 1559 1316 1587 Hos
1335 1557 1462 1592 resolvit,
1484 1560 1582 1589 reditu
1597 1566 1628 1590 et

924 1605 1046 1633 egressu
1060 1600 1232 1625 monstrato.
1242 1606 1327 1630 coeca,
1343 1597 1430 1625 etiam
1444 1597 1473 1626 h.
1486 1598 1505 1626 l.
1517 1600 1628 1628 obscu-

923 1644 967 1667 ra,
980 1634 1127 1672 ambigua,
1153 1639 1296 1667 δυσνόητα,
1321 1635 1398 1673 regit
1420 1636 1470 1665 ille
1496 1637 1628 1674 glomere

924 1672 980 1701 iter
1002 1673 1156 1702 incertum.
1178 1674 1329 1702 Versuum
1349 1675 1464 1703 30—33
1489 1676 1526 1704 de
1543 1678 1629 1706 Icaro

926 1711 1104 1740 suavitatem
1119 1718 1150 1740 et
1169 1712 1230 1740 vim
1245 1712 1331 1741 facile
1353 1713 1448 1742 sentis
1464 1724 1502 1743 ex
1519 1716 1629 1745 affectu

926 1753 956 1778 et
979 1760 1015 1778 ex
1039 1751 1220 1788 apostrophe
1251 1751 1287 1779 ad
1318 1751 1438 1780 Icarum
1466 1754 1630 1790 proficisci.

926 1788 1027 1817 Verba
1041 1790 1194 1817 Ausonius
1207 1789 1339 1818 imitatus
1351 1794 1398 1818 est
1412 1791 1441 1819 iu
1458 1792 1588 1821 Mosella
1601 1804 1630 1822 v.

926 1827 983 1855 300
998 1827 1163 1864 δεμ-ῥιπὴ
1183 1832 1333 1866 protenus.
1372 1833 1424 1857 Καὶ
1448 1833 1500 1865 μὴν
1522 1835 1577 1865 καὶ,
1600 1836 1631 1861 et

927 1874 999 1894 vero
1028 1876 1099 1895 sane
1126 1866 1239 1905 reliqua
1265 1877 1383 1905 quoque
1404 1868 1489 1904 signa
1510 1871 1630 1907 perlus-

927 1908 1060 1933 trassent
1072 1905 1170 1934 onmia
1179 1916 1235 1943 per
1250 1906 1400 1943 synizesiu
1408 1907 1513 1937 ell'eras
1522 1910 1630 1944 omnia,

926 1943 1042 1972 ——Mox
1057 1954 1086 1972 v.
1101 1945 1139 1973 38
1148 1954 1235 1983 yreye
1249 1945 1282 1973 de
1294 1944 1413 1979 intacto,
1435 1956 1525 1985 grege
1539 1948 1630 1976 boum

923 1982 997 2019 jugo
1012 1982 1189 2011 intactorum
1204 1994 1210 2011 ε
1236 1984 1291 2011 Ge.
1307 1984 1365 2017 IV,
1385 1985 1442 2013 5210
1466 1985 1573 2014 intacta
1587 1991 1631 2015 to-

927 2013 1011 2049 tidem
1032 2021 1139 2050 cervice
1158 2023 1308 2059 juvencas.
1349 2023 1506 2060 Deiphobe
1533 2029 1631 2054 autem

931 2059 1037 2087 Glauci
1052 2060 1112 2087 filia
1124 2070 1179 2088 non
1196 2061 1272 2089 male
1286 2060 1395 2095 editur,
1419 2062 1555 2099 quoniam
1578 2063 1630 2093 ille

930 2098 1007 2126 inter
1021 2098 1093 2126 deos
1108 2098 1246 2127 fatidicos
1262 2099 1436 2127 habebatur.

969 2138 1007 2165 42
1024 2147 1089 2175 sqq.
1106 2138 1253 2165 Locorum
1269 2137 1358 2165 situm
1372 2142 1403 2166 et
1416 2139 1521 2167 faciem
1541 2139 1631 2177 plane

930 2175 1058 2213 legentis
1080 2176 1176 2204 aninlo
1198 2176 1329 2213 eripiunt
1346 2176 1538 2214 interpreteS‚
1559 2179 1632 2208 dum

932 2215 981 2242 hic
996 2219 1113 2243 antrum
1130 2214 1159 2242 in
1173 2214 1264 2252 adyto
1279 2215 1385 2252 templi
1395 2215 1423 2243 in
1433 2216 1558 2244 Cumani
1568 2217 1631 2246 col-

931 2253 968 2282 lis
983 2253 1076 2282 latere
1093 2253 1223 2290 positum
1235 2263 1301 2281 esse
1315 2257 1432 2291 putant.
1472 2254 1632 2294 Templum

931 2287 1082 2330 Apollinis
1097 2295 1162 2320 erat
1174 2292 1266 2320 monti
1282 2292 1465 2330 impositum,
1493 2293 1544 2331 qui
1558 2304 1630 2323 mox

931 2331 999 2359 urbi
1021 2340 1076 2369 pro
1101 2330 1233 2368 acropoli
1253 2330 1319 2358 fuit.
1361 2330 1451 2366 Quod
1469 2341 1546 2361 nunc
1570 2343 1632 2362 me-

931 2374 1094 2402 morantur,
1115 2373 1229 2397 antrnm
1249 2368 1380 2407 Sibyllae,
1404 2369 1433 2398 in
1450 2370 1545 2400 latere
1566 2373 1632 2410 ejus

933 2409 1041 2437 montis
1066 2409 1213 2441 excisum,
1238 2417 1295 2435 non
1325 2407 1413 2446 longe
1441 2410 1477 2438 ab
1505 2420 1540 2439 eo
1565 2411 1632 2440 loeo

934 2447 1040 2476 abesse
1054 2451 1182 2485 poterat.
1222 2446 1271 2474 Ad
1287 2446 1415 2483 hocjam
1428 2457 1467 2476 ex
1481 2449 1632 2486 Apollinis

933 2486 1044 2523 templo
1063 2485 1184 2514 abducit
1201 2484 1316 2522 Sibylla
1336 2485 1474 2516 AEneam.
1514 2488 1635 2518 Fallunt

933 2524 1016 2553 viros
1032 2524 1136 2552 doctos
1157 2523 1217 2552 alta
1238 2523 1353 2562 templa,
1383 2535 1449 2563 quae
1474 2536 1551 2555 nunc
1575 2537 1632 2555 non

934 2567 1003 2591 sunt
1017 2562 1175 2600 Apollonis
1188 2561 1280 2596 mdes,
1296 2563 1350 2591 sed
1367 2567 1482 2592 antrum
1496 2565 1637 2604 Sibylla»,

935 2601 1149 2636 navatem—42
1158 2599 1296 2629 Euboica»
1312 2601 1404 2640 rupis,
1415 2604 1557 2632 montium
1571 2605 1631 2632 Cu-

935 2650 1098 2672 manorum,
1114 2650 1142 2667 v.
1157 2640 1193 2668 ad
1202 2641 1270 2674 v.2,
1284 2640 1313 2668 in
1329 2641 1438 2678 quibus
1450 2646 1497 2670 est
1506 2647 1634 2671 antrum.

936 2680 1050 2708 Ornata
1071 2678 1148 2707 dixi«
1171 2678 1246 2706 latus
1266 2680 1369 2708 montis
1387 2680 1510 2709 excisum
1524 2691 1593 2709 esse
1605 2681 1635 2709 in

935 2722 1048 2747 antrum
1063 2716 1317 2756 inyerts.—-adilus,
1341 2722 1424 2757 puta,
1452 2720 1635 2749 subterranei
