1796 3077
612 190 625 211 7

207 231 236 271 2
611 219 650 255 Ρ.
682 218 911 255 VlltfflLil
946 218 1204 255 MARONIS.

206 356 291 379 eum
307 350 442 387 tamen,
463 342 539 379 sive
556 356 623 378 suo
639 342 717 378 sive
734 340 853 378 Asinii
875 340 1052 377 Pollionis
1073 339 1239 383 consilio,
1260 338 1418 376 Romam
1437 338 1647 388 profectum

205 397 252 432 ab
284 396 458 444 Angusto
488 394 704 436 obtinuisse,
734 403 773 430 ut
802 393 882 441 agri
912 393 981 429 sibi
1011 393 1318 436 restituerentur;
1349 405 1424 441 qua
1441 392 1488 428 de
1506 405 1546 428 rc
1571 392 1646 429 vid.

207 448 334 485 Vitam
361 448 469 497 Virg.
499 461 531 483 a.
564 450 659 491 7133
693 456 733 483 ut
763 446 856 482 adeo
882 445 952 482 sub
983 446 1104 495 Tityri
1131 458 1291 494 persona
1322 458 1427 481 suam
1460 445 1646 482 fortunam

204 506 316 550 poeta
333 500 623 538 adumbraverit.
682 499 808 548 Atque
827 512 869 535 ea
883 497 963 548 jam
984 507 1150 536 veterum
1180 498 1305 547 opinio
1332 498 1414 535 fuit.
1443 511 1479 534 v.
1507 497 1647 534 Neme-

204 554 295 591 sian.
327 553 411 591 Ecl.
442 553 492 595 II,
523 556 597 588 82:
628 551 807 603 Calpurn.
826 551 893 587 IV.
930 555 1023 589 162:
1053 552 1182 588 Sidon.
1214 551 1280 588 lib.
1310 551 1342 587 1.
1373 551 1481 600 epist.
1517 554 1564 594 5;
1606 561 1648 588 ut

204 606 501 656 Quinc-tilianum
531 614 685 642 taceam.
743 605 844 646 Quae
875 618 933 641 res
962 606 1056 642 bene
1086 619 1125 641 se
1148 605 1286 640 habere
1304 612 1440 654 potest,
1469 604 1648 641 modone

202 659 383 708 alicgoria
401 658 447 695 ad
466 671 595 695 onmes
614 671 744 695 versus
763 666 799 694 et
819 658 933 694 verba
951 658 1098 707 singula
1117 657 1411 694 circumferatur.

256 712 380 748 Locus
411 719 547 755 autem,
577 711 613 747 in
642 724 717 759 quo
750 719 919 760 pastores
948 711 1248 753 confabulantur,
1278 721 1334 746 cst
1354 710 1402 746 ad
1432 711 1647 747 umbrosam

203 764 331 813 fagum
350 766 386 801 in
404 764 488 800 loco
507 764 704 800 arboribus
724 764 880 806 consito,
910 764 980 799 sub
1000 777 1074 812 qua
1088 763 1244 811 Tityrus
1259 764 1441 799 recubans
1454 764 1648 813 pastoritio

203 826 313 854 cantu
346 817 463 854 otium
499 816 694 860 consumit,
737 816 826 853 dum
864 829 1019 864 gregem
1056 824 1240 852 errantem
1277 816 1471 865 prospicit.
1525 815 1649 853 Versu

203 881 327 907 tamen
359 873 510 907 552—59
544 869 755 906 accuratius
790 868 1014 905 describitur
1045 868 1116 905 loci
1148 877 1381 918 prospectus.
1449 868 1512 906 Ad
1544 877 1648 906 tanto

201 923 381 972 majorem
412 923 464 959 rei
488 922 763 972 jucunditatem
793 922 881 958 facit
910 922 1096 958 contraria
1122 921 1275 958 alterius
1306 922 1467 971 pastoris
1498 922 1648 959 fortuna

200 975 432 1019 miserabilis,
473 989 548 1025 qua
579 975 669 1012 nihil
701 974 875 1012 disertius
906 975 954 1011 ad
984 974 1106 1024 Tityri
1138 975 1352 1012 felicitatem
1388 975 1647 1012 illustrandam

202 1029 701 1078 commemoraripotuisset.
758 1027 812 1064 H.

254 1081 436 1131 Virgilius
457 1081 678 1126 Octaviano,
707 1082 770 1130 qui
791 1080 962 1125 fundum,
983 1094 1095 1130 quem
1115 1080 1176 1117 ille
1196 1081 1232 1117 in
1251 1094 1343 1130 agro
1363 1081 1516 1118 Andino
1531 1080 1646 1118 habc-

202 1135 276 1178 bat,
305 1135 485 1172 intactum
506 1143 742 1172 servaturum
771 1147 810 1170 se
831 1147 913 1171 esse
936 1135 1170 1184 promiserat,
1199 1144 1349 1183 gratum
1380 1135 1452 1171 hoc
1481 1134 1646 1170 carmine

198 1201 268 1237 pro
288 1196 401 1231 tanta,
433 1201 507 1236 qua
527 1188 608 1231 sibi,
638 1187 728 1224 dum
750 1187 861 1224 vicini
879 1188 1015 1224 misere
1044 1187 1345 1236 possessionibus
1364 1188 1441 1224 suis
1466 1188 1645 1223 exturba-

197 1250 338 1285 rentur,
377 1241 449 1277 frui
478 1241 607 1278 liceret
635 1240 823 1283 felicitate,
856 1240 1023 1277 animum
1050 1240 1254 1283 testificari,
1292 1249 1329 1277 et
1352 1240 1502 1289 juvenis
1533 1239 1646 1276 fidem

197 1294 434 1343 obstringere
463 1294 627 1331 voluisse
658 1294 747 1330 mihi
776 1293 939 1330 videtur.
995 1293 1120 1335 Quem
1150 1294 1263 1329 animi
1295 1293 1472 1330 affectum
1499 1292 1647 1342 Tityro,

196 1345 286 1383 olim
307 1360 427 1391 servo,
456 1347 588 1384 eodem
607 1346 723 1383 ferme
740 1357 919 1396 tempore,
941 1360 1016 1395 quo
1030 1347 1113 1384 haec
1127 1360 1149 1383 a
1165 1345 1316 1383 Caesare
1330 1355 1437 1383 erant
1450 1346 1646 1396 promissa,

197 1400 437 1444 manumisso,
466 1400 607 1449 duplici
631 1408 711 1436 tum
740 1399 871 1436 laetitia
900 1408 1087 1449 percepta,
1116 1408 1153 1436 et
1178 1414 1226 1436 ex
1248 1399 1421 1437 libertate
1448 1399 1587 1436 donata
1609 1407 1647 1436 et

196 1465 245 1489 ex
279 1466 372 1503 agro
408 1453 515 1490 herili
551 1462 710 1497 servam,
753 1453 957 1490 exsultanti
999 1454 1138 1490 urbane
1180 1453 1366 1496 tribuisse,
1408 1452 1647 1502 carmineque

196 1506 403 1555 pastoritio,
434 1506 544 1555 quale
562 1520 681 1555 genus
713 1515 793 1543 tum
824 1506 886 1543 ille
918 1508 1113 1551 tractabat,
1150 1514 1237 1556 apte
1266 1506 1499 1555 exposuisse,
1536 1518 1646 1542 nemo

196 1558 306 1595 facile
324 1559 489 1607 negabit.
548 1559 651 1595 Hinc
669 1568 835 1608 apparet.
867 1572 933 1595 cur
953 1559 1109 1608 Tityrus
1135 1559 1257 1608 magis
1285 1559 1332 1595 de
1362 1572 1454 1608 agro
1485 1567 1645 1603 servato,

195 1624 308 1660 quam
343 1611 389 1648 de
424 1611 595 1648 libertate
630 1620 785 1660 accepta
820 1612 994 1655 laetetur;
1033 1620 1071 1648 et
1103 1625 1169 1648 cur
1204 1625 1240 1649 v.
1281 1615 1343 1649 10.
1381 1612 1482 1649 illam
1519 1611 1646 1648 statim

195 1663 368 1701 beneficii
397 1673 541 1714 partem
583 1664 788 1714 praedicet:
837 1664 989 1708 Ludere,
1016 1678 1099 1714 qzcae
1128 1665 1264 1709 vellem,
1304 1665 1447 1701 calamo
1480 1665 1646 1715 permisit

192 1717 345 1767 agresti.
404 1717 565 1754 Animus
594 1717 692 1753 enim
722 1715 822 1753 curis
852 1729 977 1754 rerum
1002 1718 1296 1755 necessariarum
1316 1726 1476 1755 vexatus
1494 1718 1541 1754 ad
1564 1731 1645 1754 car-

193 1770 294 1806 mina
312 1769 536 1806 incalescere
554 1769 697 1818 nequit.
755 1768 979 1818 Distinguas
1000 1779 1127 1806 autem
1146 1771 1257 1807 velim
1287 1771 1482 1808 dominum
1508 1770 1645 1820 Tityri,

195 1822 410 1871 Virgilium,
440 1830 478 1859 et
512 1823 593 1873 agri
624 1822 761 1859 servati
795 1829 1001 1866 auctorem,
1042 1821 1308 1860 Octavianum.
1379 1823 1541 1860 Carmen
1578 1836 1644 1860 au-

194 1883 324 1912 tumno
356 1875 442 1912 anni
475 1878 563 1913 713.
594 1874 775 1924 scriptum
804 1887 897 1919 esse,
932 1888 980 1912 ex
1007 1875 1179 1912 versibus
1211 1879 1272 1916 72.
1300 1883 1338 1913 et
1375 1879 1436 1912 81.
1465 1876 1642 1926 probabi-

192 1927 277 1965 liter
296 1928 449 1978 collegit
467 1927 520 1965 H.
549 1928 725 1966 Vossius.
782 1927 841 1963 W.

546 2085 912 2128 MELIBOEUS.
974 2087 1268 2129 TITYRUS.

248 2196 369 2237 MEL.
402 2194 563 2250 Tityre,
595 2203 640 2236 tu
661 2195 815 2249 patulae
836 2198 1041 2238 recubans
1062 2199 1140 2239 sub
1162 2200 1343 2253 tegmine
1365 2198 1450 2252 fagi
1621 2201 1636 2239 l

191 2253 431 2295 Silvestrem
451 2253 566 2293 tenui
589 2252 758 2293 Musam
778 2253 990 2295 meditaris
1011 2270 1163 2296 avena:

224 2385 239 2413 1
249 2383 429 2413 Meliboeum
441 2386 646 2421 putagregem
659 2388 727 2413 ante
740 2394 772 2413 sc
785 2385 902 2421 agendo
942 2385 1097 2423 epitheton
1109 2387 1213 2421 lenuis,
1231 2398 1271 2416 ex
1286 2391 1392 2416 natura
1405 2387 1498 2418 culmi
1514 2388 1644 2427 petitum

187 2423 334 2452 accedere
360 2422 396 2450 ad
422 2422 571 2460 Tityrum,
600 2426 746 2458 βουκόλον,
766 2423 824 2461 (qui
847 2424 899 2452 bo·
940 2434 997 2453 non
1025 2435 1042 2453 a
1069 2426 1210 2454 carminis
1241 2426 1355 2455 indole.
1381 2426 1424 2455 II.
1455 2427 1494 2456 cf.
1525 2427 1582 2459 vl,
1613 2427 1641 2456 S.

187 2472 240 2491 ves
263 2462 420 2500 pascebat,
443 2470 471 2488 v.
489 2460 719 2499 ctu—Tityrum
742 2461 899 2491 silvestrem
937 2463 1091 2501 Ayrestem
1103 2465 1181 2492 tenni
1194 2465 1348 2494 meditabor
1362 2466 1501 2495 arundine
1514 2465 1644 2494 Musam.

185 2501 313 2534 Musam,
341 2509 460 2528 carmen
481 2499 687 2537 pastoritium,
714 2500 787 2544 (per
808 2501 897 2529 silvas
937 2502 1053 2531 Versus
1068 2503 1183 2540 primus
1197 2505 1296 2542 poetae
1309 2505 1365 2533 Ge.
1380 2505 1438 2539 IV,
1451 2505 1519 2533 566.
1533 2505 1643 2533 obver-

185 2539 262 2568 enim
278 2542 384 2568 aestate
398 2548 507 2576 greges
521 2542 651 2576 pascunt
665 2539 749 2573 Itali,
769 2540 808 2568 cs.
826 2540 891 2569 Ecl.
932 2545 1016 2569 satus
1044 2545 1101 2570 est.
1127 2541 1173 2570 W.
1188 2560 1225 2564 —
1239 2544 1258 2571 4
1279 2543 1381 2582 Fuyit,
1401 2548 1503 2580 φεύγει,
1524 2543 1562 2578 is,
1589 2543 1641 2581 qui

186 2578 242 2612 Vl,
261 2579 290 2607 2.
313 2577 354 2607 Et
368 2576 529 2606 Lucretius
543 2577 602 2611 IV,
621 2579 690 2606 593.
726 2577 891 2607 Silvestrem
931 2579 1098 2617 expellitur
1113 2584 1143 2609 et
1158 2581 1290 2615 exsulat,
1310 2589 1343 2611 ut
1365 2582 1394 2610 h.
1414 2582 1434 2610 l.
1454 2581 1639 2616 Meliboeus3

184 2617 311 2650 Musam,
340 2615 432 2645 dixit.
473 2616 536 2653 W.)
565 2616 707 2650 meditari,
742 2627 889 2647 exercere
928 2617 1031 2653 lenens,
1043 2620 1160 2648 otiosus
1175 2624 1205 2648 et
1218 2630 1355 2649 securus.
1375 2619 1418 2648 H.
1447 2620 1641 2658 Amaryllida.

181 2662 311 2690 μελετᾶν,
324 2655 360 2684 'h.
376 2665 403 2683 e.
422 2654 524 2683 cantui
549 2664 617 2683 eum
641 2665 762 2688 vacare.
790 2656 888 2685 indul·
928 2657 1035 2686 bonam
1055 2659 1301 2688 contubernalem
1321 2658 1429 2695 Tityri,
1454 2668 1554 2688 amore
1574 2660 1640 2697 ejus

184 2705 254 2731 gere
271 2695 324 2729 ait,
344 2698 375 2722 et
388 2692 510 2731 quidem
524 2693 603 2721 tenui
612 2704 713 2727 auena,
727 2699 759 2722 ut
774 2697 890 2724 culinus
930 2696 1097 2726 commodis
1113 2698 1219 2727 sedulo
1233 2696 1478 2736 prospicientem.
1504 2696 1551 2725 W.

182 2742 236 2770 pro
266 2733 364 2761 fistula
398 2732 447 2762 sit.
477 2743 505 2761 v.
535 2732 601 2761 Eol.
628 2733 691 2767 ΙΙΙ,
718 2734 766 2762 27.
794 2734 888 2762 Ornat

1786 2894 1796 2929 Η
