1796 3077
552 243 821 282 AENEIDOS.

115 365 326 406 Protenus
348 364 619 406 Orsilochum
640 372 682 405 et
703 365 860 413 Buten,
884 364 970 405 duo
985 365 1166 406 maxima
1184 365 1401 409 Teucrum

865 245 965 282 LIB.
996 245 1068 282 XI.
1470 256 1565 302 615

1489 369 1574 409 690

114 421 328 474 Corpora:
362 422 437 462 sed
459 421 602 461 Buten
619 436 810 461 aversum
833 421 1008 474 cuspide
1029 422 1124 462 fixit

114 477 311 517 Loricam
331 477 579 530 galeamque
600 478 723 524 inter,
745 491 829 529 qua
851 476 957 516 colla
979 478 1163 519 sedentis

114 532 294 580 Lucent,
317 541 359 573 et
378 532 484 573 laevo
507 533 723 586 dependet
742 547 890 586 parma
911 532 1068 573 lacerto
1086 551 1095 582 3

112 587 400 637 Orsilochum,
424 589 590 642 fugiens
611 602 894 641 magnumque
914 589 1072 642 agitata
1093 604 1171 643 per
1192 590 1353 640 orbem,

112 643 265 685 Eludit
281 659 388 698 gyro
408 645 595 693 interior,
618 644 894 697 sequiturque
916 653 1179 698 sequentem,

1492 645 1578 686 695

111 700 227 740 Tum
249 701 429 741 validam
452 715 614 755 perque
635 715 750 740 arma
771 714 859 739 Vlro
880 715 1042 754 perque
1065 717 1161 742 ossa
1182 702 1373 751 securim,

112 755 254 796 Altior
275 771 522 810 exsurgens,
545 756 681 796 oranti
703 763 745 795 et
765 755 895 796 multa
912 759 1103 809 precanti

113 812 394 865 Congeminat
414 829 422 852 ε
455 812 606 851 vulnus
627 810 763 851 calido
784 812 895 864 rigat
915 827 990 852 ora
1010 814 1200 854 cerebro.

110 867 266 908 Incidit
285 868 397 916 huic,
426 868 652 919 subitoque
675 875 851 919 aspectu
874 869 1045 908 territus
1066 868 1203 917 haesit,

111 922 465 976 Appenninicolae
485 922 665 963 bellator
683 921 795 962 filius
816 922 946 971 Auni,

109 978 246 1018 Haud
268 979 478 1032 Ligurum
499 986 728 1026 extremus,
751 978 851 1017 dum
874 978 1017 1020 fallere
1037 980 1124 1020 fata
1141 981 1333 1021 sinebant
1351 998 1362 1030 ς

110 1033 251 1088 Isque,
273 1035 347 1075 ubi
366 1049 409 1075 se
430 1034 544 1074 nullo
560 1035 648 1087 jam
670 1048 798 1073 cursu
819 1035 1000 1076 evadere
1021 1051 1177 1090 pugnae

112 1090 261 1139 Posse,
283 1105 421 1143 neque
443 1091 667 1130 instantem
688 1091 875 1143 reginam
898 1098 1101 1141 avertere,
1126 1093 1259 1132 cernit
1277 1108 1285 1131 :

111 1145 297 1187 Consilio
319 1161 487 1186 versare
509 1145 629 1185 dolos
651 1146 866 1198 ingressus
889 1154 931 1186 et
953 1155 1062 1196 astu,

111 1201 266 1255 Incipit
287 1202 378 1242 haec
397 1218 406 1241 ε
439 1201 559 1247 Quid
580 1208 665 1240 tam
687 1202 918 1253 egregium,
942 1203 975 1241 si
997 1202 1151 1242 femina
1172 1202 1271 1242 forti

1491 1203 1577 1243 705

110 1257 231 1298 Fidis
252 1259 391 1311 equo?
424 1257 587 1297 dimitte
610 1256 766 1309 fugam,
789 1263 831 1295 et
852 1264 892 1296 te
915 1259 1145 1298 comminus
1167 1273 1290 1310 aequo
1327 1282 1334 1285 κ

109 1313 285 1354 Blecum
307 1314 433 1354 crede
455 1312 559 1360 solo,
580 1326 821 1365 pugnaeque
843 1313 1015 1366 accinge
1035 1314 1222 1366 pedestri
1240 1331 1250 1363 3

111 1369 209 1410 ‹Jam
229 1383 391 1417 nosces,
415 1376 588 1409 ventosa
615 1367 723 1406 ferat
743 1368 810 1406 cui
831 1367 965 1420 gloria
986 1369 1167 1409 laudem.

112 1425 262 1473 Dixit3
295 1432 337 1465 at
359 1425 427 1464 illa
449 1424 604 1470 furens,
627 1423 798 1474 acrique
819 1437 996 1463 accensa
1017 1424 1176 1472 dolore,

111 1481 267 1521 Tradit
287 1495 442 1534 equum
463 1479 617 1526 comiti,
637 1478 896 1531 paribusque
914 1480 1070 1522 resistit
1091 1481 1132 1520 in
1150 1479 1288 1528 armis,

1490 1480 1572 1520 710

113 1537 230 1577 Ense
252 1537 384 1590 pedes
405 1537 536 1584 nudo,
561 1548 752 1589 puraque
773 1535 964 1575 interrita
984 1551 1143 1588 parma.

113 1593 176 1634 At
189 1594 371 1646 juvenis,
393 1593 540 1632 vicisse
564 1589 661 1630 dolo
683 1597 811 1638 ratus,
829 1591 967 1630 avolat
986 1593 1092 1645 ipse,

114 1649 247 1690 Haud
267 1663 396 1697 mora,
425 1647 722 1699 conversisque
745 1645 877 1700 fugax
898 1646 1087 1688 aufertur
1108 1647 1297 1695 habenis,

112 1834 221 1862 Bnrm.
246 1832 439 1861 monuit.·—et
462 1842 559 1870 super,
578 1834 712 1872 insuper,
732 1835 824 1871 fictur
859 1832 918 1860 695
937 1842 1011 1869 yyy-o
1034 1832 1166 1864 interior,
1191 1831 1320 1870 ideoque
1339 1833 1376 1860 ab
1396 1832 1475 1860 laeva
1491 1832 1578 1861 Orsi-

110 1872 182 1899 lraee.

150 1911 209 1938 690
229 1910 320 1937 Butes
342 1909 482 1937 diversus
506 1910 635 1939 sortasse
651 1911 687 1939 ab
710 1920 755 1943 e0,
771 1910 821 1948 qui

112 1947 165 1976 lib.
180 1946 244 1980 lX,
259 1949 316 1976 647
333 1957 398 1986 sqq.
412 1954 605 1982 memoratur,
628 1954 657 1977 et
677 1949 712 1976 ab
727 1949 821 1976 altero

111 1985 215 2023 utique
229 1985 268 2019 V,
283 1986 351 2014 372.
395 1984 561 2014 Orsilochus
578 1997 594 2014 e
607 1986 746 2023 Trojanis
757 1987 826 2015 636.

112 2024 210 2052 -692
232 2023 356 2051 sedentis
377 2023 407 2051 in
430 2033 517 2060 equo.
562 2025 630 2052 Non
652 2024 730 2053 enim
749 2024 827 2052 inter

112 2061 178 2090 haec
187 2062 284 2090 omnia
295 2062 391 2090 animo
403 2061 630 2095 dimittendum,
647 2072 700 2090 nos
710 2063 738 2090 in
751 2072 825 2100 pug-

112 2109 150 2127 na
164 2100 297 2137 equestri
316 2099 441 2128 versari.
460 2099 564 2133 lucent,
584 2100 736 2138 eleganter
751 2110 821 2137 pro:

114 2141 260 2174 apparent
275 2138 363 2171 nuda,
386 2141 417 2166 et
431 2138 552 2174 quidem
570 2138 601 2166 in
615 2138 685 2167 loevo
700 2139 825 2167 humero.

115 2175 217 2203 Buten
253 2176 330 2203 enim
362 2175 539 2213 fugientem,
573 2180 602 2204 at
631 2176 827 2205 Orsilochum

113 2213 182 2251 ipsa
197 2213 314 2250 fugiens
329 2213 522 2242 obtruncavit
535 2214 672 2243 Camilla.
726 2214 826 2242 Etiam

117 2251 250 2279 vulneris
264 2251 349 2279 locus
364 2261 426 2279 vss.
443 2252 512 2279 692.
533 2253 590 2280 693
612 2262 747 2281 aversam
761 2261 827 2280 cor-

115 2289 199 2326 poris
227 2294 343 2326 partem
366 2289 440 2317 satis
461 2289 604 2321 declarat.
645 2291 765 2318 Vulnus
784 2291 827 2318 in-

115 2328 211 2355 fertur
227 2337 319 2364 supra
334 2327 488 2355 sinistrum
505 2327 672 2362 humerum,
687 2329 715 2356 in
730 2328 827 2366 ipsam

115 2365 244 2394 cervicis
259 2366 437 2399 vertebram,
456 2375 523 2403 quae
543 2366 689 2395 attollitur
710 2366 828 2404 paullu-

112 2403 176 2431 lum
203 2403 231 2431 in
255 2403 354 2440 capite
372 2403 569 2440 prominente,
591 2405 688 2442 qualis
711 2404 828 2433 habitus

116 2442 249 2470 sedentis
274 2447 332 2470 est.
385 2440 524 2469 Variasse
551 2442 643 2480 igitur
672 2444 763 2480 poeta
787 2443 830 2470 vi-

114 2479 186 2508 deri
220 2480 311 2508 debet
345 2478 453 2506 vulnus
482 2479 609 2508 Hectori
640 2481 676 2508 ab
709 2480 829 2509 Achille

117 2517 233 2546 illatum
256 2517 343 2546 Iliad.
360 2531 388 2551 χ.
407 2517 466 2544 324
482 2526 515 2554 sq
540 2538 547 2545 .
562 2525 592 2546 et
606 2518 703 2556 Cycni
721 2519 828 2547 vulnus

118 2556 155 2584 ab
167 2555 285 2584 Achille
296 2559 450 2592 acceptum
464 2527 658 2592 ap-cliesiod.
669 2557 719 2585 Sc.
734 2556 830 2585 Herc.

116 2594 282 2623 auo—420.
333 2593 470 2630 Utraque
493 2592 561 2621 loca
582 2594 687 2622 sedulo
710 2605 830 2632 compa-

117 2631 221 2660 randa.
262 2632 311 2660 Ex
333 2632 380 2660 his
394 2631 452 2669 ipsi
470 2632 571 2668 poetae
593 2636 723 2660 mentem
747 2642 829 2661 asse-

117 2669 203 2708 quuti
231 2678 344 2699 sumus.
374 2669 414 2698 cf.
448 2669 532 2704 XII,
555 2670 625 2698 381.
653 2670 833 2700 382—694.

861 1869 958 1905 lochi3
981 1871 1037 1907 (cf.
1053 1871 1092 1902 V,
1108 1871 1182 1907 170)
1197 1880 1256 1907 quo
1276 1871 1354 1898 facto
1369 1880 1459 1898 cursu
1475 1880 1575 1908 aequa-

862 1912 893 1936 to
909 1908 961 1936 illa
984 1909 1049 1945 ejus
1068 1907 1154 1936 lateri
1173 1909 1291 1945 juncta.
1314 1908 1424 1936 dextra
1443 1909 1575 1941 sublata,

862 1947 956 1983 capiti
973 1947 1065 1975 ictum
1079 1946 1198 1984 bipenni
1214 1946 1340 1983 infligit:
1361 1948 1485 1974 securim
1511 1956 1576 1974 cou-

863 1984 1001 2020 927712'11115.
1016 1985 1123 2017 ictum,
1146 1984 1266 2012 vulnus.

904 2023 960 2050 701
982 2022 1076 2050 Haud
1089 2022 1233 2060 Liynrum
1249 2026 1402 2054 extremus,
1414 2022 1480 2050 h.e.
1496 2022 1578 2050 frau-

866 2059 915 2093 de,
939 2060 1058 2097 quoties
1086 2069 1122 2088 ea
1146 2061 1190 2088 uti
1213 2060 1334 2091 licebat,
1360 2060 1476 2088 nemine
1502 2060 1579 2088 inter

865 2098 1030 2134 populares
1054 2097 1303 2125 inferiora—702
1329 2098 1448 2125 evadere
1472 2108 1581 2135 puynae

867 2145 965 2172 graece
980 2146 1035 2173 pro
1057 2136 1176 2173 vulgari
1190 2136 1400 2174 pagum—704
1421 2135 1580 2173 ingressus,

866 2183 921 2211 pro
950 2174 1085 2211 pedestri
1110 2184 1283 2211 aggressus,
1313 2173 1452 2206 moliens,
1480 2177 1516 2201 ut
1541 2174 1581 2202 de

867 2211 988 2240 dicente
1017 2212 1074 2245 IV,
1100 2213 1166 2239 107.
1189 2211 1248 2245 VI,
1271 2212 1440 2240 868.—706
1469 2210 1582 2240 dimitte

863 2250 975 2288 fuyam,
997 2259 1117 2278 cussum
1141 2253 1324 2287 equestrem,
1347 2250 1417 2286 equi
1432 2258 1487 2277 usa
1501 2249 1583 2278 velo·

868 2288 1067 2319 citata—708
1085 2288 1237 2324 suiset-at,
1263 2288 1283 2315 i.
1309 2297 1336 2316 e.
1358 2297 1393 2315 an
1417 2286 1472 2315 tibi
1494 2287 1583 2316 ferat.

868 2325 990 2359 laudem,
1018 2327 1112 2354 decus
1138 2335 1175 2354 ex
1196 2325 1320 2354 victoria
1342 2328 1432 2354 κλέος.
1452 2329 1582 2361 ventosa,

869 2374 955 2397 vana,
970 2364 1074 2398 inanis,
1091 2364 1245 2402 gloriatio:
1266 2373 1333 2392 nam
1348 2373 1456 2402 pugnae
1475 2373 1582 2401 eques-

868 2403 924 2431 tris
940 2412 1098 2431 successus
1110 2411 1218 2439 magna
1233 2411 1271 2430 ex
1286 2406 1372 2439 parte
1388 2401 1458 2439 equi
1477 2402 1582 2430 virtuti

869 2441 1118 2469 debetur.—709
1145 2444 1318 2477 comparant
1344 2439 1491 2468 Hectoris
1518 2439 1580 2468 fac-

869 2483 931 2507 tum
948 2479 985 2507 ll.
1005 2482 1031 2511 0,
1055 2479 1112 2507 318
1127 2479 1293 2516 sqq.-710
1309 2477 1444 2516 paribus,
1470 2477 1581 2507 “sicut

869 2520 887 2534 “
905 2522 935 2545 et
957 2518 1020 2553 jain
1036 2516 1119 2544 illurn
1137 2525 1372 2553 congressurum
1393 2517 1481 2553 (non,
1509 2525 1580 2544 con-

869 2560 889 2572 “
909 2556 1063 2592 gressum)
1079 2554 1227 2591 putabat'’
1259 2558 1293 2582 ut
1319 2554 1445 2582 Servius
1467 2557 1579 2582 monet.

868 2592 979 2622 resistit
993 2592 1092 2629 simpl.
1113 2596 1184 2620 stat.
1205 2592 1243 2620 cf.
1259 2593 1315 2621 Ge.
1333 2592 1389 2626 tv,
1409 2592 1486 2620 424:
1509 2591 1579 2619 AEn.

871 2632 930 2664 IV,
957 2631 1116 2659 76.—71l
1149 2640 1256 2668 parma
1277 2640 1366 2668 pura.
1414 2629 1578 2667 Epitheton

871 2669 1001 2698 arbitror
1027 2668 1207 2707 simpliciter
1232 2678 1356 2699 ornare:
1392 2672 1424 2697 ut
1450 2667 1490 2695 sit
1508 2676 1578 2705 par-

1045 2713 1061 2744 1
