1796 3077
148 229 243 276 394

579 227 621 266 P.
653 227 882 266 VIRGILH
915 226 1164 269 MARONIS

157 345 253 390 Nec
271 347 380 389 vires
399 346 574 389 heroum
595 348 816 401 infusaque
837 347 1007 388 flumina
1028 356 1221 402 prosunt.

159 403 272 446 Tum
292 405 386 459 pius
406 403 568 445 AEneas
588 404 772 444 humeris
794 405 1039 445 abscindere
1062 412 1231 455 vestem,

1518 406 1602 449 685

158 459 416 515 Auxilioque
437 475 585 501 vocare
608 461 723 510 deos,
741 468 782 502 et
803 463 975 503 tendere
993 461 1169 516 palmas:

159 517 328 573 Jupiter
344 517 618 571 omnipotens,
640 518 674 559 si
694 519 879 559 nondum
899 533 1052 559 exosus
1073 520 1127 560 ad
1147 534 1276 561 unum

161 574 384 629 Trojanos,
409 574 444 614 si
464 574 565 628 quid
586 575 719 629 pietas
741 576 912 629 antiqua
931 574 1097 616 labores

162 631 354 685 Respicit
373 630 603 681 humanos3
636 632 690 672 da
710 631 916 672 flammam
937 633 1116 674 evadere
1138 631 1259 673 classi

163 687 304 737 Nunc,
325 695 457 742 pater,
475 695 517 729 et
538 696 684 729 tenues
706 688 920 729 Teucrum
941 704 1007 730 res
1028 691 1142 743 eripe
1162 689 1260 730 leto.

1523 691 1608 732 690

163 744 246 785 Vel
266 752 325 794 tu,
346 745 461 798 quod
482 753 685 799 superest,
708 745 859 786 infesto
881 745 1051 787 fulmine
1073 747 1209 796 morti,

165 801 210 842 Si
230 816 405 850 mereor,
427 802 611 851 demitte,
632 809 787 856 tuaque
806 803 875 844 hic
892 804 1024 844 obrue
1046 803 1210 844 dextra.

163 857 250 898 Vix
271 858 362 899 haec
379 859 584 908 ediderat,
606 874 734 913 quum
755 860 896 900 effusis
917 860 1119 900 imbribus
1140 868 1231 900 atra

163 913 416 969 Tempestas
433 916 520 956 sine
540 931 653 956 more
674 916 786 966 furit,
809 917 1050 970 tonitruque
1072 917 1315 958 tremiscunt

164 970 316 1012 Ardua
337 979 553 1021 terrarum,
572 980 614 1014 et
634 975 769 1027 campi
787 990 797 1022 3
829 974 913 1013 ruit
934 974 1092 1014 aethere
1111 981 1200 1014 toto

1525 973 1610 1014 695

165 1027 383 1069 Turbidus
404 1030 535 1069 imber
552 1044 673 1083 aqua,
695 1029 921 1084 densisque
943 1031 1190 1084 nigerrimus
1213 1030 1364 1070 austris
1382 1047 1391 1080 ;

165 1084 481 1140 Implenturque
498 1100 624 1140 super
643 1101 809 1141 puppes
825 1104 834 1136 ;
866 1088 1062 1127 semiusta
1082 1088 1328 1128 madescunt

167 1141 368 1192 Robora3
401 1143 625 1184 restinctus
647 1143 781 1184 donec
802 1159 933 1197 vapor
950 1144 1096 1192 omnis,
1119 1151 1160 1184 et
1181 1157 1337 1194 omne&

168 1199 364 1244 Quatuor
385 1200 557 1248 amissis,
581 1207 755 1240 servatae
771 1215 795 1239 a
817 1208 936 1254 peste
958 1201 1125 1240 carinae.

224 1254 285 1296 At
304 1263 424 1310 pater
445 1255 621 1305 AEneas,
644 1270 743 1297 casu
765 1271 992 1297 concussus
1012 1257 1180 1305 acerbo,

1531 1257 1614 1298 700

167 1311 295 1353 Nunc
316 1312 399 1353 huc
419 1313 609 1366 ingentes
631 1327 740 1354 nunc
761 1312 857 1354 illuc
878 1320 1050 1367 pectore
1072 1328 1194 1354 curas

170 1368 370 1409 Mutabat
389 1384 570 1418 versans,
594 1368 798 1409 Siculisne
818 1370 1022 1410 resideret
1042 1370 1164 1418 arvis,

171 1425 342 1466 Oblitus
364 1424 557 1473 fatorum,
580 1424 760 1466 Ita¹asne
781 1434 1020 1480 capesseret
1040 1440 1148 1466 oras.

169 1481 283 1522 Tum
301 1483 438 1523 senior
458 1482 637 1531 Nautes,
659 1497 788 1523 unum
810 1482 1004 1523 Tritonia
1024 1482 1163 1523 Pallas

171 1538 310 1584 Quem
332 1539 488 1588 docuit,
510 1539 722 1593 multaque
744 1540 945 1594 insignem
967 1539 1153 1580 reddidit
1175 1545 1278 1588 arte,
1535 1539 1619 1581 705

170 1595 278 1636 Haec
299 1610 499 1650 responsa
522 1596 664 1645 dabat,
687 1596 752 1636 vel
772 1612 867 1650 quae
886 1597 1160 1651 portenderet
1181 1597 1242 1637 ira

170 1651 330 1706 Magna
351 1653 488 1701 deum,
508 1653 572 1693 vel
592 1668 687 1707 quae
707 1653 887 1694 fatorum
907 1661 1102 1708 posceret
1123 1653 1242 1702 ordo,

170 1708 296 1762 Isque
314 1708 379 1749 his
400 1709 583 1750 AEneam
605 1710 761 1751 solatus
786 1711 957 1752 vocibus
979 1710 1096 1751 infit:

169 1765 285 1806 Nate
307 1766 400 1814 dea,
424 1781 507 1820 quo
530 1766 615 1807 fata
636 1767 810 1807 trahunt
831 1767 1150 1822 retrahuntque,
1173 1780 1420 1821 sequamur3

169 1893 227 1921 684
243 1892 349 1921 Ornati
363 1901 479 1920 versus.
493 1892 570 1920 vires
583 1893 734 1922 indomitas
749 1904 787 1922 ex
804 1893 870 1922 Ho-

169 1931 282 1959 merico
299 1933 438 1965 ἀκάματον
460 1934 521 1964 πῦρ.
544 1931 598 1959 udo
615 1932 666 1960 snb
681 1932 793 1966 robore,
817 1933 872 1960 sub

170 1969 295 1997 materia
325 1970 456 2007 desuper
484 1969 568 2006 aquis
595 1970 714 2007 injectis
739 1970 873 2007 irrigata,

170 2007 241 2036 vivit
255 2008 397 2045 (pulchre
410 2016 466 2045 pro
482 2008 580 2040 durat,
597 2009 694 2045 ignem
710 2009 780 2044 alit)
794 2014 874 2047 stup-

163 2056 216 2084 pa,
251 2051 369 2080 στύππη,
397 2056 456 2084 qua
489 2052 693 2076 coassatorum
725 2048 874 2085 tignorum

166 2086 316 2122 juncturae
334 2085 453 2122 stipata:
470 2089 547 2113 sunt.
570 2096 660 2124 vapor
686 2096 740 2124 pro
758 2087 874 2115 flamma

171 2127 201 2151 et
224 2123 303 2161 igne,
326 2122 459 2152 Lucretii
483 2125 633 2162 exemplo.
656 2129 689 2153 ut
711 2128 799 2160 ζιίἱτμὴ
826 2135 873 2164 ap.

172 2162 300 2192 Homer.
324 2166 377 2195 est,
400 2162 658 2192 consumit.-—(iSS
684 2164 780 2202 pietas
804 2164 832 2192 li.
854 2165 874 2193 Ι.

171 2200 337 2236 miseratio,
363 2211 422 2238 qua
445 2201 581 2230 miserias
601 2202 743 2231 humanas
767 2213 872 2232 numen

171 2239 307 2277 respicit.
348 2239 424 2268 Mox
439 2240 523 2267 letum
540 2240 630 2269 docte
644 2251 699 2279 pro
712 2241 830 2270 excidio
845 2246 876 2271 et

169 2276 399 2306 interum—(594
414 2277 474 2306 sine
490 2288 576 2312 more,
596 2279 764 2309 immodice.
798 2280 875 2309 Mihi

171 2315 292 2344 videtur
306 2317 347 2344 ita
366 2316 534 2345 reddidisse
553 2319 643 2356 poe‘ta
665 2319 786 2347 obvium
802 2319 876 2348 illud

172 2355 252 2392 apud
265 2354 429 2383 Homerum
445 2355 597 2393 aliosque:
623 2360 653 2385 οὺ
674 2361 742 2386 κατὰ
763 2363 874 2393 κόσμον,

172 2392 202 2420 h.
217 2402 242 2420 e.
268 2396 398 2427 ἀμέτρως.
438 2395 479 2422 At
499 2394 641 2425 Servius:
668 2396 729 2424 sine
754 2397 877 2435 exemplo

173 2431 396 2468 interpretatur,
416 2442 502 2469 quem
518 2433 580 2462 fere
597 2439 761 2472 sequuntur
778 2435 877 2464 alii.—

172 2469 247 2498 Mox
262 2471 321 2497 09ss
335 2470 430 2498 densis
451 2472 560 2499 austris
581 2483 638 2510 pro
661 2473 780 2506 nimbis,
803 2484 877 2512 quos

173 2508 269 2536 austri
295 2513 400 2543 agunt:
423 2509 477 2537 hoc
498 2510 591 2539 imbre
614 2522 711 2550 super,
735 2513 875 2551 desuper,

169 2545 332 2583 implentur
346 2556 446 2575 naves.

211 2585 279 2613 701.
289 2585 346 2612 702
356 2584 566 2615 Homericum:
585 2592 710 2623 ὀιιὶνόιχιι
720 2592 877 2624 μερμήριξε.

173 2622 250 2651 Mox
271 2627 429 2666 capesseret
450 2625 488 2651 de
512 2627 636 2655 consilio
657 2638 691 2655 ac
706 2634 813 2656 conatu
827 2640 875 2657 ca-

174 2661 323 2699 pessendi,
347 2662 877 2699 occupanda—JOQ-fos—Nauiae

173 2708 302 2739 persona
314 2700 417 2734 utitur,
433 2702 519 2737 cujus
529 2712 632 2733 nomen
644 2715 699 2734 non
715 2707 877 2736 obscurum

911 1893 988 1922 inter
1002 1904 1052 1923 eos
1067 1895 1213 1932 Tro-janos
1229 1895 1296 1929 fuit,
1312 1905 1327 1923 a
1347 1893 1456 1934 quibus
1472 1893 1618 1923 Romanae

913 1936 1017 1967 gentes
1049 1934 1196 1971 originem
1224 1934 1409 1972 repetebant.
1450 1931 1522 1960 Fuit
1543 1932 1620 1960 enim

912 1971 1044 1999 Nautica
1072 1982 1153 2009 gens,
1184 1974 1263 2009 apud
1285 1981 1373 2009 quam
1399 1970 1527 1999 Palladii
1548 1980 1621 1999 cura

914 2015 1108 2044 remanserat,
1137 2014 1235 2038 ortum
1258 2011 1372 2038 ducens
1399 2019 1414 2037 a
1435 2009 1546 2043 Naute,
1571 2008 1621 2038 vel

914 2047 1038 2081 Nautio,
1068 2048 1119 2086 qui
1142 2048 1292 2077 Minervae
1319 2048 1454 2077 Poliadis
1479 2048 1622 2076 sacerdos

915 2086 1082 2115 Palladium
1100 2097 1201 2115 secum
1223 2088 1315 2124 Troja
1339 2087 1533 2124 absportasse
1555 2096 1622 2116 nar-

914 2126 1045 2153 rabatur.
1077 2125 1158 2154 Hinc
1176 2126 1280 2154 Pallas
1297 2126 1426 2154 Nautem
1440 2125 1469 2153 h.
1480 2125 1501 2153 l.
1516 2124 1623 2159 docuit,

916 2169 947 2193 ut
965 2174 1046 2202 saepe
1065 2174 1112 2202 ap.
1135 2164 1301 2193 Homerum
1318 2174 1334 2193 a
1348 2164 1408 2193 diis
1424 2168 1504 2192 artes
1521 2164 1623 2193 edocti

913 2203 1105 2231 inducuntur.
1126 2213 1210 2231 unum
1221 2213 1230 2230 .·
1253 2203 1332 2241 quod
1344 2202 1460 2241 plenius
1476 2203 1520 2231 sic
1534 2202 1621 2231 effer-

915 2245 982 2270 tur:
1005 2252 1095 2279 quem
1111 2251 1198 2270 unum
1219 2242 1349 2271 omnium
1368 2241 1497 2270 maxime
1520 2241 1622 2270 Pallas

915 2280 1028 2309 docuit.
1070 2281 1184 2308 Versus
1199 2283 1257 2310 706
1277 2281 1367 2310 lectio
1391 2280 1445 2309 vix
1470 2289 1540 2308 vera
1566 2282 1625 2313 est,

917 2319 980 2347 sive
994 2319 1112 2347 Nautes
1128 2319 1187 2347 haec
1200 2330 1244 2348 res
1256 2330 1338 2348 Jonsa
1353 2319 1417 2348 sive
1438 2318 1497 2347 Iiaec
1519 2317 1622 2346 Pallas

915 2358 1016 2391 dabat,
1040 2358 1189 2395 subjicere
1203 2331 1329 2393 soilebat,
1344 2357 1455 2386 Nautae
1474 2366 1623 2394 responsa,

916 2407 983 2434 quae
1001 2397 1027 2424 is
1043 2397 1270 2431 vaticinaretur,
1288 2401 1447 2434 utrumque
1464 2396 1620 2423 scabrum:

916 2435 1074 2473 praestabit
1088 2439 1186 2463 tamen
1209 2436 1312 2474 legere
1333 2434 1394 2464 Hic
1415 2443 1552 2471 responsa
1571 2433 1625 2476 (ζα-

917 2475 975 2503 hat.
1015 2474 1167 2512 Responsa
1181 2482 1280 2503 autem
1296 2473 1381 2502 dabat
1403 2472 1448 2500 vel
1466 2481 1557 2509 super
1571 2471 1621 2507 iis,

916 2523 980 2551 qua>
990 2513 1349 2551 portenderet—adeoque
1364 2510 1410 2539 vel
1425 2511 1463 2538 de
1474 2510 1623 2548 prodigiis

916 2552 1123 2589 procurandis,
1151 2552 1197 2580 vel
1225 2552 1262 2580 de
1286 2550 1368 2578 fatali
1394 2558 1493 2577 rerum
1519 2550 1623 2578 ordine

917 2591 1067 2618 monebat.
1115 2590 1277 2625 (Fortasse
1298 2588 1355 2616 loci
1377 2587 1531 2625 integritas
1554 2597 1623 2615 con-

918 2629 1020 2661 stabit,
1053 2628 1077 2657 si
1102 2639 1209 2658 versus
1244 2637 1331 2655 mmm
1366 2626 1622 2654 Tritonia-ordo

918 2667 1110 2705 parenthesin
1123 2667 1329 2701 constituunt3
1351 2664 1391 2693 ita
1408 2669 1437 2692 ut
1453 2664 1541 2703 Isque
1557 2674 1623 2692 ora-

917 2706 1026 2736 tionem
1061 2707 1102 2735 sic
1136 2707 1292 2742 abruptam
1328 2705 1498 2742 conjungat.
1547 2703 1624 2732 Hoec
