1796 3077
624 260 892 300 AENEIDOS.
944 260 1046 299 LlB.
1074 263 1105 299 I.

1479 269 1574 312 219

135 382 207 424 Ex
226 394 399 423 numero
419 381 556 431 subit3
587 394 648 430 ac,
671 395 823 436 magno
842 380 1003 422 telluris
1023 396 1164 424 amore

134 440 321 495 Egressi,
343 446 486 492 optata
505 438 725 493 potiuntur
744 438 784 478 T
788 439 883 479 ro'es
904 452 1043 488 arena,

133 496 194 537 Et
215 495 299 537 sale
321 496 512 536 tabentes
533 502 647 536 artus
668 495 710 535 in
729 494 851 536 litore
873 502 1049 549 ponunt.

132 552 199 594 Ac
221 553 401 607 primum
422 551 524 593 silici
544 550 763 593 scintillam
783 551 956 592 excudit
974 551 1179 601 Achates,

132 609 411 664 Suscepitque
431 609 569 664 ignem
589 607 709 657 foliis,
731 615 858 662 atque
878 609 995 649 arida
1015 609 1171 650 circum

130 665 402 707 Nutrimenta
422 665 551 715 dedit,
572 666 795 719 rapuitque
816 666 858 706 in
877 664 1020 706 fomite
1040 665 1263 706 flammam.

130 722 245 764 Tum
267 722 463 764 Cererem
483 730 723 776 corruptam
742 721 866 762 undis
889 721 1161 776 Cerealiaque
1182 736 1297 763 arma

130 779 394 834 Expediunt,
414 779 511 820 fessi
531 793 672 819 rerum
689 795 698 828 ;
730 777 956 832 frugesque
977 786 1169 833 receptas

131 835 192 877 Et
212 844 373 877 torrere
392 841 542 889 parant
561 834 737 875 flammis
758 841 800 875 et
820 834 1012 888 frangere
1034 850 1150 876 saxo.

187 892 350 934 AEneas
371 890 589 945 scopulum
608 891 767 931 interea
787 891 1041 941 conscendit,
1063 898 1106 932 et
1127 905 1291 934 omnem

1497 892 1576 934 180

130 948 409 1003 Prospectum
427 947 510 988 late
529 946 681 1002 pelago
700 947 819 1001 petit,
838 946 1012 989 Anthea
1032 947 1066 988 si
1085 961 1210 1001 quem

130 1005 344 1047 Jactatum
364 1011 487 1046 vento
506 1004 662 1053 videat,
685 1003 978 1058 Phrygiasque
999 1004 1196 1052 biremes,

129 1062 222 1104 Aut
243 1062 404 1117 Capyn,
425 1068 498 1102 aut
517 1059 636 1101 celsis
655 1061 698 1101 in
715 1061 930 1115 puppibus
951 1075 1065 1102 arma
1086 1060 1218 1102 Caici.

130 1118 297 1160 Navem
316 1120 357 1160 in
379 1124 607 1172 conspectu
623 1116 791 1167 nullam,
814 1124 898 1158 tres
918 1116 1039 1158 litore
1059 1131 1203 1159 cervos

130 1228 241 1258 AEneas
255 1227 430 1261 vehebatur,
443 1227 539 1256 tribus
555 1237 572 1256 e
587 1227 722 1265 scopulis
736 1236 753 1256 a
767 1227 834 1257 'rri-

130 1272 211 1301 tone,
231 1267 388 1304 tribusque
402 1266 468 1295 aliis
484 1276 500 1295 e
514 1265 660 1304 syrtibuS,
675 1275 728 1295 seu
746 1265 834 1294 vadis

130 1305 272 1340 arenosis,
300 1315 317 1334 a
337 1305 480 1343 Neptuno
506 1304 666 1343 expeditis.
706 1304 834 1334 Ceteras

128 1348 239 1383 praeter
250 1354 337 1373 unam
349 1347 484 1372 servatas
494 1353 565 1372 mox
576 1342 744 1372 videbimus
757 1353 763 1378 3
777 1343 835 1371 fuit

129 1383 206 1412 enim
214 1387 278 1412 tota
286 1383 393 1411 classis
404 1382 473 1411 XX
481 1382 786 1410 navium.—17l.172.
794 1382 832 1410 cf.

130 1422 245 1460 Odyss,
254 1435 278 1455 ε,
288 1423 356 1450 462.
365 1431 462 1456 arena,
471 1421 559 1449 litus:
573 1424 604 1448 et
615 1419 732 1448 tellur1s
742 1430 835 1454 amor,

130 1463 225 1495 πόθος,
238 1464 286 1489 est
297 1459 353 1488 soli
365 1459 507 1498 attigendi
521 1458 672 1497 cupiditas
685 1468 692 1494 3
708 1458 833 1487 tabentes

130 1503 213 1527 artus
233 1499 304 1531 sale,
325 1498 405 1527 unda
423 1498 537 1526 marina
555 1506 724 1535 respersos,
738 1497 833 1526 madi-

130 1537 197 1571 dos,
212 1536 399 1575 simpliciter.
438 1537 545 1565 Po‘e'tae
557 1536 634 1565 enim
654 1535 745 1564 tabem
760 1546 831 1573 pro-

130 1575 195 1614 prie
209 1580 321 1614 ponunt
332 1576 368 1604 de
389 1575 513 1604 humore
529 1579 681 1611 corrupto,
702 1584 774 1602 mox
793 1575 832 1602 de

131 1623 322 1652 quocunque,
336 1614 365 1642 in
378 1614 482 1652 primis
504 1612 637 1641 sordido.
677 1612 791 1650 Odyss.
806 1625 830 1647 ε,

130 1653 309 1682 455.-176.
330 1652 499 1691 Rapuitque
512 1652 541 1679 in
551 1650 654 1688 fomite
668 1651 828 1687 flammam,

130 1691 239 1730 raptim
266 1692 388 1729 excepit
412 1691 502 1729 lignis
530 1689 621 1718 aridis
646 1698 701 1727 pro
727 1689 831 1719 fomite

131 1730 288 1768 subjectis,
299 1730 371 1758 alias
379 1730 476 1766 fomes
488 1728 731 1796 rczfiitflammam,
744 1738 832 1765 quam

132 1769 242 1806 raptim
260 1768 402 1806 concipit.
428 1767 472 1796 H.
546 1776 581 1795 oc
604 1776 694 1794 sensu
715 1766 832 1795 Plinius

132 1807 182 1840 37,
194 1808 224 1835 3.
245 1807 282 1835 ad
295 1807 316 1834 f.
335 1806 481 1834 succinum
493 1804 712 1844 rapacissimum
727 1805 833 1843 iynium

132 1845 220 1874 dixit.
234 1846 278 1874 At
291 1845 320 1873 h.
334 1844 354 1873 l.
371 1845 470 1882 rapuit
491 1848 538 1873 est
559 1843 679 1881 sparsit.
691 1843 834 1880 insumite

131 1893 188 1921 pro
205 1883 324 1923 vulgari
337 1884 441 1920 fomite
462 1892 520 1921 quo
548 1882 631 1910 arida
656 1882 834 1910 nutrimenta

131 1926 282 1951 notantur.
320 1921 370 1956 In,
385 1926 418 1950 nt
438 1923 465 1950 ἐν
484 1921 563 1959 apud
577 1920 701 1948 Graecos
715 1921 833 1957 poe'tas,

132 1960 225 1999 Soph.
239 1960 370 1989 Philoct.
382 1960 449 1989 102.
464 1959 567 1997 Antig.
577 1960 645 1987 951.
656 1959 834 1987 instrumen-

131 2001 195 2028 tum
215 1999 372 2038 siguificat.
398 1998 641 2027 W.—177—1w
667 1997 728 2026 Hic
746 1998 834 2026 vides

129 2037 299 2075 priscorum
331 2037 481 2066 hominum
514 2036 659 2066 rationem
686 2040 718 2064 et
743 2041 835 2066 artem

133 2076 217 2113 panis
230 2075 415 2106 conficiendi.
427 2077 544 2114 fruges,
567 2075 597 2103 h.
621 2084 648 2103 e.
670 2084 769 2113 grana.
790 2085 834 2103 re-

133 2118 239 2152 ceptas,
251 2125 268 2144 e
282 2114 356 2143 mari
371 2118 516 2148 servatas,
530 2117 650 2147 torrent,
662 2118 696 2142 ut
711 2123 745 2142 ea
760 2123 834 2142 exu-

134 2156 185 2181 ant
198 2152 327 2191 glumam
346 2157 377 2182 et
397 2153 516 2182 facilius
531 2152 689 2181 comminui
705 2152 834 2189 possint,

135 2194 199 2219 tum
206 2192 350 2229 frangunt
363 2201 443 2225 saxo,
457 2195 491 2220 ut
512 2191 599 2220 multi
613 2190 716 2229 populi
731 2191 834 2219 etiam-

134 2238 205 2258 num
232 2238 322 2267 grana
346 2230 428 2258 saxis
450 2230 644 2258 contundunt.
664 2229 703 2258 cf.
728 2230 783 2258 Ge.
805 2228 833 2263 I,

134 2268 204 2296 267.
234 2267 366 2296 Cerealia
378 2278 470 2302 arma,
481 2269 632 2302 utensilia,
642 2268 837 2296 instrumenta

136 2305 175 2334 ad
198 2305 377 2343 pinsendum
399 2306 577 2335 frumentum
598 2311 628 2335 et
648 2307 834 2344 coquendum

136 2354 254 2383 panem,
276 2348 349 2383 puta
371 2353 438 2373 esse
458 2345 521 2373 haec
541 2345 607 2383 ipsa
628 2355 721 2380 saxa,
743 2354 834 2382 porro

137 2387 280 2412 mactram
294 2392 347 2411 seu
361 2382 487 2417 alveum,
502 2393 560 2426 quo
574 2383 668 2412 farina
681 2384 834 2422 subigere-

137 2424 196 2450 tur.
236 2422 284 2450 De
303 2422 448 2449 fermento
469 2430 547 2450 enim
572 2422 700 2450 nondum
721 2422 834 2460 cogita-

136 2460 223 2497 bant3
238 2460 292 2488 sed
306 2459 428 2488 farinam
440 2458 521 2487 illam
535 2460 699 2494 subactam,
712 2470 763 2488 seu
773 2460 838 2498 pul-

138 2501 208 2533 tem,
223 2498 362 2527 continuo
376 2497 553 2534 quadrarum
564 2498 659 2527 forma
672 2499 727 2526 sub
743 2498 839 2527 cinere

137 2538 315 2575 coquebant.
366 2537 466 2565 Recte
498 2535 623 2565 Servius
655 2537 840 2565 honestatem

140 2575 283 2604 sermonis
318 2574 367 2603 hic
400 2573 594 2603 commendat.
632 2574 729 2603 Aliter
761 2578 840 2603 ἔντεα

140 2617 231 2644 δαιτὸς-
243 2614 302 2643 od.
319 2627 346 2647 η,
362 2614 430 2642 232.
443 2612 712 2650 H.—Expe‹1iunt,
733 2614 841 2651 depro-

138 2655 235 2687 munt,
245 2656 360 2691 parant.
376 2652 410 2681 S.
423 2651 502 2689 sessi
516 2661 624 2685 rerum,
636 2660 674 2679 ex
690 2652 841 2680 calamita-

143 2689 225 2717 tibus
244 2696 275 2719 ει
294 2690 427 2724 casibus,
451 2700 526 2728 quos
547 2689 698 2718 subierant
717 2689 776 2724 (ita
796 2700 842 2718 res

143 2727 274 2765 poetis),
295 2729 432 2758 exhausti
459 2729 585 2764 viribus,
607 2737 674 2767 quae
695 2727 761 2758 cibo
778 2729 839 2766 jam

147 2770 230 2796 erant
245 2767 422 2797 reficiendae.

915 1226 1067 1256 180—184
1090 1225 1210 1255 Omnem
1226 1229 1409 1265 prospectum
1432 1226 1487 1255 late
1502 1227 1577 1264 petit

869 1265 984 1303 pelago,
1003 1266 1033 1295 in
1054 1275 1159 1303 prosa:
1182 1270 1373 1302 prospectum
1395 1265 1485 1303 capit,
1506 1275 1576 1303 pro-

874 1309 1003 1341 spectat,
1019 1308 1160 1342 quantum
1172 1303 1256 1338 licet,
1274 1313 1329 1341 per
1342 1313 1426 1332 omne
1463 1304 1575 1342 elagus.

873 1343 912 1371 cf.
925 1343 985 1371 Od.
1006 1356 1032 1377 κ,
1051 1344 1117 1371 146.
1132 1353 1178 1381 sq.
1193 1346 1223 1371 et
1241 1343 1290 1371 95.
1303 1352 1347 1379 sq.
1362 1342 1387 1370 si
1401 1342 1440 1370 vi<
1448 1347 1505 1376 eat,
1521 1352 1576 1380 pro

872 1385 916 1415 ut,
945 1381 1058 1410 solenni
1085 1391 1181 1414 more,
1215 1381 1303 1409 etiam
1328 1380 1509 1410 Homerico:
1539 1384 1574 1416 εἰ,

872 1421 929 1454 ἐὰν,
942 1429 998 1457 pro
1013 1422 1069 1448 ἵνα.
1082 1419 1127 1448 Η.
1167 1419 1240 1448 Noli
1260 1418 1286 1446 si
1306 1424 1487 1448 commutare
1507 1429 1574 1447 cum

871 1462 914 1485 ut.
955 1458 1034 1486 Nam
1048 1467 1083 1485 an
1097 1460 1216 1486 visurus
1239 1461 1320 1486 esset
1340 1457 1467 1491 Anthea,
1481 1457 1575 1486 incer-

872 1500 920 1524 tus
936 1501 1009 1526 erat.
1051 1496 1152 1524 Verba
1167 1500 1276 1529 autem,
1291 1505 1358 1533 quae
1371 1499 1472 1524 notant
1482 1495 1576 1533 explo-

872 1544 948 1569 rare,
963 1539 1084 1569 tentare,
1099 1535 1235 1571 sequitur
1249 1534 1398 1571 particula
1411 1533 1446 1568 si,
1457 1534 1496 1562 cs.
1509 1534 1578 1564 Liv.

870 1574 920 1606 25,
936 1574 984 1602 36.
998 1574 1048 1602 24.
1090 1574 1116 1601 l.
1131 1573 1216 1611 Virg.
1232 1572 1298 1601 Ecl.
1312 1572 1371 1606 VI,
1391 1573 1440 1600 56.
1456 1573 1504 1601 57.
1520 1572 1576 1601 Ge.

870 1611 940 1646 111,
961 1612 1028 1640 331.
1045 1611 1113 1639 332.
1135 1611 1227 1639 Ovid.
1252 1610 1382 1639 Heroid.
1403 1609 1506 1644 XIX,
1525 1611 1575 1640 27.

874 1649 922 1678 W.
962 1651 998 1680 In
1020 1648 1183 1683 biremibus,
1206 1658 1272 1687 quae
1294 1648 1417 1686 proprie
1439 1654 1509 1678 sunt
1528 1649 1574 1678 bi-

869 1698 972 1717 norum
986 1688 1132 1721 ordinum,
1146 1697 1203 1716 non
1215 1691 1260 1716 est
1271 1687 1452 1716 haerendum.
1474 1688 1572 1716 Poeta

870 1726 970 1764 simpl.
996 1737 1052 1764 pro
1079 1726 1205 1754 navibus
1234 1725 1421 1763 posuit.—In
1447 1735 1477 1754 v.
1507 1727 1574 1755 183.

869 1769 919 1793 ant
935 1764 1055 1794 Caicum
1075 1764 1203 1793 debebat
1227 1764 1327 1792 dicere
1346 1764 1395 1792 vel
1416 1763 1501 1792 Caici
1520 1775 1571 1793 na-

870 1813 948 1832 vem.
988 1804 1075 1832 Nunc
1094 1803 1179 1840 ponit
1196 1812 1279 1829 arma
1293 1801 1374 1830 Caici
1389 1801 1418 1829 in
1428 1803 1574 1840 puppibus

872 1841 971 1877 celsis,-
995 1842 1075 1880 quod
1089 1842 1125 1869 de
1141 1840 1325 1879 aplustribus
1345 1840 1473 1869 fortasse
1487 1842 1576 1870 intel-

871 1880 1032 1918 ligendum.
1072 1881 1184 1908 Verum
1203 1889 1283 1907 arma
1302 1878 1331 1906 in
1346 1878 1489 1917 puppibus
1502 1881 1572 1917 poi}-

873 1919 934 1947 tico
949 1923 1054 1948 ornatu
1069 1918 1186 1947 omnino
1200 1918 1312 1946 dictum
1329 1922 1402 1954 puto
1415 1927 1469 1955 pro
1483 1918 1573 1947 armis

874 1957 957 1986 navis
983 1957 1085 1991 Caici3
1111 1961 1144 1985 ut
1170 1966 1252 1984 arma
1276 1956 1368 1990 naris,
1398 1965 1452 1984 seu
1478 1966 1573 1985 arma-

873 2001 980 2031 menta,
999 2006 1054 2034 pro
1078 1996 1145 2034 ipsa
1172 1995 1239 2023 navi
1264 1994 1345 2023 dicta
1374 1994 1433 2023 sint
1459 2000 1574 2024 ornate.

874 2035 944 2063 Hoc
961 2035 1071 2063 verius.
1112 2034 1188 2062 Nam
1203 2042 1284 2061 arma
1295 2033 1324 2061 in
1336 2033 1491 2070 puppibus
1504 2033 1574 2062 reli-

876 2078 944 2112 gata
968 2073 1023 2111 (cf.
1043 2073 1141 2106 VIII,
1161 2072 1228 2107 92.)
1250 2081 1317 2099 cum
1338 2071 1443 2100 Servio
1463 2071 1575 2100 intelli-

875 2121 944 2145 gere
957 2112 1010 2139 vix
1024 2111 1134 2148 possis,
1157 2110 1269 2148 quippe
1282 2119 1349 2146 quae
1363 2109 1441 2137 haud
1454 2109 1542 2138 facile
1558 2120 1575 2139 e

872 2143 1034 2188 longinquo
1049 2148 1223 2186 conspicua.
1235 2147 1279 2176 H.
1319 2148 1392 2184 Ipse
1406 2147 1512 2175 Servio
1526 2157 1573 2176 as-

875 2189 995 2217 sentior.
1036 2188 1112 2216 Nam
1125 2186 1176 2225 qui
1191 2190 1368 2214 armamenta
1382 2185 1465 2213 navis
1480 2195 1496 2213 e
1509 2186 1572 2214 lon-

876 2227 987 2264 ginquo
1006 2226 1101 2261 videt,
1124 2226 1158 2253 is*
1171 2229 1201 2253 et
1224 2233 1308 2252 arma
1326 2223 1452 2261 religata
1471 2223 1574 2254 videre

875 2270 987 2303 potest.
1016 2265 1088 2292 Yid.
1114 2262 1179 2291 val.
1205 2262 1252 2290 Fl.
1278 2261 1305 2295 I,
1335 2263 1403 2291 404.
1430 2266 1460 2291 et
1485 2262 1573 2301 Yirg.

873 2304 969 2338 VIII,
996 2304 1045 2332 92.
1080 2301 1124 2331 W,
1165 2302 1222 2330 181
1253 2299 1361 2329 Cervos
1383 2310 1422 2329 ex
1447 2300 1574 2330 Homeri

874 2342 990 2380 capreis
1022 2341 1104 2374 fecit,
1136 2350 1166 2369 v.
1201 2349 1268 2376 sup.
1296 2339 1333 2367 ad
1357 2340 1424 2368 159.
1464 2339 1573 2369 Nullos

874 2385 971 2409 tamen
995 2389 1100 2408 cervos
1121 2379 1151 2407 in
1174 2378 1276 2406 Africa
1295 2377 1418 2406 inveniri
1432 2377 1575 2407 Herodo-

874 2424 935 2453 tus,
948 2418 1139 2452 Aristoteles,
1153 2421 1182 2445 et
1192 2416 1309 2445 Plinius
1321 2420 1391 2452 post
1400 2416 1469 2444 illos
1479 2416 1576 2452 VIII,

879 2458 927 2486 33.
942 2468 965 2485 s.
978 2458 1025 2485 51.
1035 2456 1264 2485 affirmaverunt·
1304 2454 1418 2483 Firmat
1429 2459 1527 2484 tamen
1541 2465 1575 2484 se

879 2496 979 2534 ipsum
993 2495 1138 2533 virgilius
1155 2494 1224 2522 zEn.
1238 2492 1296 2526 IV,
1318 2493 1391 2521 154:
1414 2497 1445 2522 et
1463 2495 1575 2523 Lucan.

881 2534 948 2569 IX,
965 2535 1034 2568 921,
1061 2537 1093 2562 ut
1116 2532 1285 2569 Oppianum
1306 2535 1336 2560 et
1358 2531 1575 2561 Philostratum

878 2576 1002 2602 taceam.
1042 2571 1110 2600 Jam
1133 2570 1261 2599 omnium
1281 2569 1385 2598 horum
1404 2570 1482 2599 levis
1503 2580 1575 2598 sane

880 2612 932 2640 tali
944 2612 971 2639 in
984 2621 1015 2639 re
1027 2609 1198 2638 auctoritas.
1232 2608 1373 2637 Fortasse
1385 2612 1483 2638 tamen
1494 2607 1574 2637 cervi

880 2660 983 2678 nomen
996 2649 1084 2677 latius
1098 2648 1133 2675 ab
1148 2647 1184 2675 iis
1199 2650 1373 2684 usurpatum
1385 2647 1479 2676 dicas.
1500 2647 1578 2674 Sunt

881 2688 969 2723 enim,
997 2686 1076 2726 quod
1099 2685 1234 2714 historiae
1263 2685 1407 2714 naturalis
1436 2688 1576 2713 auctores

879 2728 998 2760 docent,
1025 2723 1106 2754 varia
1128 2733 1282 2752 cervorum
1314 2728 1344 2752 et
1373 2721 1577 2760 capreolorum

881 2775 985 2803 genera
1000 2774 1052 2803 per
1063 2762 1197 2794 Africam
1211 2772 1324 2802 sparsa.
1354 2760 1506 2799 Quicquid
1519 2765 1577 2795 est,
