1796 3077
183 243 277 288 604

616 239 658 277 P.
692 236 926 276 VIRGI‘LII
957 237 1208 280 MARONIS

187 358 340 401 Gentis
361 358 425 400 bis
446 359 566 400 victae
583 374 593 408 3
625 363 771 399 contra
793 372 984 411 premere
1005 373 1120 400 arma
1143 360 1302 404 Latini.

186 414 316 457 Nunc
333 423 376 457 et
398 415 715 468 Myrmidonum
735 428 934 468 proceres
955 415 1146 470 Phrygia
1166 432 1282 460 arma
1302 421 1559 474 tremiscunt,

186 471 317 513 Nunc
338 480 380 513 et
401 471 607 523 Tydides,
629 478 671 511 et
693 470 928 512 Larissaeus
949 471 1138 514 Achilles
1156 490 1165 523 3

185 527 336 569 Amnis
357 534 399 568 et
420 527 658 568 Hadriacas
685 534 799 568 retro
820 527 929 581 fugit
950 527 1136 569 Aufidus
1156 531 1307 574 undas.

1564 535 1649 577 405

188 583 273 626 Vel
292 597 419 637 quum
442 598 487 624 se
507 584 707 637 pavidum
728 590 875 625 contra
894 598 989 624 mea
1002 585 1147 640 jurgia
1167 586 1292 642 fingit

185 639 377 681 Artificis
399 638 549 688 scelus,
568 646 611 680 et
632 639 853 681 formidine
870 640 1027 681 crimen
1047 643 1233 684 acerbat.

188 695 435 750 Numquam
455 697 635 737 animam
655 695 781 737 talem
802 696 954 738 dextra
974 697 1055 739 hac
1076 699 1251 751 (absiste
1271 699 1446 754 moveri)

186 750 395 802 Amittes3
427 752 592 794 habitet
607 760 759 802 tecum,
781 760 824 795 et
841 754 893 794 sit
912 760 1086 808 pectore
1105 755 1149 795 in
1169 756 1262 798 isto.

187 808 318 850 Nunc
339 810 394 850 ad
416 818 474 859 tc,
491 817 534 851 et
554 817 625 850 tua
647 824 814 863 magna,
836 817 974 864 pater,
996 811 1188 853 consulta
1209 820 1412 856 revertor.

1567 809 1652 856 4110

186 865 234 906 Si
254 864 411 907 nullam
431 866 584 907 nostris
604 866 716 908 ultra
740 881 858 921 spem
879 868 1000 921 ponis
1021 868 1063 908 in
1083 870 1222 918 armis,

186 921 234 962 Si
255 928 339 962 tam
359 923 517 964 deserti
538 938 695 973 sumus,
717 930 760 965 et
781 923 909 964 semel
927 925 1094 978 agmine
1114 940 1235 968 verso

187 977 400 1020 Funditus
414 980 655 1029 occidimus,
677 994 816 1033 neque
836 980 966 1020 habet
988 980 1178 1022 Fortuna
1190 997 1462 1037 regressum3·

188 1034 373 1076 Oremus
395 1050 558 1090 pacem,
579 1044 622 1077 et
644 1037 817 1076 dextras
839 1036 1061 1077 tendamus
1084 1038 1257 1079 inertes.

188 1090 475 1146 Quamquam,
497 1108 537 1142 0,
559 1093 592 1133 si
613 1092 745 1133 solitae
765 1092 996 1146 quidquam
1012 1093 1177 1135 virtutis
1198 1096 1383 1145 adesset,

1569 1097 1653 1138 415

187 1146 264 1188 Ille
284 1149 386 1188 mihi
406 1157 503 1190 ante
522 1149 625 1190 alios
646 1149 970 1202 fortunatusque
990 1148 1196 1199 laborum,

188 1203 489 1259 Egregiusque
511 1206 650 1253 animi,
667 1206 755 1258 qui,
777 1219 830 1246 ne
852 1205 955 1258 quid
975 1205 1058 1246 tale
1079 1207 1256 1255 videret,

189 1258 427 1301 Procubuit
448 1262 645 1309 moriens,
667 1269 709 1301 et
728 1261 904 1301 humum
925 1261 1051 1301 semel
1073 1277 1145 1303 ore
1166 1263 1404 1305 momordit.

189 1314 267 1355 Sin
288 1324 330 1356 et
351 1331 454 1370 opes
475 1317 609 1365 nobis,
630 1324 673 1358 et
693 1316 834 1357 adhuc
856 1317 1012 1357 intacta
1022 1318 1238 1371 juventus,

190 1370 453 1426 Auxilioque
474 1374 602 1413 urbes
623 1371 742 1413 Italae
763 1371 995 1425 populique
1018 1382 1271 1427 supersunt3

1570 1377 1655 1418 420

191 1427 267 1468 Sin
287 1435 329 1468 et
347 1427 388 1468 T
391 1429 547 1482 rojanis
568 1443 664 1469 cuni
684 1428 816 1468 multo
837 1427 970 1481 gloria
990 1431 1104 1470 venit

192 1483 432 1538 Sanguine:
466 1485 580 1537 (sunt
601 1483 679 1524 illis
701 1499 775 1524 sua
795 1483 955 1533 funera,
973 1499 1136 1539 parque
1158 1501 1235 1541 per
1255 1488 1387 1530 omnis

190 1539 463 1594 Tempestas)
485 1556 559 1582 cur
580 1541 800 1582 indecores
813 1541 856 1580 in
875 1540 1016 1583 limine
1036 1543 1172 1596 primo

191 1596 457 1638 Deficimus?
489 1612 564 1638 cur
591 1604 687 1638 ante
709 1598 856 1638 tubam
876 1604 1032 1638 tremor
1053 1606 1235 1654 occupat
1256 1603 1397 1642 artus?

190 1652 334 1694 Multa
355 1654 445 1696 dies
462 1655 647 1708 variique
668 1653 788 1695 labor
807 1653 1018 1695 mutabilis
1040 1657 1118 1696 aevi

192 1709 360 1751 Retulit
379 1711 423 1751 in
441 1710 588 1752 melius
604 1727 614 1760 3
646 1710 799 1752 multos
815 1708 977 1750 alterna
996 1712 1182 1753 revisens

192 1765 319 1806 Lusit
339 1773 383 1807 et
401 1767 444 1807 in
465 1766 600 1808 solido
620 1781 766 1808 rursus
790 1766 980 1807 Fortuna
1000 1767 1167 1810 locavit.

192 1821 297 1864 Non
317 1823 397 1864 erit
417 1822 574 1864 auxilio
594 1824 716 1865 nobis
737 1822 912 1865 AEtolus
933 1830 975 1864 et
996 1824 1130 1878 Arpi:

194 1932 273 1970 eapti
287 1932 434 1970 Phryyes.
468 1933 556 1962 Adde
571 1933 648 1967 vll,
663 1934 732 1962 295.
747 1933 793 1968 ΙΙ,
807 1934 865 1962 295
881 1938 910 1962 et

196 1971 245 2005 II,
271 1971 341 1999 642.
363 1971 456 2008 643)3
489 1975 590 2000 contra
612 1981 755 2009 premere,
778 1972 909 2005 elevare,

195 2007 364 2046 deprimere
399 2018 448 2037 res
481 2009 766 2039 Latinorum—405
803 2010 910 2038 Poe’tae

195 2046 317 2084 populis
335 2046 382 2075 vel
397 2047 517 2085 regibus
532 2047 689 2086 proprium
707 2048 797 2077 etiam
810 2049 910 2082 terris,

196 2085 296 2113 fluviis
316 2084 450 2114 tribuere
465 2085 576 2122 solent,
598 2085 639 2114 ita
662 2096 700 2115 ue
721 2087 752 2114 h.
773 2085 794 2114 l.
814 2090 910 2115 terror

195 2123 234 2152 ad
259 2122 385 2151 fluvium
412 2123 534 2162 Apulioe
566 2125 636 2154 Aufi
660 2134 709 2153 um
737 2124 910 2159 translatus,

193 2161 401 2199 phantasmate
415 2162 546 2200 poetico.

232 2200 291 2229 412
319 2203 379 2228 tam
408 2200 535 2229 deserti:
556 2205 683 2239 propter
714 2201 908 2236 Diomedem,

196 2238 346 2276 qui’solus
356 2238 478 2276 negavit
492 2239 622 2275 auxilia3
643 2243 676 2268 ut
691 2239 770 2268 idem
783 2241 910 2269 Serv.—

192 2277 350 2306 415—418
369 2277 430 2306 Seu
454 2277 588 2306 turbavit
610 2277 738 2306 affectus
753 2288 804 2306 seu
820 2278 905 2307 calli-

193 2315 273 2343 ditas
287 2314 588 2349 inflexitorationem,
604 2325 672 2353 quae
689 2316 731 2344 sic
740 2317 906 2353 procedere

195 2353 344 2382 debebat:
373 2363 561 2392 quamquam,
586 2353 644 2381 nisi
663 2353 838 2382 inertissimi
859 2364 907 2383 es-

194 2400 305 2424 semus,
327 2391 513 2420 debebamus
534 2391 619 2420 illum
642 2391 751 2420 habere
774 2392 907 2421 fortuna-

193 2429 344 2458 tissimum
367 2434 398 2457 et
421 2430 630 2463 fortissimum,
646 2430 697 2467 qui
723 2434 781 2458 etc.
804 2430 853 2466 (h.
878 2441 904 2460 e.

194 2467 253 2495 etsi
267 2467 443 2496 deberemus
465 2472 592 2496 mortem
612 2468 757 2505 praeserre
778 2468 832 2497 tali
853 2469 906 2498 de-

194 2505 325 2537 decori).
365 2505 433 2533 Hoc
461 2506 586 2534 alterum
614 2506 767 2534 transtulit
786 2507 823 2535 ad
856 2518 904 2536 se:

193 2542 213 2572 I
214 2541 248 2571 lle
261 2542 331 2570 mihi
351 2548 416 2571 ante
429 2543 502 2572 alios
508 2546 538 2581 f.
580 2544 638 2573 Est
653 2548 750 2572 autem
765 2545 906 2581 fortuna-

192 2586 239 2609 tus
255 2580 384 2609 laborum
399 2583 448 2617 (ut
469 2581 551 2610 Ioeius
572 2582 699 2610 laborum
713 2592 742 2611 v.
755 2583 811 2618 73)
828 2583 902 2612 felix

191 2620 221 2648 in
246 2618 333 2647 malis
361 2618 424 2646 suis
450 2624 479 2647 et
502 2620 841 2653 calamitatibus,——Nec
858 2626 901 2650 ta-

193 2667 260 2686 men
282 2657 370 2689 male,
393 2660 477 2692 pum,
494 2658 601 2695 aliquis
627 2658 818 2696 aposiopesin
840 2664 897 2688 sta-

191 2699 303 2731 tueret,
326 2699 355 2723 et
376 2693 589 2727 distinguent-t:
614 2696 793 2734 Quamquam
817 2709 832 2724 υ
846 2698 855 2725 .'
877 2699 902 2726 si

950 1931 1043 1976 εοῖξία2
1093 1933 1250 1973 quidquam
1294 1936 1411 1966 virtutis
1449 1938 1663 1978 adesset—(sc.

952 1980 1150 2009 qmsqnamne
1168 1974 1331 2004 sustineret
1345 1975 1400 2004 hoc
1417 1976 1544 2015 facere).
1583 1979 1660 2007 Tum

950 2010 1069 2047 pergit:
1093 2010 1146 2039 Ille
1157 2012 1236 2040 mihi.
1276 2013 1328 2041 Sic
1338 2013 1392 2042 lib.
1404 2015 1443 2047 V,
1456 2016 1531 2044 195:
1549 2015 1660 2051 Quam*-

949 2057 1037 2086 quam
1055 2048 1178 2077 ol—secl
1201 2055 1344 2087 superent,
1372 2052 1477 2089 quihus
1495 2053 1556 2088 hoc,
1578 2054 1661 2092 Nep-

949 2090 1025 2119 tune,
1049 2085 1261 2116 dedisti.-418
1288 2089 1404 2118 humum
1429 2101 1478 2120 ore
1499 2093 1663 2122 momordit.

950 2123 1258 2154 Homericum.—421
1275 2126 1371 2164 yloria
1385 2138 1442 2167 pro
1464 2129 1601 2166 victoria,
1628 2135 1662 2160 ut

948 2165 1034 2192 κῦδος.
1085 2162 1135 2191 Ad
1175 2165 1352 2194 sententiam
1387 2173 1564 2206 comparant
1598 2179 1660 2198 vss.

949 2199 1129 2244 Homericos
1143 2201 1182 2230 ΙΙ.
1193 2216 1219 2236 ρ,
1231 2204 1397 2234 {zor—425
1413 2205 1494 2234 labor
1507 2207 1571 2243 oevi,
1587 2207 1616 2235 h.
1630 2217 1659 2236 e.

950 2248 1058 2272 aevum,
1075 2248 1104 2266 1n
1120 2249 1179 2277 quo
1192 2240 1311 2270 labores
1327 2243 1503 2278 tolerantur,
1517 2245 1613 2274 multa
1628 2245 1658 2273 in

946 2276 1055 2306 melius
1069 2281 1176 2307 mutat.
1216 2280 1348 2317 Adjecta
1363 2287 1503 2319 spectant
1519 2283 1555 2312 ad
1572 2293 1657 2318 orna,-

946 2319 1027 2344 tum:
1048 2325 1139 2344 aevum
1161 2318 1285 2352 varium,
1298 2318 1327 2347 in
1355 2329 1413 2358 quo
1436 2321 1518 2349 varia
1539 2322 1657 2349 fortuna

942 2354 1102 2390 jactamur.
1112 2353 1203 2389 labor,
1212 2361 1303 2390 πόνος,
1313 2357 1471 2391 mutabilis,
1482 2369 1612 2394 aerumna
1626 2359 1654 2387 in

947 2391 1101 2421 meliorem
1126 2393 1273 2423 fortunam
1295 2397 1403 2424 mutari
1418 2397 1516 2425 solita.
1542 2397 1655 2425 allermc

946 2430 1046 2466 (κατὰ)
1074 2430 1153 2465 lusit,
1173 2433 1281 2467 illusit,
1299 2443 1352 2471 spe
1374 2435 1497 2463 meliore
1509 2434 1655 2471 dejectos,

944 2473 972 2510 et
998 2478 1100 2497 rursus
1122 2469 1151 2497 in
1174 2471 1277 2505 solido,
1304 2474 1332 2500 ὲν
1355 2474 1490 2510 amoc-pap,
1508 2472 1536 2500 in
1568 2473 1653 2501 lirino

945 2511 1060 2543 integro
1080 2512 1160 2536 statu
1179 2513 1265 2538 antea
1280 2509 1308 2537 in
1323 2510 1438 2538 lubrico
1450 2510 1596 2545 labantes,
1611 2510 1653 2539 Io-

946 2544 1031 2578 cuvit,
1046 2545 1074 2573 h.
1089 2556 1114 2575 e.
1131 2546 1160 2574 in
1181 2547 1315 2586 integro3
1338 2548 1366 2576 in
1388 2548 1569 2576 incolumem
1593 2553 1654 2578 sta-

943 2588 1016 2615 tum,
1038 2583 1065 2611 in
1087 2584 1233 2623 integrum
1253 2585 1396 2614 restituit.
1418 2585 1513 2614 ludere
1532 2587 1650 2616 omuino

941 2625 1053 2660 praeter
1073 2623 1332 2660 exspectationem
1357 2623 1469 2660 aliquid
1484 2624 1650 2657 inserendo,

941 2659 1100 2725 ¹¹¹¹¹¹¹.a¹¹d⁰²
1126 2661 1303 2699 plerumque
1327 2660 1355 2688 in
1383 2662 1518 2691 deterius
1537 2663 1565 2691 11.
1588 2664 1607 2692 Ι.
1622 2663 1651 2691 in

942 2708 987 2726 me
1002 2707 1058 2727 ins.
