1796 3077
642 248 910 288 AENEIDOS.
969 249 1068 288 LIB.
1101 250 1169 289 VI.
1533 258 1629 300 423

191 370 354 412 Secreti
369 369 505 413 celant
524 371 663 422 calles,
684 379 727 415 et
746 380 907 428 myrtea
926 374 1082 415 circum

191 427 305 468 Silva
324 429 427 483 tegit
446 446 455 479 3
487 444 599 470 curae
620 445 704 471 non
724 431 816 484 ipsa
834 431 875 471 in
896 439 1029 472 morte
1050 429 1303 484 relinquunt.

189 483 272 524 His
296 484 520 527 Phaedram
540 486 800 541 Procrinque
821 486 936 536 locis,
956 495 1228 541 maestamque
1250 486 1483 541 Eriphylen
1543 486 1625 526 445

190 540 384 582 Crudelis
403 544 489 583 nati
509 551 809 584 monstrantem
829 543 1013 593 vulnera,
1034 545 1178 592 cernit,

189 595 494 654 Evadnenque,
516 608 558 641 et
576 600 843 655 Pasipha'em
875 600 941 641 his
973 600 1206 641 Laodamia

187 652 226 694 It
247 669 397 705 comes,
419 665 461 697 et
472 658 636 711 juvenis
652 658 878 711 quondam,
899 672 1010 698 nunc
1031 657 1198 706 femina,
1221 656 1371 706 Caenis,

188 710 354 752 Rursus
376 721 418 753 et
438 714 480 753 in
498 721 680 755 veterem
701 714 788 755 fato
810 713 1000 766 revoluta
1019 714 1211 768 figuram.

242 767 358 809 Inter
374 785 477 823 quas
498 770 723 810 Phoenissa
742 785 888 811 recens
906 786 930 811 a
951 770 1121 811 vulnere
1144 770 1261 812 Dido
1543 769 1627 810 450

188 822 372 866 Errabat
392 826 493 866 silva
508 826 550 866 in
570 841 744 881 magna:
777 842 902 880 quam
923 826 1080 867 Troius
1098 827 1237 876 heros,

186 879 247 921 Ut
266 883 445 935 primum
459 883 585 937 juxta
605 884 732 932 stetit,
754 884 1008 937 agnovitque
1026 898 1102 937 per
1120 884 1288 924 umbras

185 936 437 988 Obscuram,
459 939 624 993 qualem
644 940 779 994 primo
801 940 873 993 qui
894 955 1067 994 surgere
1089 954 1230 980 mense

182 994 275 1034 Aut
294 996 420 1045 videt,
443 1004 515 1037 aut
535 997 688 1037 vidisse
704 1004 838 1050 putat,
856 1011 934 1050 per
953 996 1109 1045 nubila,
1131 996 1285 1046 lunam,

182 1049 363 1092 Demisit
380 1051 581 1102 lacrimas,
604 1052 801 1107 dulcique
822 1052 976 1093 affatus
997 1068 1137 1094 amore
1158 1061 1247 1094 est:
1542 1049 1626 1090 455

183 1105 335 1148 Infelix
354 1108 482 1158 Dido,
505 1124 629 1150 verus
645 1109 747 1149 mihi
768 1110 937 1150 nuntius
953 1124 1056 1163 ergo

181 1162 382 1213 Venerat,
400 1166 659 1214 exstinctam,
680 1165 878 1218 ferroque
900 1173 1088 1206 extrema
1112 1173 1323 1214 secutam3

181 1218 358 1262 Funeris
379 1221 463 1262 heu
484 1223 561 1263 tibi
582 1236 708 1263 causa
728 1222 787 1262 fui
805 1223 820 1262 2
855 1222 939 1262 Per
961 1222 1099 1262 sidera
1113 1223 1227 1276 juro,

182 1276 267 1317 Per
287 1293 474 1332 superos,
495 1286 549 1328 et,
571 1279 605 1319 si
626 1294 710 1333 qua
728 1278 836 1319 fides
857 1278 1005 1319 tellure
1028 1280 1106 1319 sub
1126 1280 1208 1320 ima
1228 1286 1305 1327 est,

181 1333 354 1384 Invitus,
377 1338 533 1390 regina,
556 1343 629 1376 tuo
649 1335 703 1376 de
723 1334 843 1376 litore
866 1336 984 1376 cessi.
1541 1337 1624 1377 460

178 1390 267 1431 Sed
283 1407 348 1432 me
364 1392 483 1445 jussa
503 1393 644 1440 deum,
669 1407 764 1444 quae
784 1406 895 1432 nunc
917 1392 994 1432 has
1014 1391 1073 1431 ire
1094 1406 1172 1444 per
1191 1391 1378 1440 umbras,

178 1446 263 1488 Per
280 1447 373 1488 loca
395 1456 513 1489 senta
534 1449 615 1488 situ
636 1455 806 1502 cogunt,
830 1454 1081 1501 noctemque
1099 1448 1367 1501 profundam,

179 1503 370 1557 Imperiis
391 1519 516 1559 egere
535 1505 630 1554 suis,
653 1519 731 1545 nec
751 1505 924 1545 credere
946 1504 1059 1557 quivi

179 1559 308 1601 Hunc
329 1568 490 1602 tantum
510 1562 587 1602 tibi
606 1576 671 1601 me
694 1561 882 1601 discessu
903 1560 1011 1601 ferre
1035 1560 1238 1601 dolorem.

179 1617 290 1658 Siste
311 1619 501 1672 gradum,
523 1625 649 1671 teque
669 1624 844 1671 aspectu
865 1632 916 1657 ne
938 1617 1139 1657 subtrahe
1159 1624 1316 1658 nostro.
1538 1619 1623 1660 465

178 1673 319 1720 Quem
340 1674 478 1729 fugis?
511 1683 758 1723 extremum,
781 1673 868 1715 fato
888 1674 1003 1728 quod
1019 1681 1059 1714 te
1081 1673 1284 1729 alloquor,
1306 1675 1386 1716 hoc
1404 1681 1480 1716 est.

175 1825 257 1861 alibi,
284 1827 312 1856 in
341 1837 376 1856 eo
399 1827 506 1865 judicii
537 1827 744 1857 subtilitatem.
794 1826 881 1856 Conf.

173 1875 294 1903 quoque
311 1867 447 1904 Propert.
462 1867 518 1901 lv,
532 1868 562 1901 7,
578 1869 616 1895 59
629 1877 696 1904 sqq.
718 1866 792 1894 Late
808 1875 880 1894 vero

171 1909 309 1941 patentes
325 1908 449 1943 (partem
462 1907 549 1943 susos
570 1905 599 1933 in
617 1905 741 1939 omnem)
758 1914 880 1942 campos

172 1942 255 1975 facit,
281 1954 348 1976 uon,
364 1948 397 1972 ut
420 1944 522 1982 Intpp.
545 1944 656 1978 volunt,
679 1943 880 1971 multitudinis

173 1991 275 2015 causa,
285 1992 370 2020 quam
381 1983 539 2021 excepturi
548 1988 626 2016 suut,
638 1983 690 2011 sed
699 1986 731 2010 ut
740 1982 879 2010 solitudi-

175 2021 280 2049 nemin
294 2021 330 2049 iis
344 2031 431 2059 quam
444 2022 729 2059 quaerunt‚habeaut
737 2026 879 2049 amantes.

175 2060 271 2087 —445
282 2060 365 2088 Alias
375 2070 451 2088 nunc
463 2060 618 2097 subjungit
630 2061 721 2098 poeta
732 2060 879 2088 heroinas.

175 2097 289 2135 Odyss-
298 2104 326 2133 λ,
336 2099 411 2127 320:
434 2102 549 2133 Φαίδρην
558 2111 586 2127 τε
601 2104 713 2132 Πρόκριν
724 2111 753 2126 τε
768 2102 838 2130 ἴδον,
850 2102 879 2126 et

173 2145 202 2163 V.
215 2137 271 2164 325
283 2147 289 2163 :
305 2150 367 2171 urm,
374 2139 433 2171 epr'Jv
442 2139 464 2165 τ’
480 2141 633 2174 Ἐριφύλην,
643 2142 676 2165 ’Ἠ
686 2141 784 2170 χρυσὸν
795 2140 878 2173 φίλου

172 2177 267 2207 ἀνδρὸς
291 2177 401 2206 ἐδέξατο
432 2178 570 2210 τιμή-εντα.
606 2177 642 2204 de
668 2177 714 2204 his
742 2176 878 2204 omnibus

172 2213 326 2250 Apollod„
338 2214 462 2252 Hygin.,
477 2215 603 2243 Diodor.
616 2215 686 2248 Sic„
697 2214 800 2243 Ovidii
813 2214 878 2242 Me-

170 2251 332 2288 tamorpb.‚
355 2260 464 2289 praeter
484 2253 622 2282 Servium
647 2254 684 2281 ad
710 2253 738 2281 h.
754 2253 786 2286 l.,
809 2263 878 2281 con-

173 2289 316 2318 sulendos
332 2300 398 2318 esse
412 2296 598 2326 utmoueam,
611 2302 734 2320 necesse
748 2301 805 2320 uon
820 2296 878 2320 est.

169 2328 329 2361 (Pluedrct,
347 2329 455 2357 Thesei
471 2339 557 2364 uxor,
572 2341 639 2369 quae
653 2331 691 2358 ob
704 2340 834 2358 amorem
849 2330 877 2357 iu

170 2367 339 2405 privignum
362 2367 565 2405 Hippolytum
580 2379 612 2397 se
628 2369 694 2406 ipsa
716 2368 877 2398 interemit.

170 2406 208 2433 cf.
221 2406 263 2434 Ox
273 2406 314 2433 id.
330 2406 457 2434 Heroid.
472 2406 549 2442 VI.)
568 2408 687 2436 Praeter
698 2407 765 2436 illos
778 2412 876 2436 tamen

169 2454 354 2482 apponemus
365 2444 432 2472 loca
445 2444 547 2472 saltem
562 2446 701 2474 classica.
736 2447 782 2474 De
798 2447 877 2474 Pro-

169 2483 270 2511 cridea
284 2483 389 2511 marito
399 2492 452 2511 suo
465 2483 631 2521 suspicace,
640 2484 773 2521 Cephalo
786 2484 880 2512 invito

170 2520 339 2555 interfecta,
356 2532 384 2549 v.
400 2522 475 2550 Met.
490 2522 553 2550 VH
569 2523 625 2550 sub
639 2523 660 2550 f.
674 2523 721 2551 De
737 2523 879 2560 Eriphyle

172 2569 200 2587 v.
217 2561 275 2588 Od.
291 2573 316 2594 o,
331 2561 389 2589 244
404 2570 466 2598 sq.:
497 2560 574 2588 Stat.
591 2560 625 2588 ΙΙ
637 2561 731 2589 Theb.
746 2563 879 2599 299sqq.

170 2598 228 2631 IV,
240 2600 293 2626 187
312 2609 377 2637 sqq.
397 2599 499 2627 occisa
511 2600 548 2627 ab
559 2599 731 2628 Alcmaeone
746 2600 828 2635 lilio3
850 2610 878 2628 v.

172 2636 391 2674 Apollod.111,
407 2638 437 2671 6,
450 2639 480 2671 2,
490 2639 520 2671 7,
535 2638 553 2666 2
565 2640 631 2666 et5.
654 2637 692 2666 of.
705 2638 747 2666 ibi
759 2639 829 2667 Not.
850 2643 879 2666 et

171 2676 210 2703 de
223 2675 349 2709 Euadne,
367 2676 496 2714 Capanei
510 2686 616 2704 uxore.
625 2675 698 2704 Eur.
710 2676 879 2714 Supplsmo

172 2723 237 2753 sqq.
246 2714 413 2749 Laodamia,
425 2715 583 2744 Protesilai
592 2723 679 2748 uxor,
691 2715 780 2744 velex
790 2715 878 2743 Luci-

920 1826 1622 1864 aniDD.}10rt.etex0vid.Ep.x·111n01a0s13

921 1866 998 1894 etde
1012 1866 1116 1894 Coeneo
1128 1876 1157 1895 v.
1169 1867 1247 1895 Met.
1265 1866 1335 1895 XII
1348 1867 1476 1895 Ovid.v.
1489 1869 1540 1896 171
1556 1879 1623 1906 sqq.

958 1905 1016 1932 450
1030 1915 1096 1943 sqq.
1117 1905 1295 1943 Episndium
1318 1905 1354 1933 de
1377 1906 1500 1939 Didone,
1518 1909 1625 1935 merito

920 1952 975 1971 suo
988 1943 1237 1977 laudatissimum,
1254 1944 1290 1972 ad
1304 1943 1431 1972 Homeri
1446 1945 1567 1973 ductum
1584 1946 1624 1974 de

918 1982 1011 2018 Ajace
1044 1982 1132 2010 Iliad.
1160 1989 1189 2017 λ,
1221 1984 1278 2011 542
1304 1992 1372 2020 sqq.
1400 1983 1626 2012 effinxit—452

918 2020 1025 2048 Suavis
1040 2021 1224 2059 comparatio
1242 2021 1370 2049 Didonis
1386 2032 1466 2059 segre
1485 2032 1539 2059 per
1560 2033 1622 2051 um-

918 2059 1000 2086 bram
1016 2059 1089 2087 visae
1102 2070 1169 2087 cum
1184 2069 1259 2087 nova
1269 2060 1356 2091 luna:
1371 2062 1466 2097 petita
1479 2061 1515 2088 ab
1533 2062 1625 2099 Apol-

918 2096 978 2124 lon.
999 2097 1056 2130 IV,
1078 2098 1164 2126 1479.
1186 2099 1281 2126 1480;
1306 2097 1398 2126 Visus
1417 2104 1464 2127 est
1485 2099 1625 2136 Lynceus

918 2135 1083 2164 Herculem
1102 2136 1206 2173 procul
1228 2136 1341 2168 videre,
1357 2140 1391 2165 ὡς
1411 2140 1450 2166 τίς·
1469 2150 1497 2164 τε
1515 2142 1564 2176 νέῳ
1586 2141 1623 2166 ἐνὶ

918 2176 999 2207 ἤματι
1021 2177 1160 2207 (nostem
1186 2174 1282 2212 primo
1308 2184 1410 2207 mense,
1436 2184 1512 2203 nova
1535 2175 1623 2211 luna)

917 2216 1000 2246 μήνην
1018 2216 1050 2240 ”H
1066 2216 1121 2241 ’ίόεν
1141 2215 1156 2244 ’ἡ
1171 2215 1281 2244 ἐνόησεν
1294 2215 1487 2247 ἐπαχλύουσαν
1510 2216 1625 2243 ἰδέσθαι.

918 2253 1015 2289 -1-313
1039 2251 1156 2279 nuntius
1170 2261 1207 2280 ex
1225 2251 1349 2279 flammis
1370 2251 1537 2280 lucentibus
1557 2263 1625 2291 sup.

918 2290 955 2318 V.
968 2291 1113 2328 pnq159
1125 2290 1152 2317 si
1168 2300 1226 2328 qua
1240 2289 1323 2325 fides.
1345 2290 1371 2317 si
1387 2290 1459 2327 quid
1481 2291 1559 2328 apud
1582 2292 1624 2319 iu-

917 2330 995 2357 feros
1012 2329 1104 2361 aliud,
1119 2329 1199 2366 quod
1222 2329 1307 2356 tidem
1325 2329 1422 2357 facere
1435 2330 1548 2365 juranti
1570 2340 1623 2368 po-

917 2371 993 2397 test:
1015 2367 1045 2395 id
1062 2368 1140 2396 enim
1161 2373 1191 2395 et
1204 2367 1302 2404 ipsum
1317 2367 1390 2403 fides
1407 2367 1466 2395 dici
1481 2368 1568 2403 solet,
1591 2374 1624 2397 ut

917 2416 983 2444 sup.
999 2406 1045 2439 II,
1062 2407 1226 2435 liz-400
1249 2405 1376 2434 Ursinus
1393 2411 1545 2444 comparat
1568 2418 1622 2435 nou

921 2445 998 2473 male
1014 2445 1110 2482 quoad
1120 2445 1210 2472 verba
1222 2444 1334 2472 Catulli
1345 2454 1464 2473 versum
1477 2445 1514 2474 de
1529 2446 1624 2474 Coma

920 2483 1084 2512 Berenices
1097 2495 1102 2510 :
1124 2483 1233 2515 Invita,
1247 2493 1264 2510 ο
1284 2483 1394 2520 reyina,
1406 2487 1455 2511 tuo
1469 2483 1503 2512 de
1521 2485 1625 2513 vertice

919 2522 1099 2550 cessa—402
1108 2522 1181 2550 situs
1189 2521 1364 2550 estiucultae
1372 2521 1489 2550 telluris
1500 2523 1606 2551 horror
1617 2533 1623 2559 ;

920 2561 1021 2598 ltaque
1038 2561 1064 2588 ll.
1087 2560 1107 2588 l.
1121 2562 1261 2593 αὐχμηρὰν
1276 2564 1365 2594 χώραν
1389 2560 1546 2599 inlelligit}
1569 2571 1623 2589 ex-

918 2599 1023 2636 primit
1037 2598 1111 2626 euim
1129 2599 1322 2627 Homericum
1337 2601 1427 2627 Ἀΐδεω
1445 2604 1529 2634 δόμου
1543 2603 1623 2632 εὐρώ-

918 2639 1088 2665 εικτ(ι.-4ύ5
1109 2637 1187 2665 Siste
1203 2637 1337 2675 yradum.
1364 2638 1433 2666 Hoc
1455 2648 1526 2666 vero
1547 2648 1625 2675 [ηπε-

919 2677 999 2704 clare
1027 2686 1065 2704 ex
1091 2676 1149 2704 Od.
1174 2683 1202 2708 λ,
1230 2677 1304 2704 51'10:
1335 2681 1365 2704 et
1391 2677 1468 2704 omni
1493 2676 1623 2704 oratione

919 2715 1064 2743 disertius
1079 2725 1148 2743 mox
1173 2714 1322 2744 silentium
1339 2725 1376 2743 ex
1399 2725 1427 2743 v.
1451 2715 1518 2747 562,
1535 2724 1621 2752 quem
