1796 3077
562 177 848 216 BUCOLICA.
906 178 1021 218 ECL.
1048 180 1123 217 ΙΙΙ.

124 294 367 338 Nascantur
386 296 533 347 flores3
565 305 608 339 et
629 298 825 353 Phyllida
840 298 951 340 solus
967 300 1140 342 habeto.

182 352 289 393 PAL.
320 352 423 395 Non
444 362 632 396 nostrum
647 357 755 398 inter
775 371 847 397 vos
868 364 1003 398 tantas
1024 370 1275 412 componere
1296 356 1413 407 lites;

125 409 214 450 *Et
233 409 362 450 vitula
381 417 427 451 tu
448 412 613 465 dignus,
636 420 678 454 et
699 413 790 454 hic:
831 421 874 454 et
893 415 1081 469 quisquis
1103 415 1294 475 amores*

123 464 243 507 *Aut
259 473 418 508 metuet
439 468 583 510 dulces
605 476 678 510 aut
696 471 940 524 experietur
961 473 1165 512 amarosffi

1496 469 1577 509 110

123 522 317 565 Claudite
332 524 420 579 jam
440 525 563 575 rivos,
581 527 703 581 pueri
720 542 729 577 ;
762 534 826 567 sat
842 534 964 582 prata
985 530 1198 569 biberunt.

159 640 240 669 Nota
261 651 309 670 res
329 641 366 670 de
388 643 554 681 hyacintho,
569 653 598 672 v.
618 654 684 682 sup.
700 643 746 672 ad.
762 643 827 672 Ecl-

120 678 168 711 ΙΙ,
184 680 230 713 18,
246 680 275 708 in
286 681 372 717 cujus
386 681 463 709 soliis
475 682 584 719 passim
595 682 709 711 litteras
724 683 768 711 AI
784 683 827 710 in-

121 718 257 756 scriptas,
278 719 341 747 sive
361 724 396 748 ut
416 723 446 747 Αἵ
468 723 497 747 Αἵ
517 720 585 749 heu!
607 720 680 748 heu!
702 721 828 759 (quibus

121 756 339 786 lamentationes
354 758 510 800 Apollinis,
522 759 723 796 Hyacinthum
743 769 827 796 erep-

120 799 183 823 tum
203 795 421 833 complorantis,
444 801 614 825 notarentur
632 796 698 832 W.)
717 797 780 825 sive
797 801 829 825 ut

120 835 229 862 Αἴαντος
243 844 266 862 s.
278 834 376 871 Ajacis
387 844 488 863 nomen
498 835 557 873 (Et
566 835 644 873 apud
652 835 828 873 Sophoclem

118 871 168 905 Αἱ,
184 873 330 901 530—33.
344 872 445 910 Ajacis
464 883 565 901 nomen
588 874 623 901 ab
637 873 676 907 αἱ,
701 873 730 901 αῖ
751 873 828 901 deri-

118 914 205 939 vatur
220 910 284 947 W‘.)
299 921 475 949 expressum
486 917 576 945 esset,
587 915 702 940 veteres
716 921 826 940 memo-

117 949 230 978 rabant.
247 950 293 978 Cf.
311 949 402 978 Ovid.
418 950 603 985 Met.X111,
624 950 828 988 398.—Reqes

117 987 208 1016 duces
224 988 418 1025 Graecorum3
448 999 508 1018 vox
525 989 695 1018 Homerica.
737 989 828 1028 Apud

116 1025 289 1055 Ciceronem
304 1027 341 1064 A,
355 1037 505 1056 amemnon
520 1038 570 1056 rex
584 1038 691 1066 requiri.
707 1028 751 1056 H.
786 1028 828 1057 Et

117 1063 298 1102 Hyacintho,
358 1065 415 1094 bali
437 1066 515 1104 regis
536 1066 827 1096 Lacedaemoniorum

119 1102 190 1138 filio,
211 1114 314 1132 vocem
340 1113 439 1141 reyum
463 1106 627 1139 convenire,
651 1105 763 1134 monuit
783 1105 826 1133 H.

121 1141 257 1170 Vossius.
308 1143 350 1171 At
371 1143 414 1171 illi
436 1153 491 1171 non
513 1144 687 1173 conveniiuit
716 1144 824 1172 verba:

110 1179 202 1215 flores
221 1181 353 1218 inscripti
372 1180 486 1210 nomina
511 1193 620 1221 requi-n.
660 1182 737 1211 Nam
759 1182 789 1210 H
792 1193 825 1220 y-

118 1218 225 1247 acinthi
242 1230 346 1248 nomen
367 1220 541 1258 inscriptum
564 1232 618 1250 non
638 1225 695 1255 est,
716 1220 769 1249 sed
784 1221 825 1249 la-

117 1257 309 1287 mentationes
324 1262 436 1287 tantuin
458 1259 498 1294 αἶ,
523 1260 553 1288 αἱ
570 1261 677 1298 quibus
698 1264 827 1288 amatum

117 1299 253 1339 ereptum
272 1301 447 1334 prosecutus
472 1306 518 1327 est
540 1299 660 1338 Apollo,
686 1302 719 1326 ut
737 1298 827 1327 tradit

118 1334 245 1363 Ovidius
258 1335 382 1363 hletam.
395 1336 495 1371 XIII,
514 1338 582 1366 397.
612 1337 728 1366 Littera
750 1346 823 1365 com-

116 1372 210 1401 munis
220 1373 320 1402 mediis
330 1384 476 1413 pueroque
490 1376 606 1415 viroque
622 1376 770 1413 Inscripta
782 1379 826 1403 est

109 1410 211 1444 foliis.-
232 1412 292 1440 hoec
304 1413 436 1448 nominis,
453 1413 503 1442 illa
517 1414 650 1453 querelce.
686 1414 765 1444 Add.
779 1414 824 1448 X,

116 1449 184 1478 206.
206 1451 253 1478 Ad
262 1451 384 1487 Ajacem
395 1452 490 1480 solum
503 1454 567 1482 hacc
578 1455 668 1483 verba
679 1453 825 1491 pertinere

115 1487 262 1517 videntur.
282 1488 425 1519 W.—107
442 1491 590 1529 Phyllida,
603 1503 690 1530 quam
702 1496 826 1528 uterque

117 1526 238 1555 amicam
254 1527 311 1556 sibi
326 1528 497 1564 vindicarat,
513 1533 589 1559 v.76
599 1531 742 1568 sq.—IOS
756 1529 826 1557 Non

116 1570 247 1593 nostrum
263 1576 305 1594 sc.
330 1568 485 1596 θεὴ-109
507 1574 534 1597 et
559 1569 691 1607 quisquis
715 1577 828 1595 autores

115 1607 172 1631 etc.
214 1605 255 1633 Ut
265 1604 329 1633 haec
342 1607 433 1634 verba
446 1616 499 1643 per
512 1618 543 1635 sc
557 1617 675 1635 sensum
690 1607 827 1634 idoneum

116 1642 252 1676 habeant,
266 1652 322 1670 non
343 1647 449 1679 tamen,
465 1646 535 1681 quid
551 1646 587 1673 ad
602 1645 743 1683 reliquam
761 1653 826 1671 sen-

116 1680 236 1708 tentiam
260 1681 375 1714 saciant,
392 1683 428 1709 ab
443 1683 503 1711 ullo
517 1684 711 1721 interpretum
733 1681 825 1710 moni*

117 1722 180 1746 tum
194 1723 249 1747 est.
300 1719 424 1748 Referre
446 1720 639 1760 interpretum
664 1724 829 1750 commenta

117 1756 157 1783 nil
173 1757 275 1786 attinet
283 1767 292 1794 3
315 1757 422 1796 frigere
437 1760 514 1789 enim
535 1771 569 1789 ea
592 1770 659 1789 cum
674 1760 740 1799 ipso
762 1768 825 1787 car-

868 643 944 672 mine
960 654 1078 674 necesse
1092 649 1156 681 est3
1185 654 1238 673 nec
1252 642 1435 672 satisfaciunt
1450 652 1494 674 ea.
1509 651 1576 679 quae

868 682 905 710 ad
917 683 1130 712 defendendum
1144 684 1262 721 poetam
1272 682 1359 710 allata
1371 681 1442 710 vidi.
1466 681 1578 709 Verum

870 721 1020 750 Paltemon
1036 722 1182 760 ejusmodi
1196 721 1350 749 arbitrium
1363 719 1444 754 facit,
1458 723 1492 748 ut
1507 729 1577 748 neu-

868 759 906 786 tri
923 760 1049 796 palmam
1063 760 1230 797 adjudicare
1244 760 1321 788 ausit
1336 769 1364 787 v.
1381 759 1449 787 108.
1490 758 1578 786 Hanc

868 797 1077 834 interpretatus
1099 803 1145 827 est
1165 798 1239 826 alius
1261 796 1444 828 sententiam.
1462 800 1578 825 utrum-

869 845 926 872 que
941 846 1042 873 parem
1060 846 1136 870 esse,
1159 840 1193 864 ut
1214 836 1285 863 adeo
1307 835 1391 869 alter,
1414 835 1579 869 Menalcas,

868 873 970 909 vitula,
984 875 1020 902 ab
1030 874 1205 911 Damortajin
1219 873 1374 911 sponsione
1390 873 1498 911 posita,
1515 874 1578 902 Da-

869 916 975 940 moetas
985 918 1083 941 autem
1091 912 1303 952 poculofayino
1315 911 1458 940 Menalcae
1471 911 1579 950 dignus

867 950 961 979 videri
974 951 1090 981 debeat.
1140 951 1206 981 Jam
1228 960 1370 988 quorsum
1387 950 1517 988 reliqua:
1551 955 1580 978 et

868 989 999 1027 quisquis
1078 1000 1194 1019 ammos
1224 993 1368 1027 spectent,
1403 998 1459 1017 non
1493 989 1578 1018 facile

867 1027 959 1056 dicas.
990 1028 1067 1057 Nam
1083 1030 1119 1058 de
1134 1037 1231 1057 amore
1242 1038 1298 1056 non
1312 1028 1464 1066 agebatur,
1478 1037 1530 1055 nec
1540 1027 1579 1056 de

867 1065 964 1094 fausto
979 1066 1026 1095 vel
1042 1067 1169 1096 infausto
1184 1066 1291 1095 amoris
1304 1075 1462 1102 successu;
1484 1075 1578 1104 neque

867 1104 903 1132 ad
934 1105 1101 1148 Phyllidem
1126 1116 1156 1134 v.
1178 1106 1232 1134 107
1254 1104 1363 1133 retrahi
1387 1105 1441 1133 hoc
1467 1109 1578 1142 potest.

866 1143 1041 1172 Theocritus
1057 1145 1114 1179 VI,
1131 1145 1180 1173 46.
1220 1146 1282 1174 Νίκη
1294 1146 1347 1177 μὰν
1362 1145 1415 1170 οὐδ’
1432 1147 1519 1172 ἄλλος
1534 1143 1577 1170 vi-

866 1181 906 1209 (Ῐί
921 1186 1030 1217 neuter,
1045 1186 1195 1211 ιἰνιὶσσιιτοι
1212 1184 1235 1210 δ’
1250 1184 1384 1216 ἐγένοντο.
1397 1181 1442 1210 Η.
1463 1181 1496 1210 Si
1510 1192 1576 1210 ver-

867 1230 918 1248 sus
932 1222 997 1250 109.
1011 1222 1089 1256 110„
1111 1225 1144 1250 nt
1158 1221 1201 1250 H.
1213 1220 1323 1248 Vossio
1338 1220 1446 1254 visum,
1460 1220 1577 1258 genuini

867 1263 945 1294 sunt,
970 1270 1038 1288 cum
1054 1270 1089 1288 eo
1111 1264 1141 1288 at
1164 1269 1219 1297 pro
1236 1263 1263 1287 et
1278 1258 1474 1293 scribendum,
1497 1259 1578 1297 quis-

864 1298 930 1335 quis
951 1308 1006 1336 pro
1031 1298 1165 1336 quisquis
1188 1301 1235 1326 est
1258 1297 1305 1325 vel
1328 1296 1464 1335 quisque,
1487 1301 1577 1335 atque

865 1337 955 1365 verba
968 1342 1125 1365 ets-amaros
1138 1346 1192 1375 pro
1205 1335 1348 1364 sententia
1362 1336 1488 1373 generali
1501 1336 1576 1364 acci-

864 1374 970 1411 pienda
985 1379 1063 1409 sunt,
1080 1386 1137 1413 qna
1154 1375 1304 1404 Palmmon
1322 1374 1457 1411 juvenes,
1474 1375 1524 1412 qui
1537 1376 1576 1403 64

864 1415 941 1441 -83
955 1418 984 1443 et
1002 1415 1066 1442 100.
1082 1424 1128 1443 res
1141 1413 1296 1442 amatorias
1312 1416 1479 1447 tractarent,
1494 1422 1529 1442 ne
1545 1413 1574 1441 in

865 1462 978 1481 amores
991 1453 1205 1486 delaberentur,
1214 1451 1336 1479 monuit.
1365 1452 1413 1480 Ad
1422 1451 1576 1479 lectionem

864 1491 973 1519 codicis
984 1491 1066 1520 Med.
1076 1492 1257 1528 aliorumque
1264 1494 1370 1518 metuat
1377 1490 1575 1527 recipiendum

864 1539 974 1566 pronus
987 1540 1093 1563 essem,
1110 1529 1166 1557 nisi
1178 1533 1228 1556 aut
1238 1528 1430 1570 praecederet.
1448 1527 1496 1557 W.

904 1568 960 1595 111
985 1567 1118 1595 Claudite
1130 1567 1194 1603 jam
1216 1575 1305 1594 rszS.
1345 1565 1455 1594 Exisse
1474 1566 1574 1595 Palae-

866 1614 933 1633 mon
946 1605 1163 1643 intelligendus,
1179 1607 1213 1632 ut
1226 1604 1319 1632 servis
1331 1604 1392 1632 suis
1404 1604 1574 1642 imperaret,

868 1647 900 1671 ut
928 1643 1008 1671 rivos
1040 1654 1093 1672 seu
1123 1642 1238 1671 canales
1261 1643 1297 1670 ad
1319 1642 1466 1681 irriganda
1490 1648 1575 1681 prata

868 1681 1024 1718 aperirent.
1063 1682 1181 1711 Interea
1197 1691 1213 1709 a
1232 1681 1369 1709 Menalca
1382 1685 1412 1709 et
1434 1682 1574 1711 Damoeta

867 1720 976 1748 arbiter
991 1720 1162 1753 advocatus,
1176 1724 1250 1751 tum,
1262 1719 1343 1747 finito
1356 1720 1522 1754 certamine,
1538 1721 1574 1749 ad

867 1768 969 1787 servos
982 1768 1013 1787 se
1023 1758 1178 1788 convertit.
1189 1758 1227 1787 ct'.
1240 1757 1370 1796 Calpurn
1385 1758 1432 1794 11,
1444 1759 1493 1795 96,
1504 1760 1554 1788 97.

741 1888 934 1915 ...Φ-

464 2011 763 2054 ECLOGA
801 2014 884 2055 lv.
944 2014 1232 2056 POLLIO.

629 2110 1051 2150 ARGUMENTUM.
1265 2078 1270 2081 ’

168 2203 215 2241 IN
233 2204 304 2241 hac
322 2203 469 2253 Ecloga
498 2205 778 2255 interpretanda
796 2206 870 2243 dici
889 2207 954 2243 vix
972 2214 1097 2256 potest
1116 2220 1230 2256 quam
1249 2207 1398 2244 inanem
1415 2220 1570 2257 operam

116 2264 156 2294 et
173 2257 264 2293 olim
282 2257 542 2302 Grammatici,
570 2267 608 2295 et
625 2258 712 2296 hinc
731 2259 802 2296 viri
821 2260 935 2304 docti,
956 2273 1053 2297 vana
1072 2259 1255 2309 religione
1275 2261 1385 2310 capti,
1406 2274 1568 2299 navave-

116 2310 202 2347 rint.

261 2309 577 2348 Vaticinationem
605 2311 760 2362 Sibyllae
790 2312 837 2349 de
864 2311 1007 2350 Christi
1025 2313 1211 2350 natalibus
1230 2327 1449 2363 expressam
1472 2328 1569 2360 esse,

115 2376 229 2411 quarn
249 2361 433 2412 Virgilius
452 2364 646 2414 ingeniose
673 2365 722 2402 ad
752 2365 896 2403 natales
915 2366 1053 2403 nobilis
1082 2367 1191 2416 pueri
1221 2366 1465 2411 transtulerit,
1485 2367 1568 2417 jam

114 2415 348 2460 Lactantius,
383 2415 507 2454 Instit.
526 2416 618 2462 VII,
652 2421 715 2455 24.
737 2419 881 2462 statuit,
903 2426 940 2456 et
959 2418 1204 2456 Constantius
1224 2419 1283 2456 M.
1302 2420 1340 2456 in
1367 2419 1495 2456 Onu.
1514 2433 1568 2457 AD

116 2468 355 2505 SANCTORUM
367 2479 519 2513 cOETUM,
536 2483 661 2519 graece
672 2471 820 2508 reddita
833 2484 856 2508 a
867 2484 942 2508 non
954 2472 1106 2508 indocto
1118 2472 1280 2518 homine,
1294 2472 1450 2510 Eusebii
1461 2473 1568 2509 libris

115 2521 163 2558 de
180 2521 258 2558 vita
277 2520 515 2558 Constantini
530 2522 717 2572 adjuncta,
735 2523 885 2572 (versus
900 2523 1061 2561 Graecos
1079 2524 1116 2561 in
1132 2524 1309 2563 Excursu
1328 2526 1359 2563 Ι.
1377 2525 1427 2562 ad
1441 2525 1567 2562 Buco-

115 2573 188 2610 lica
206 2574 425 2611 emendatos
444 2574 616 2612 exhibuit
634 2576 810 2626 Heynius
839 2576 913 2625 W.)
933 2590 964 2614 c.
984 2580 1045 2614 19.
1072 2591 1127 2627 sq.
1145 2578 1404 2616 demonstrare
1422 2578 1564 2622 voluit;

116 2625 224 2675 cujus
257 2628 522 2664 auctoritatem
559 2641 644 2665 cum
681 2629 771 2667 olim
802 2630 1027 2680 plerumque
1059 2629 1262 2669 Christiani
1294 2632 1464 2669 homines
1498 2631 1567 2678 (cf.

117 2677 356 2720 Wernsdorf.
376 2680 485 2719 Poet.
506 2680 630 2719 Latin.
650 2682 741 2720 min.
763 2682 812 2721 T.
829 2683 900 2720 IV.
920 2697 960 2733 p.
978 2686 1053 2723 767
1073 2683 1162 2734 sq.),
1193 2693 1273 2723 tum
1293 2683 1566 2724 recentioribus
