1796 3077
182 180 269 224 144

180 296 263 338 Pes
284 297 420 346 etiam,
441 303 483 337 et
502 296 680 336 camuris
701 295 821 335 hirtae
845 295 923 334 sub
944 294 1139 335 cornibus
1160 308 1296 336 aures·

612 176 654 214 P.
686 173 918 213 VIRGILII
951 173 1199 212 MARONIS

179 353 274 395 Nec
294 354 395 395 mihi
415 352 633 406 displiceat
653 349 824 392 maculis
846 351 1017 405 insignis
1039 358 1080 391 et
1101 350 1210 400 albo,

178 409 269 451 Aut
282 413 387 465 juga
409 411 659 456 detrectans,
682 407 977 462 interdumque
998 422 1149 461 aspera
1167 422 1310 457 cornu,

180 467 239 508 Et
260 467 405 508 faciem
426 474 546 506 tauro
566 464 752 519 propior,
773 478 953 518 quaeque
978 464 1111 504 ardua
1132 471 1232 514 tota,
1270 484 1277 489 ·

180 523 239 565 Et
259 525 454 577 gradiens
474 524 557 562 ima
577 522 704 562 verrit
723 521 899 574 vestigia
919 521 1067 562 cauda.

178 577 302 621 sEtas
321 581 524 621 Lucinam
539 579 762 633 justosque
781 577 869 631 pati
888 577 1129 632 hymenaeos

1571 576 1628 616 60

178 637 344 678 Desinit
363 644 460 678 ante
481 636 640 683 decem,
661 642 759 689 post
778 641 960 688 quatuor
982 635 1127 689 incipit
1147 649 1301 683 annos;

179 694 330 734 Cetera
350 709 426 735 nec
447 692 595 734 feturae
618 691 783 740 habilis,
807 705 884 732 nee
906 691 1025 732 fortis
1045 692 1208 732 aratris.

178 750 355 799 Interea,
379 758 550 805 superat
570 749 768 804 gregibus
791 748 891 788 dum
911 747 1007 788 laeta
1022 749 1231 802 juventas,

177 806 302 848 Solve
323 822 481 855 mares3
511 807 628 847 mitte
648 808 689 846 in
709 805 920 846 Venerem
939 806 1138 859 pecuaria
1157 806 1329 859 primus,

175 863 319 917 Atque
340 864 461 905 aliam
482 878 534 904 cx
555 863 635 904 alia
655 861 897 917 generando
919 862 1062 902 suffice
1083 862 1256 915 prolem.

177 921 351 975 Optima
370 936 550 975 quaeque
571 920 660 960 dies
679 919 838 960 miseris
859 918 1105 959 mortalibus
1126 919 1203 959 aevi

176 977 316 1018 Prima
336 978 442 1032 fugit
460 994 468 1025 3
495 978 676 1018 subeunt
695 976 829 1016 morbi
851 975 1063 1028 tristisque
1085 982 1303 1023 senectus3

177 1034 236 1075 Et
256 1034 374 1076 labor
394 1041 436 1075 et
457 1034 575 1074 durae
597 1033 706 1087 rapit
726 1031 988 1072 inclementia
1005 1032 1163 1073 mortis.

176 1091 352 1145 Semper
374 1098 508 1140 erunt,
529 1105 707 1144 quarum
727 1089 877 1129 mutari
899 1103 1077 1143 corpora
1098 1088 1239 1137 malis·;

176 1148 353 1202 Semper
374 1148 482 1189 enim
501 1147 645 1199 refice,
667 1160 728 1194 ae,
750 1159 801 1186 ne
822 1152 918 1199 post
939 1146 1089 1186 amissa
1109 1146 1311 1199 requiras,

173 1264 274 1297 rectis,
296 1266 508 1299 βαθυπλεύρους,
530 1272 596 1291 esse
618 1262 681 1290 vult
695 1272 744 1291 eas
764 1271 881 1290 vaccas.

174 1305 250 1331 —55
265 1303 324 1331 Pes
338 1302 435 1335 etiam,
456 1302 572 1330 scilicet
587 1310 708 1339 magnus
723 1304 781 1329 est.
812 1300 881 1328 Hoc

174 1341 319 1370 naturalis
334 1340 476 1369 orationis
492 1340 565 1368 ordo
582 1339 681 1368 offert.
722 1340 817 1369 Poeta
835 1343 879 1367 to-

174 1382 238 1408 tum
264 1390 331 1408 crus
359 1389 393 1407 eo
430 1379 544 1407 nomine
580 1378 736 1415 designare
773 1378 881 1415 potuit.

175 1419 271 1447 Crura
283 1422 381 1447 autem
392 1417 481 1446 etiam
494 1418 589 1445 Varro
608 1416 627 1445 l.
644 1417 670 1445 Ι.
685 1416 817 1445 breviora
831 1427 884 1454 po-

174 1457 231 1485 tius
252 1467 338 1496 quam
361 1456 446 1495 [onya
465 1466 531 1485 esse
551 1455 656 1489 voluit,
678 1460 711 1483 ut
735 1466 772 1484 ex
799 1455 884 1483 libris

174 1495 216 1524 ibi
229 1495 387 1534 legendum
401 1505 408 1525 ς
431 1495 495 1526 sed.
511 1504 579 1522 cum
593 1494 698 1522 brevia
714 1499 792 1527 sunt,
804 1504 884 1522 cras·

176 1544 220 1568 sa,
241 1538 386 1572 compacta
406 1533 456 1571 (ut
472 1533 590 1562 Colum.
605 1532 663 1566 vl,
689 1533 716 1566 1,
733 1534 766 1570 3)
789 1542 883 1568 eoque

175 1582 280 1611 magna
294 1582 360 1601 esse
374 1576 508 1610 possunt.
521 1575 606 1602 σκέλη
619 1576 757 1604 παχύτερα
771 1576 883 1604 μᾶλλον

175 1612 190 1643 ἦ
216 1615 380 1645 μακρότερα,
410 1611 543 1648 Geopon.
571 1609 684 1643 Xx‘n,
708 1611 737 1638 2.
764 1619 883 1638 camara

174 1660 283 1678 cornua
305 1654 372 1678 sunt
392 1649 525 1681 incurva,
546 1647 706 1676 introrsum
730 1657 882 1677 conversa.

175 1699 206 1717 v.
228 1689 364 1717 Macrob.
387 1688 452 1716 Sat.
473 1687 530 1720 VI,
551 1687 580 1714 4.
601 1688 693 1715 ἕλικας
713 1690 782 1722 βόας
808 1689 883 1720 εὐρυ-

174 1730 313 1759 μετώπους
335 1726 463 1755 Homeri
488 1727 539 1768 (ut
552 1724 665 1761 odyss.
680 1730 707 1757 λ,
733 1726 808 1756 288)
828 1735 883 1753 non

176 1766 252 1794 male
265 1768 417 1802 comparat
431 1763 649 1792 Ursinus—‚36
664 1762 727 1790 Nec
742 1762 813 1790 mlln'
825 1762 882 1790 clis-

172 1803 289 1847 pliceat.
330 1802 445 1831 Litotes
459 1801 553 1839 figura
566 1806 623 1834 est,
639 1800 734 1837 inquit
748 1801 883 1835 Servius,

175 1843 206 1870 id
231 1846 288 1875 est,
317 1841 405 1869 valde
429 1840 555 1878 placeat,
577 1842 611 1866 ut
634 1838 693 1866 AEn
717 1839 793 1872 vll,
815 1840 884 1868 261.

175 1880 303 1908 Munera
328 1890 377 1907 nec
404 1877 676 1916 sperum—maculis
702 1876 822 1915 insiynis
855 1882 881 1906 et

174 1918 256 1947 albo:
279 1917 401 1946 delinire
422 1927 477 1945 non
497 1916 603 1948 ausim,
624 1920 723 1944 utrum
741 1916 799 1944 sint
821 1926 882 1944 ma-

175 1957 251 1985 culae
278 1956 369 1993 nigrae
390 1955 418 1984 in
442 1955 509 1983 albo
530 1964 667 1992 corpore.
695 1964 729 1982 an
756 1955 831 1983 albae
855 1955 882 1983 in

176 1995 261 2034 nigro
287 1993 403 2027 rufove,
437 1998 470 2021 ut
493 1993 548 2022 sint
578 1992 695 2020 macnlae
719 1997 746 2020 et
779 1993 883 2026 album,

176 2033 301 2062 maculae
330 2033 416 2065 albae,
441 2036 509 2060 nota
534 2032 639 2069 figura.
687 2030 885 2060 Commendat

178 2077 275 2100 tamen
286 2071 342 2099 hoc
354 2072 420 2108 ipsa
432 2071 589 2099 verborum
602 2071 753 2107 junctura,
769 2071 885 2099 maculis

176 2115 203 2139 et
214 2111 288 2139 albo.
302 2110 348 2138 Η.
358 2110 550 2147 Quantopere
563 2108 709 2145 Virgilius
722 2109 885 2147 hendiadyin

177 2149 329 2181 amaverit,
350 2148 509 2186 exemplis,
531 2147 559 2175 in
580 2147 688 2185 quibus
709 2151 740 2175 et
759 2148 814 2176 hoc
828 2153 884 2182 est,

177 2188 279 2216 docuit
298 2186 457 2215 Forcellini
473 2187 528 2215 sub
544 2197 572 2214 v.
585 2185 648 2214 endi
659 2185 742 2220 adiu
765 2196 817 2214 nec
832 2197 883 2215 ve-

177 2235 256 2259 reor,
291 2235 327 2253 ne
355 2225 421 2263 quis
448 2224 575 2253 maculas
602 2224 631 2252 al
650 2234 683 2252 as
708 2224 766 2252 dici
795 2230 885 2262 neget

176 2263 262 2301 (ΖΕΒ.
288 2262 353 2297 IX,
374 2264 440 2297 49.)
486 2264 552 2292 Nec
581 2267 677 2292 tamen
697 2263 735 2291 ad
760 2263 884 2299 figuram

177 2302 258 2330 illam
272 2302 501 2340 confugiendum
515 2312 581 2330 esse
602 2305 686 2339 pute,
708 2301 760 2330 ubi
774 2296 830 2330 fflia
841 2303 884 2330 in·

178 2340 356 2378 terpretatio
381 2341 456 2369 bona
484 2344 634 2378 suppetat.
676 2339 783 2377 Itaque
809 2341 838 2369 h.
865 2341 885 2369 Ι.

177 2379 309 2416 priorem
326 2379 467 2408 rationem
483 2379 595 2416 Heynii
608 2378 746 2416 praeI'erO.
789 2379 829 2407 Et
849 2380 886 2408 de

178 2417 270 2446 colore
295 2417 400 2454 optimo
425 2427 581 2446 vaccarum
605 2427 660 2445 non
684 2417 741 2455 agi,
764 2417 884 2446 demon-

179 2459 275 2484 strant
287 2456 378 2483 verba
393 2456 456 2484 Nec
472 2456 541 2484 mihi
554 2455 713 2492 displiceat.
748 2455 795 2484 W.

216 2496 265 2523 60.
277 2494 315 2522 62
336 2493 422 2522 AEtas
433 2496 516 2531 justa
533 2495 568 2523 ad
585 2493 798 2523 admittendum
819 2498 884 2523 tau-

179 2543 245 2562 rum
258 2536 288 2561 et
301 2533 484 2569 pariendum.
518 2533 634 2561 Colum.
649 2531 707 2565 VI,
729 2534 778 2567 24,
794 2535 819 2562 1.
834 2533 884 2561 Ex

180 2571 235 2605 his,
256 2570 306 2609 qui
327 2571 487 2608 quadrimis
511 2571 635 2599 minores
648 2575 726 2603 sunt,
748 2572 885 2609 majores-

180 2620 234 2649 que
254 2618 339 2648 quam
358 2608 500 2637 duodecim
520 2614 637 2646 (noster
655 2609 775 2641 decem)
796 2619 884 2637 unno-

180 2659 256 2680 γιινη.
276 2646 460 2684 prohibentur
480 2647 642 2676 admissura
666 2651 722 2675 etc.
745 2647 782 2676 cs.
808 2648 883 2676 Var-

181 2697 243 2715 run.
260 2687 299 2715 R.
313 2685 352 2714 R.
367 2686 411 2719 ΙΙ,
425 2688 454 2720 5,
470 2687 525 2714 13:
550 2686 626 2714 Ptin.
640 2685 734 2720 VIII,
748 2687 784 2714 45
800 2687 883 2715 s.70.

921 1261 966 1290 Tu
982 1261 1062 1295 vide,
1086 1271 1173 1300 quam
1188 1267 1269 1290 caste
1282 1265 1312 1290 et
1326 1261 1432 1290 decore
1469 1261 1536 1289 o'e'ta
1556 1261 1629 1289 hanc

922 1311 984 1329 rem
1000 1300 1183 1338 expresserit
1196 1311 1202 1335 3
1225 1304 1257 1328 ut
1271 1304 1300 1329 et
1314 1300 1342 1328 in
1359 1310 1424 1338 sqq.
1461 1299 1518 1328 usti
1531 1299 1628 1336 hyme-

920 1339 987 1372 noei,
1004 1340 1089 1376 justa
1113 1342 1143 1367 et
1166 1343 1283 1367 matura
1306 1342 1393 1367 :etate
1412 1338 1564 1367 inuh—63
1584 1349 1631 1376 sq.

919 1377 1047 1411 Interea,
1076 1378 1104 1406 iu
1127 1378 1224 1415 spatio
1253 1378 1308 1406 hoc
1334 1377 1532 1415 quinquennii,
1559 1377 1631 1405 dum

920 1417 1046 1453 juvenili
1060 1417 1162 1453 vigore
1177 1420 1299 1445 utuntur
1313 1416 1407 1444 boves
1422 1426 1454 1444 ac
1475 1415 1562 1450 tauri,
1577 1416 1631 1444 hos

925 1455 1136 1484 admitte—04
1157 1455 1296 1493 pecuaria
1317 1464 1373 1482 non
1395 1455 1460 1483 loca
1481 1454 1556 1489 11.l.‚
1578 1454 1630 1483 sed

924 1493 990 1531 ipsa
1002 1503 1123 1531 pecora,
1145 1494 1248 1526 boves,
1271 1496 1357 1528 sunt;
1379 1493 1439 1521 vid.
1464 1493 1551 1522 Pers.
1566 1492 1632 1526 ΙΙΙ,

923 1533 953 1565 9,
975 1532 1013 1560 cs.
1034 1533 1084 1560 inf.
1106 1532 1163 1560 472
1184 1531 1454 1569 ‹estium—primus,
1476 1531 1506 1560 h.
1528 1541 1631 1570 quam-

922 1570 1062 1608 primum,
1083 1571 1178 1605 mitte,
1200 1571 1269 1599 dum
1280 1569 1424 1607 juvenilis
1440 1574 1512 1598 aetas
1527 1580 1632 1624 super-

923 1614 982 1643 est,
1002 1609 1101 1638 durat.
1122 1610 1172 1638 Sic
1192 1619 1260 1638 mox
1284 1608 1390 1638 Prima
1404 1609 1496 1647 fizgn't,
1521 1618 1611 1647 vulgo

921 1648 990 1676 cito.
1020 1648 1065 1676 H.
1091 1648 1222 1676 Multum
1245 1647 1389 1676 differunt
1407 1646 1560 1676 sententiae
1586 1657 1632 1675 ve-

921 1686 997 1714 niam
1013 1687 1228 1725 quamprimum
1244 1687 1273 1714 h.
1284 1697 1310 1715 e.
1324 1695 1412 1724 quam
1424 1686 1552 1725 primum
1567 1685 1633 1715 fieri

922 1725 1042 1761 poterit.
1066 1730 1095 1753 et
1110 1725 1220 1753 reniam
1231 1725 1345 1763 primas
1358 1725 1387 1753 h.
1402 1735 1428 1753 e.
1443 1724 1524 1763 prior
1538 1724 1632 1753 omni-

922 1763 989 1791 bus.
1015 1763 1061 1792 W.
1094 1764 1137 1792 Ut
1150 1764 1208 1792 sint
1222 1763 1316 1792 (etatis
1331 1763 1440 1797 medice,
1461 1762 1553 1800 mayis
1566 1773 1632 1801 quae

913 1801 1063 1838 juventute
1089 1802 1182 1830 minor
1203 1807 1256 1835 est,
1278 1813 1364 1841 quam
1386 1813 1451 1840 quoe
1468 1801 1587 1830 declinet
1601 1801 1632 1830 in

921 1839 1042 1867 senium.
1075 1839 1192 1868 Paliad.
1218 1841 1274 1871 lv,
1307 1842 1354 1873 11,
1380 1842 1487 1869 4.—fflj
1513 1839 1632 1878 Optima

922 1877 992 1911 dies,
1018 1882 1051 1905 ut
1071 1878 1190 1915 optima,
1218 1877 1329 1911 melior,
1350 1878 1422 1906 laona
1435 1883 1517 1912 aetas,
1535 1879 1630 1915 deju-

923 1920 1054 1945 ventute.
1095 1916 1274 1944 Sententiam
1290 1916 1337 1944 hic
1356 1917 1505 1950 insertam,
1528 1916 1556 1944 in
1573 1926 1633 1954 qua

923 1955 959 1982 ad
987 1954 1118 1982 homiues
1146 1955 1237 1983 refert
1265 1955 1336 1983 vitae
1361 1954 1461 1982 brevis
1483 1964 1517 1983 ac
1538 1954 1631 1984 ssuxae

924 1993 1133 2026 conditionem,
1161 1993 1260 2021 necin
1286 1993 1456 2031 pecudibus
1483 1993 1633 2027 subsistit,

925 2041 981 2059 non
994 2032 1066 2060 satis
1079 2041 1147 2060 cum
1169 2031 1274 2060 ceteris
1298 2031 1424 2060 vinctam
1446 2036 1475 2060 et
1496 2033 1631 2069 junctam

925 2080 991 2098 esse
1005 2070 1098 2103 dicas,
1115 2074 1144 2098 at
1155 2070 1223 2107 plus
1236 2070 1388 2108 dignitatis
1401 2080 1453 2108 per
1466 2070 1545 2099 illam
1561 2070 1630 2099 loeo

925 2109 1239 2137 conciliari.--69-71
1257 2108 1399 2137 Deiectus
1418 2119 1574 2137 vaccarum
1594 2110 1632 2138 ad

925 2147 1137 2176 admissionem
1156 2147 1312 2185 quotannis
1332 2147 1494 2176 faciendus.
1535 2148 1632 2177 Varro

924 2185 964 2214 R.
980 2186 1020 2214 R.
1034 2186 1082 2217 ΙΙ,
1104 2188 1134 2219 5,
1158 2187 1205 2214 17.
1231 2185 1307 2214 Item
1327 2186 1380 2223 (de
1395 2186 1492 2214 bobus
1505 2196 1521 2214 a
1543 2187 1631 2224 ebat)

923 2229 955 2252 ut
981 2224 1010 2252 in
1036 2224 1158 2263 reliquis
1183 2223 1318 2263 yreyibus
1338 2224 1485 2262 pecuariis
1528 2224 1632 2254 electus

923 2263 1075 2301 quotannis
1107 2262 1261 2296 habendus,
1295 2263 1419 2300 rejiculae
1455 2263 1631 2302 rejiciunda’,

923 2301 999 2339 quod
1012 2300 1104 2329 locum
1117 2306 1253 2339 occupant
1268 2311 1378 2333 eurum.
1399 2304 1552 2340 qemfhrrc
1586 2312 1631 2330 os-

924 2341 1123 2376 suntfiuclus.
1157 2340 1276 2369 Colum.
1290 2341 1347 2375 VI,
1369 2341 1418 2375 22,
1441 2341 1467 2369 l.
1510 2339 1550 2368 Se
1583 2349 1633 2368 cu-

924 2378 1045 2406 randum
1059 2382 1100 2406 est
1111 2378 1241 2407 omnibus
1253 2379 1336 2407 annis
1348 2379 1377 2407 in
1390 2380 1441 2408 hoc
1454 2388 1533 2417 (eque
1546 2382 1633 2417 atque

925 2416 955 2444 in
980 2416 1099 2455 reliquis
1125 2417 1261 2455 yreyt'bus
1286 2417 1413 2460 pecoris,
1450 2422 1481 2445 uc
1509 2417 1633 2445 delectus

923 2454 1072 2487 habeatur,
1099 2466 1165 2484 nam
1192 2461 1219 2484 et
1245 2466 1336 2485 emxae
1362 2460 1389 2485 et
1413 2459 1540 2489 vetustae,
1566 2466 1632 2493 quae

921 2494 1038 2532 yiytzere
1051 2494 1205 2528 desierunt,
1226 2493 1421 2523 submovendae
1434 2498 1500 2522 suut
1521 2498 1578 2522 etc.
1592 2495 1631 2523 cf·

923 2533 1049 2560 eundem
1062 2533 1097 2561 de
1112 2534 1218 2562 ovibus
1231 2533 1308 2567 VII,
1319 2534 1348 2567 3,
1361 2533 1407 2561 13.
1419 2533 1631 2571 14.—quarum

925 2581 1056 2608 corpora,
1069 2571 1098 2600 h.
1113 2582 1187 2609 quas
1202 2581 1269 2600 cum
1284 2572 1348 2600 aliis
1368 2571 1531 2609 permutari
1543 2571 1632 2606 velis,

925 2609 998 2637 alias
1011 2609 1047 2638 iis
1062 2609 1434 2647 submittenda-»Semper
1448 2609 1526 2638 enim
1539 2611 1631 2646 refice,

926 2648 953 2675 h.
968 2647 1070 2686 igitur.
1094 2653 1123 2676 ui
1144 2653 1194 2683 γὰρ
1211 2658 1266 2685 pro
1279 2653 1330 2681 ἄρα
1345 2658 1352 2682 ;
1372 2648 1479 2676 amissa
1504 2658 1546 2676 sc.
1564 2658 1631 2676 cor-

925 2696 1006 2724 pora.
1034 2687 1075 2716 H.
1105 2687 1139 2715 In
1160 2686 1257 2716 verbis
1273 2696 1383 2724 semper
1404 2691 1486 2715 erunt
1507 2697 1628 2725 quarum
