1796 3077
558 248 830 287 AENEIDOS.

104 367 319 422 Sanguine
340 375 579 422 turpantem
600 375 759 409 comtos
781 368 834 409 de
853 383 970 410 more
991 367 1177 422 capillos-

161 424 328 466 Interea
346 425 512 478 genitor
531 425 726 465 Tiberini
745 425 800 464 ad
820 425 1000 465 fluminis
1021 425 1178 465 undam

102 479 294 521 Vulnera
314 481 498 522 siccabat
515 480 710 534 lymphis,
731 494 970 533 corpusque
989 480 1157 521 levabat

102 534 168 575 Αι
170 537 283 576 bons
304 536 473 577 acclinis
494 543 532 577 tr
535 551 656 577 unco.

101 591 334 645 Dependet
353 592 486 656 galea,
508 600 550 633 et
566 599 689 646 prato
708 592 852 646 gravia
872 606 988 632 aima
1006 593 1243 645 quiescunt.

102 647 226 688 Stant
245 647 343 689 lecti
363 649 519 689 ciicum
532 649 736 702 juvenes:
769 649 859 712 ipse
880 662 1004 702 aeger,
1026 647 1228 689 anhelans

100 703 222 744 Colla
242 703 370 754 fovet,
391 704 508 744 fusus
528 719 764 758 propexam
783 705 826 744 in
844 712 1017 758 pectore
1038 704 1241 745 bar-bam
1231 735 1242 754 ,

101 758 243 800 Multa
263 775 392 814 super
414 760 558 800 Lauso
579 761 747 814 rogitat,
769 759 1006 813 multosque
1026 761 1213 809 remittit,

99 814 188 861 Qui
208 822 418 864 revocent,
438 816 656 868 maestique
676 815 813 856 ferant
832 816 1031 856 mandata
1050 817 1250 868 parentis.

98 870 161 910 At
177 871 366 912 Lausum
388 871 489 911 socii
508 872 742 912 exanimem
763 885 890 924 super
909 885 1024 911 arma
1042 871 1236 912 ferebant

99 926 285 975 Flentes,
306 927 534 980 ingentem,
556 934 683 980 atque
703 927 863 980 ingenti
880 926 1052 966 vulnere
1071 927 1243 969 victum.

95 981 286 1036 Agnovit
305 982 432 1036 longe
452 983 655 1036 gemitum
675 997 869 1036 praesaga
889 981 985 1023 mali
1005 997 1137 1024 mens.

97 1038 306 1079 Canitiem
325 1038 456 1079 multo
476 1038 685 1079 deformat
704 1038 892 1092 pulvere,
921 1046 964 1078 et
984 1040 1129 1079 ambas

97 1093 171 1134 Ad
191 1094 346 1135 coelum
365 1094 499 1134 tendit
514 1094 687 1148 palmas,
708 1102 750 1134 et
766 1108 943 1148 corpore
965 1094 1156 1135 inhaeret.

98 1150 295 1191 Tantane
315 1165 380 1190 me
401 1151 536 1190 tenuit
554 1150 732 1198 vivendi,
754 1157 865 1198 nate,
887 1149 1097 1203 voluptas,

98 1205 160 1246 Ut
180 1221 257 1260 pro
278 1220 343 1246 me
362 1205 504 1246 hostili
524 1213 695 1259 paterer
716 1205 943 1245 succedere
964 1206 1141 1254 dextrae,

96 1261 237 1307 Quem
257 1262 416 1316 genui?
448 1260 599 1301 Tuane
621 1261 713 1301 haec
733 1261 899 1315 genitor
920 1275 997 1314 per
1016 1261 1189 1301 vulnera
1210 1276 1367 1310 servor,

96 1317 241 1358 BIorte
261 1325 334 1358 tua
354 1318 525 1358 vivens?
558 1317 672 1364 Heu,
701 1331 813 1357 nunc
835 1316 986 1357 misero
1006 1316 1108 1356 mihi
1129 1317 1298 1359 demum

93 1373 281 1414 Exilium
301 1372 466 1413 infelix!
497 1387 609 1413 nunc
629 1372 712 1412 alte
733 1371 881 1412 vulnus
900 1372 1097 1412 adactum
1115 1374 1124 1412 !

95 1430 215 1470 Idem
235 1444 330 1483 ego,
353 1436 463 1476 nate,
489 1436 608 1468 tuum
628 1426 833 1468 maculavi
853 1428 1024 1468 crimine
1045 1442 1211 1477 nomen,

97 1485 250 1526 Pulsus
272 1486 327 1526 ob
349 1484 546 1524 invidiam
569 1483 672 1524 solio
693 1483 954 1536 sceptrisque
975 1484 1177 1537 paternis.

97 1542 346 1582 Debueram
367 1541 514 1594 patriae
536 1554 685 1594 poenas
707 1539 896 1592 odiisque
913 1551 1124 1579 meorum:

94 1598 256 1638 Omnes
277 1612 354 1650 per
370 1604 525 1637 mortes
546 1597 723 1636 animam
745 1602 905 1635 sontem
925 1595 1015 1648 ipse
1037 1595 1247 1636 dedissem
1264 1598 1274 1636 ἱ

93 1653 223 1694 Nunc
243 1654 335 1693 vivo
353 1655 361 1693 !
395 1667 532 1705 neque
554 1652 693 1692 adhuc
715 1651 905 1691 homines
924 1650 1146 1705 lucemque
1168 1651 1359 1706 relinquo
1377 1655 1387 1694 l

94 1710 182 1750 Sed
201 1709 402 1762 linquam.

95 1766 151 1806 Se
171 1765 329 1813 femur3
362 1770 418 1812 et,
436 1778 689 1818 quamquam
709 1764 768 1802 vis
791 1762 875 1802 alto
895 1762 1066 1803 vulnere
1088 1764 1243 1812 tardat,

93 1821 227 1861 Haud
248 1821 453 1874 dejectus,
474 1835 629 1873 equum
650 1819 748 1859 duci
763 1819 901 1882 jubet.

94 1877 192 1917 Hoc
212 1876 396 1917 solamen
416 1883 533 1925 er3at
565 1874 684 1917 bellis
701 1874 783 1914 hoc
803 1874 936 1914 victm
951 1874 1096 1915 abibat

94 1933 318 1974 Omnibus.

97 1989 286 2038 Rhoebe,
309 1988 383 2028 diu
400 1988 482 2040 (res
504 1988 537 2028 si
554 2002 638 2041 qua
658 1987 731 2027 diu
750 1984 997 2026 mortalibus
1013 1985 1098 2026 ulla
1117 1987 1198 2036 est)

93 2101 183 2137 liujus
215 2101 260 2130 rei
289 2101 393 2130 habes.
395 2102 493 2131 —532
525 2105 633 2129 comtos
662 2099 695 2128 cle
730 2108 807 2128 more

96 2140 309 2167 Etruscorum:
333 2140 414 2176 quod
429 2150 469 2168 ex
491 2140 573 2168 vasis
597 2138 722 2177 aliisque
744 2147 807 2166 mo-

96 2177 241 2205 numentis
255 2176 444 2214 intelligitur.

134 2216 219 2243 835⁴
225 2215 368 2248 ίΡνοειιῐ,
390 2215 499 2253 modoj
504 2219 589 2249 uxta,
611 2219 645 2243 ut
660 2214 806 2247 Ecl.v,1

97 2254 135 2281 16
151 2251 312 2285 Servius,'
326 2262 383 2280 non
395 2253 484 2282 male
537 2253 650 2281 Saltem
660 2253 765 2296 procul
777 2252 806 2279 h.

93 2291 116 2319 Ι.
137 2294 186 2319 est
199 2274 300 2327 paull'o
314 2290 433 2328 longius
447 2291 529 2319 inde
566 2291 672 2319 Eidem
686 2290 808 2319 videtur

97 2338 223 2356 novasse
252 2328 281 2356 h.
302 2327 323 2356 1.
347 2329 438 2365 poeta
463 2328 580 2357 acclinis
603 2334 633 2357 et
651 2338 808 2366 propexam

96 2366 241 2401 ὂανςῦαιη
272 2370 414 2394 novatum
446 2367 576 2395 dicerem
609 2367 706 2404 primo
741 2367 807 2394 loco

96 2388 245 2443 quiescun't
266 2404 304 2432 de
322 2404 413 2432 armis
423 2404 605 2447 jacentibus,
627 2415 681 2433 seu
695 2404 805 2441 clipeo-

98 2443 195 2471 -838
225 2441 309 2470 Colla
324 2443 425 2478 jov:et
458 2442 595 2476 sustinet,
616 2443 698 2471 levat
715 2445 807 2479 eaput

95 2480 214 2509 arboris
229 2484 348 2508 trunco.
360 2480 587 2517 sususbarbam,
603 2480 716 2509 habens
737 2481 806 2508 bar-

97 2519 166 2547 bam
189 2527 313 2561 eamque
327 2527 505 2555 propexam,
526 2518 555 2546 in
566 2522 680 2555 pectore
693 2519 723 2546 in
736 2527 808 2556 pec-

98 2560 148 2584 tus
160 2556 349 2593 promissam,
360 2556 525 2599 profusam,
541 2566 596 2584 nou
608 2556 738 2585 otiosum
751 2560 810 2589 est,

100 2594 152 2622 sed
173 2594 212 2622 ad
234 2596 261 2622 ὲν
263 2597 338 2628 ‹ip-yet
342 2608 374 2622 αν
394 2594 570 2622 narrationis
591 2595 810 2638 requirebatur,

99 2632 169 2660 dum
182 2632 219 2660 ad
233 2635 370 2660 truncum
385 2632 550 2661 acclinatus
554 2631 664 2674 capite
678 2632 809 2660 demisso

99 2680 149 2697 re(
154 2671 236 2698 nbat.
238 2670 334 2699 -814
347 2671 509 2707 defin-:mccl
537 2669 581 2699 sic
597 2674 683 2698 ornat
694 2670 810 2699 Home-

888 248 940 285 L1
948 247 990 286 B.
1022 246 1071 286 X.
1458 254 1552 299 585

717 535 776 576 Pr
779 536 875 576 ocul
894 550 1005 576 aerea
1023 537 1148 576 lamis
1467 536 1552 577 835

1469 816 1554 857 840

1469 1095 1552 1136 845

1466 1374 1550 1414 850

1465 1654 1551 1695 855

462 1707 595 1748 Simul
616 1707 696 1748 hoc
718 1707 861 1747 dicens
877 1706 1029 1746 attollit
1044 1708 1087 1747 in
1107 1722 1268 1761 aegrum

961 1818 1060 1858 Hoc
1080 1819 1210 1860 decus
1230 1818 1303 1868 illi,

379 1931 624 1985 Alloquitur
644 1937 900 1977 maerentem,
921 1937 963 1970 et
984 1929 1137 1970 talibus
1157 1929 1273 1971 infit:
1468 1931 1551 1972 860

846 2099 941 2127 ricum
955 2103 1121 2133 κατεχεύατο
1137 2099 1197 2127 Od.
1213 2111 1245 2131 ω,
1264 2098 1430 2128 315.-848
1441 2103 1490 2128 tua
1501 2107 1556 2137 per

846 2137 976 2171 vulnera,
989 2147 1044 2175 pro
1057 2137 1290 2165 vulnera—850
1297 2147 1371 2166 nunc
1379 2138 1436 2166 alte
1451 2137 1555 2165 vulnus

846 2175 990 2209 adactum,
1005 2185 1081 2203 nunc
1095 2175 1216 2203 demum
1227 2175 1358 2204 vulneris
1372 2185 1491 2204 sensum
1504 2175 1555 2203 ha⁴

848 2214 924 2250 be03
945 2213 1079 2251 loquitur
1101 2214 1138 2241 de
1153 2213 1274 2250 proprio
1290 2213 1424 2247 vulnere,
1444 2223 1473 2240 v-
1486 2214 1557 2242 785.

846 2252 1011 2280 'ssa—851
1034 2251 1161 2285 crimine,
1189 2251 1395 2279 criminatione
1415 2255 1446 2279 et
1467 2251 1555 2280 odio:

847 2293 876 2318 te
891 2290 1029 2317 infamem
1049 2294 1080 2317 et
1101 2289 1240 2317 odiosum
1256 2289 1313 2317 feci
1333 2289 1410 2317 meis
1433 2289 1557 2318 sceleri-

847 2328 1022 2357 bus—853.
1053 2329 1112 2356 854
1145 2327 1309 2356 Debueram
1328 2338 1360 2365 p.
1382 2326 1495 2355 omisso
1518 2327 1557 2361 si,

846 2365 968 2394 inversa
989 2365 1095 2394 oratio.
1137 2365 1169 2393 Si
1193 2365 1340 2393 debebam
1361 2375 1466 2402 poenas
1483 2365 1557 2394 civi-

845 2404 902 2432 bus
931 2403 1028 2439 mels;
1062 2403 1087 2431 si
1110 2403 1245 2431 merebar
1267 2406 1411 2431 mortem:
1442 2403 1556 2432 utinam

845 2441 910 2479 ipse
926 2442 1030 2475 vitain,
1052 2442 1100 2469 vel
1113 2441 1250 2469 omnibns
1271 2439 1428 2478 suppliciis
1449 2441 1558 2479 expul-

846 2489 919 2513 sam,
944 2479 1154 2511 reddidissem,
1177 2479 1339 2515 superstite
1354 2479 1404 2507 te'
1426 2480 1467 2507 At
1479 2489 1557 2508 nnnc

846 2518 928 2551 vivo,
938 2522 967 2546 te
981 2521 1095 2554 erepto.
1098 2517 1193 2544 —857
1214 2516 1257 2544 vis
1266 2516 1325 2545 alto
1335 2517 1449 2546 vulnere
1462 2518 1560 2546 tardat

850 2555 964 2593 accipio
992 2555 1079 2583 solito
1106 2556 1264 2598 poetarum
1291 2564 1386 2589 more,
1418 2565 1485 2593 pro,
1511 2556 1559 2583 vis

849 2594 978 2626 ademta,
994 2593 1023 2621 h.
1036 2603 1063 2620 e.
1084 2593 1191 2620 virium
1206 2593 1344 2621 defectus
1359 2603 1398 2622 ex
1418 2594 1479 2621 alto
1493 2593 1559 2621 v-ul

849 2641 918 2660 nere
948 2631 1055 2659 tardat
1058 2631 1154 2659 —858
1178 2630 1272 2659 Haud
1294 2632 1429 2669 dejectus,
1460 2630 1557 2658 animo

850 2669 927 2698 haud
941 2669 1070 2705 dejecto.
1073 2669 1166 2698 -861
1184 2679 1230 2697 res
1249 2669 1275 2696 si
1292 2679 1350 2707 qua
1370 2669 1418 2697 «lin
1433 2668 1560 2696 monali-

1266 2709 1332 2747 4F
