1796 3077
222 266 316 312 662

650 267 693 303 P.
726 264 959 303 VIRGILII
990 264 1241 306 MARONIS

222 389 336 432 Tum
356 390 461 446 lapis
480 392 570 445 ipse
590 390 679 440 viri,
701 406 879 432 vacuum
900 407 977 447 per
996 393 1118 435 inane
1138 393 1321 442 volutus,

221 446 316 489 Nec
339 450 519 502 spatium
535 448 667 488 evasit
687 455 837 498 totum,
858 464 935 490 nec
957 449 1131 503 pertulit
1146 450 1288 491 ictum.

217 503 285 544 Ac
307 504 420 545 velut
441 505 482 544 in
504 505 672 552 somnis,
693 505 839 545 oculos
859 507 935 546 ubi
954 505 1155 560 languida
1175 507 1329 560 pressit

217 558 359 601 Nocte
380 560 511 613 quies,
528 561 815 614 nequidquam
831 563 976 602 avidos
997 563 1228 603 extendere
1249 578 1396 604 cursus

216 614 340 656 Velle
361 617 565 665 videmur,
585 624 627 657 et
644 618 685 656 in
706 618 853 658 mediis
871 619 1090 659 conatibus
1112 619 1214 672 aegri

1583 620 1667 660 910

216 672 479 713 Succidimus
498 689 507 721 3
540 688 624 713 non
643 673 789 728 lingua
809 674 932 724 valet,
950 690 1033 715 non
1054 689 1233 729 corpore
1255 683 1366 717 notae

215 728 440 769 Sufficiunt
456 729 576 778 vires,
595 744 672 770 nec
694 745 777 770 vox
797 738 869 771 aut
884 732 1015 771 verba
1036 739 1295 785 sequuntur3

213 784 283 824 Sic
305 784 467 834 Turno,
486 801 752 840 quacumque
773 788 880 827 viam
897 788 1053 828 virtute
1074 789 1235 841 petivit,

213 840 464 882 Successum
485 843 566 882 dea
587 843 678 883 dira
699 851 841 897 negat.

210 895 449 938 Vertuntur
471 899 588 938 varii.

903 843 1016 884 Tum
1038 851 1212 897 pectore
1234 860 1380 887 sensus

651 899 837 940 Rutulos
860 908 1061 954 aspectat,
1080 908 1122 940 et
1144 902 1305 950 urbem,

1581 901 1665 941 915

211 952 529 1007 Cunctaturque
549 962 676 1003 metu,
697 956 911 1009 telumque
928 958 1085 997 instare
1108 958 1310 998 tremiscit
1327 976 1336 1007 ;

208 1008 318 1058 Nec,
340 1026 424 1063 quo
448 1026 491 1051 sc
508 1012 672 1065 eripiat,
695 1026 787 1059 nec,
808 1028 891 1066 qua
911 1014 949 1052 vi
971 1013 1118 1053 tendat
1134 1014 1176 1052 in
1196 1013 1376 1064 hostem,

209 1065 303 1106 Nec
325 1082 472 1107 currus
490 1082 665 1121 usquam
683 1069 812 1117 videt,
832 1070 1072 1122 aurigamve
1091 1084 1290 1111 sororem.

207 1122 438 1163 Cunctanti
456 1123 584 1164 telum
609 1124 770 1165 [Encas
786 1124 913 1165 fatale
931 1133 1137 1171 coruscat,

157 1221 160 1225 ⁴
206 1177 389 1219 Sortitus
411 1180 622 1220 fortunam
644 1180 776 1221 oculis
795 1199 803 1230 ;
837 1188 880 1222 et
902 1196 1079 1235 corpore
1101 1188 1190 1222 toto

696 1236 855 1277 BIurali
870 1239 1035 1277 concita
1056 1252 1270 1290 nunquam

204 1233 382 1274 Eminus
403 1236 632 1288 intorquet.

1574 1182 1658 1220 9520

203 1288 436 1331 Tormento
460 1292 518 1332 sic
541 1307 643 1331 saxa
659 1291 855 1340 fremunt,
876 1307 954 1333 nec
974 1293 1146 1333 fulmine
1168 1294 1274 1333 tanti

202 1344 443 1386 Dissultant
464 1348 664 1400 crepitus.

726 1347 855 1388 Volat
876 1349 955 1387 atri
978 1349 1157 1388 turbinis
1179 1350 1311 1389 instar

199 1400 392 1442 Exitium
411 1403 549 1442 dirum
570 1403 692 1442 hasta
712 1402 865 1452 ferens,
888 1418 1067 1457 orasque
1088 1404 1268 1457 recludit

199 1456 379 1506 Loricae,
402 1465 444 1498 et
460 1458 584 1512 clipei
605 1466 816 1500 extremos
834 1460 1119 1514 septemplicis
1140 1461 1290 1509 orbes3
1563 1462 1590 1501 9
1622 1489 1629 1500 .

197 1513 283 1553 Per
303 1515 488 1555 medium
508 1515 688 1556 stridens
710 1516 859 1556 transit
881 1516 1031 1556 femur.

1592 1463 1619 1502 20

1627 1461 1648 1502 5ss

1094 1516 1246 1557 Incidit
1265 1518 1377 1558 ictus

196 1569 351 1623 Ingens
373 1571 427 1610 ad
450 1578 604 1612 terram
626 1571 842 1625 duplicato
865 1571 1026 1626 poplite
1049 1572 1239 1614 Turnus.

197 1626 468 1679 Consurgunt
490 1629 650 1682 gemitu
674 1628 836 1677 Rutuli,
861 1636 1059 1682 totusque
1081 1630 1265 1683 remugit

194 1681 322 1723 Mons
343 1684 514 1733 circum,
537 1692 579 1725 et
600 1699 747 1726 vocem
764 1685 848 1726 late
869 1700 1042 1726 nemora
1063 1685 1147 1725 alta
1167 1686 1398 1726 remittunt.

189 1737 265 1780 Ille
287 1739 456 1781 humilis
477 1741 744 1795 supplexque
767 1741 911 1783 oculos
933 1742 1213 1796 dextramque
1235 1747 1481 1797 precantem

186 1922 275 1960 plane
288 1923 390 1951 alium.
430 1923 522 1952 Aliud
534 1929 582 1954 est
594 1926 705 1954 nostris
718 1925 893 1954 recentiori-

188 1962 243 1988 bus
258 1961 370 1998 linguis
383 1972 389 1988 z
412 1971 441 1989 se
455 1972 512 1990 mm
527 1966 804 2001 coynoscere.-90(5
820 1964 893 2001 lapis

186 1999 243 2026 viri
256 2001 328 2036 <pro
343 2000 425 2037 ejus)
448 2004 494 2029 est
515 2002 594 2039 lapis
611 2004 648 2031 ab
664 2013 699 2031 eo
712 2004 868 2040 projectus
883 2013 888 2029 :

184 2036 297 2065 dictum
313 2038 349 2065 ad
370 2038 526 2076 vulgarem
546 2041 688 2069 formam:
712 2043 808 2077 jactus
824 2040 893 2069 viri.

184 2075 309 2104 Poterat
325 2075 387 2103 viro
401 2076 514 2111 dicere,
537 2083 571 2107 ut
586 2084 668 2108 esset
687 2074 750 2107 υἷνο
764 2078 888 2112 volutus,

183 2112 212 2140 h.
235 2123 251 2141 a
277 2114 359 2150 viro3
381 2116 435 2143 sed
454 2115 580 2145 alterum
608 2117 734 2153 maluit3
756 2127 809 2145 eur
831 2126 888 2144 non

182 2151 333 2180 feramus?
355 2152 437 2181 inane
456 2154 493 2182 de
508 2156 576 2183 aere
592 2165 668 2184 nunc
683 2166 740 2184 non
757 2155 888 2192 primum

180 2190 321 2224 occurrit,
343 2200 397 2218 nec
421 2193 487 2229 ejus
512 2193 666 2230 epitheton
689 2203 829 2222 vacuum:
853 2203 886 2222 u-

179 2230 316 2265 trumque
332 2229 473 2258 Lucretio
487 2232 669 2260 sublectum.

179 2302 185 2307 .
218 2268 276 2294 919
299 2272 440 2301 coruscat,
463 2269 574 2303 vibrat,
601 2274 705 2298 πάλλει
728 2270 883 2298 Homerus

178 2303 252 2332 ibid.
264 2306 332 2339 320,
347 2306 400 2334 sed
414 2307 508 2335 multo
521 2308 665 2342 ornatius,
689 2312 719 2336 et
740 2312 883 2344 respectu

178 2343 421 2379 comparationis,
448 2355 536 2382 quam
560 2345 628 2383 ipse
657 2347 699 2374 ibi
727 2346 882 2378 attulerat,

177 2378 283 2413 hastae,
306 2381 349 2409 sic
372 2382 511 2417 vibratae‚
536 2394 603 2412 cum
628 2384 882 2412 L11ciser0.-920

169 2419 334 2454 fortunam,
350 2420 379 2448 h.
400 2420 498 2449 locum
513 2422 540 2449 in
557 2432 696 2459 corpore,
712 2432 802 2460 quem
820 2422 880 2450 for-

178 2459 248 2484 tuna
261 2457 361 2485 dabat.
387 2460 465 2487 conf.
488 2460 561 2488 ibid.
574 2471 602 2488 v.
618 2462 686 2493 321,
710 2464 773 2488 tum
787 2461 880 2488 omni-

175 2493 233 2522 bus
244 2494 380 2531 corporis
400 2497 515 2526 viribus
535 2499 646 2526 emittit
660 2499 786 2526 hastam.
814 2500 879 2534 (nec

163 2531 470 2569 sulvnine-sscrepirns:
491 2536 511 2564 i.
527 2546 554 2564 e.
568 2547 621 2565 nec
644 2546 735 2565 sonus
750 2546 807 2573 per
820 2537 875 2564 sul-

172 2579 240 2598 men
276 2570 463 2610 tonitruaque
490 2574 639 2603 excitatus
664 2579 821 2612 tantopere
847 2575 876 2603 in

172 2617 274 2636 omnes
289 2611 388 2646 partes
409 2611 586 2649 dissipatur.
625 2613 725 2648 Quum
743 2615 874 2647 &yvonem

171 2645 282 2682 (Hom.
298 2647 337 2676 11.
354 2648 400 2682 16,
414 2649 454 2677 78
467 2654 498 2678 et
519 2650 648 2680 Hesiod.
670 2652 755 2680 Scut.
775 2651 871 2680 Herc.

1559 1742 1649 1783 930

933 1927 1009 1963 279)
1025 1929 1054 1955 et
1067 1927 1176 1965 rumpi,
1193 1927 1299 1966 frangi.
1315 1926 1352 1956 de
1375 1935 1448 1955 sono
1469 1925 1498 1954 in
1515 1935 1571 1954 usu
1593 1936 1642 1954 es-

935 1970 1011 1997 sent,
1029 1965 1128 1993 facilis
1153 1971 1220 1995 erat
1244 1966 1386 1994 transitus
1409 1965 1446 1993 ad
1469 1965 1556 1992 fracti
1578 1966 1644 1993 soni

933 2003 1173 2041 dissipationem.
1191 2005 1357 2042 R.)-924.
1372 2005 1441 2031 925.
1463 2003 1563 2031 Hasta
1580 2006 1643 2031 tra-

928 2042 996 2078 jicit
1009 2042 1139 2079 clipeum
1156 2042 1185 2070 in
1201 2047 1346 2074 extrema,
1368 2045 1452 2078 puta,
1466 2047 1562 2077 parte,
1579 2045 1643 2069 tum

929 2079 1029 2107 loricae
1045 2089 1138 2111 oram,
1154 2084 1184 2108 et
1198 2080 1226 2108 in
1250 2081 1364 2108 femore
1380 2079 1477 2107 sedet.
1504 2079 1573 2107 Lib.
1595 2079 1642 2115 X,

928 2119 1084 2147 587—590
1106 2117 1204 2146 simile
1226 2119 1287 2146 fere
1323 2117 1430 2145 vulnus
1466 2117 1509 2150 lit,
1535 2117 1589 2146 sed
1609 2117 1639 2146 in

927 2155 1059 2194 inguine,
1090 2154 1220 2193 ideoque
1250 2155 1385 2184 mortale.
1426 2154 1535 2183 Noluit
1561 2155 1638 2184 enim

926 2196 1017 2231 poeta
1031 2193 1139 2221 vulnus
1152 2194 1242 2222 letale
1255 2204 1332 2228 esse,
1348 2198 1381 2222 ut
1394 2193 1480 2221 locus
1494 2198 1575 2222 esset
1587 2194 1638 2227 iis,

923 2242 990 2270 quae
1005 2236 1172 2270 sequuntur
1187 2242 1193 2258 :
1207 2232 1318 2269 quibus
1331 2232 1369 2260 ad
1383 2232 1506 2269 tragicae
1521 2231 1632 2260 fabulae

922 2271 1040 2298 exitum
1057 2279 1130 2307 epos
1147 2280 1232 2298 suum
1249 2270 1373 2307 propius
1391 2270 1633 2298 adduxit.-925

922 2308 1027 2345 Ajacls
1042 2311 1124 2336 σάκος
1141 2310 1306 2344 ἑπταβόειον
1323 2309 1359 2336 [Ι.
1383 2308 1460 2342 VII,
1475 2309 1543 2336 220.
1569 2308 1637 2346 quis

922 2347 1018 2375 nescit
1029 2347 1136 2374 2—927
1164 2347 1311 2384 duplicato
1332 2346 1454 2384 poplite,
1483 2346 1636 2383 eleganter

922 2394 977 2421 pro
993 2384 1103 2412 inflexo
1119 2394 1205 2422 genu.
1224 2385 1287 2418 XI,
1310 2386 1367 2413 615
1392 2385 1467 2412 latos
1486 2384 1551 2412 hnic
1565 2385 1633 2412 has-

922 2427 951 2451 m
960 2433 1016 2460 per
1029 2432 1127 2450 armos
1138 2427 1203 2451 acm
1217 2422 1315 2451 tremit
1335 2423 1518 2461 duplicatque
1539 2421 1633 2450 virum

922 2462 1062 2496 transfixa
1079 2460 1187 2489 dolore.

959 2500 1017 2527 928
1041 2499 1228 2536 Consurglunt
1247 2500 1354 2537 qemitu
1374 2498 1496 2527 Rutuli:
1516 2497 1630 2527 solenni

918 2538 1010 2575 poeta
1023 2546 1116 2570 more,
1135 2547 1194 2574 qno
1216 2548 1232 2565 a
1247 2537 1365 2575 vulgari
1391 2537 1555 2565 orationem
1577 2537 1630 2564 ab·

918 2575 1014 2608 ducit,
1034 2584 1109 2611 pro:
1128 2574 1252 2612 glomitem
1276 2574 1452 2603 Rutulorum
1473 2575 1632 2611 consur-Hit.

916 2614 1013 2642 —030
1030 2623 1096 2650 sqq.
1110 2613 1205 2641 vides
1226 2613 1403 2646 Hectorem,
1420 2622 1455 2640 ne
1471 2613 1627 2650 sepultura

914 2654 1026 2686 careat,
1041 2651 1262 2690 supplicantem
1276 2651 1367 2681 Iliad.
1389 2664 1417 2686 χ,
1441 2651 1499 2679 338
1517 2660 1622 2689 sqq.-
