1796 3077
173 288 267 333 554

609 286 649 322 P.
681 280 913 319 VIRGlLll
948 281 1199 321 MARONJS

235 403 413 445 Talibus
435 404 580 444 orabat
603 402 717 443 Juno
735 417 743 442 :
777 403 1001 456 cunctique
1022 401 1258 443 fremebant

178 460 392 502 Coelicolae
413 474 587 500 assensu
610 459 737 499 vario.

799 460 890 500 Ceu
910 459 1079 499 flamina
1099 460 1233 513 prima

180 516 325 562 Quum
346 517 555 570 deprensa
575 515 761 556 fremunt
783 516 908 564 silvis,
931 523 973 556 et
995 531 1107 556 caeca
1127 515 1318 556 volutant

180 572 414 620 Murmura,
437 579 634 613 venturos
656 574 792 613 nautis
813 572 1036 627 prodentia
1056 579 1217 612 ventos.

180 629 293 668 Tum
315 628 444 669 Pater
464 629 741 682 omnipotenS,
763 644 903 670 rerum
925 629 993 669 cui
1014 643 1173 668 summa
1191 634 1391 681 potestas,

353 685 421 725 Eo
443 685 610 726 dicente
631 686 755 725 deum
777 686 927 726 domus
947 684 1029 725 alta
1049 684 1217 733 silescit,

179 684 292 725 Infit.

1556 625 1634 664 100

181 740 240 780 Et
260 741 507 782 tremefacta
526 741 614 781 solo
635 741 758 782 tellus
776 759 784 791 ;
818 741 911 782 silet
932 742 1089 782 arduus
1110 741 1244 781 aether
1261 758 1269 790 ;

180 796 294 837 Tum
314 798 505 852 Zephyri
524 813 727 852 posuere3
760 799 911 852 premit
930 798 1095 852 placida
1117 812 1287 851 {equora
1309 803 1479 851 pontus.

180 853 378 908 Accipite
399 869 514 908 erg0,
531 855 676 895 animis
699 863 824 908 atque
841 855 934 895 haec
953 869 1045 895 mea
1067 854 1184 908 figite
1206 855 1332 894 dicta.

182 909 543 964 Quandoquidem
565 910 779 952 Ausonios
800 912 999 965 conjungi
1020 911 1182 952 foedere
1204 910 1385 951 Teucris

1562 907 1639 947 105

183 965 315 1007 Haud
334 967 491 1008 licitum
508 985 517 1017 3
550 982 627 1008 nec
648 975 787 1008 vestra
807 968 920 1021 capit
941 968 1153 1008 discordia
1173 967 1322 1007 finem:

183 1022 295 1068 Quae
313 1025 464 1077 cuique
487 1032 550 1064 est
572 1024 739 1064 fortuna
760 1024 902 1071 hodie,
925 1039 1049 1076 quam
1071 1024 1250 1077 quisque
1272 1029 1386 1063 secat
1407 1036 1523 1075 spem

182 1078 296 1120 Tros
320 1079 560 1120 Rutulusve
582 1080 687 1129 suat,
709 1080 823 1120 nullo
845 1080 1083 1120 discrimine
1105 1079 1296 1128 habeb03

182 1133 269 1175 Seu
290 1136 384 1177 fatis
408 1137 559 1177 Italum
577 1145 714 1177 castra
735 1136 954 1177 obsidione
971 1143 1183 1184 tenentur,

182 1190 280 1232 Sive
301 1207 443 1233 errore
463 1193 571 1233 malo
594 1193 740 1247 Trojae
760 1193 1012 1246 monitisque
1031 1193 1220 1232 sinistris.

182 1246 279 1289 Nec
302 1248 486 1290 Rutulos
508 1249 637 1290 solvo.

182 1302 499 1359 Fortunamque
519 1305 670 1346 ferent.

183 1358 290 1400 Fata
309 1362 416 1401 viam
437 1362 663 1402 invenient.

182 1414 269 1456 Per
289 1418 381 1471 pice
403 1425 609 1458 torrentes
629 1424 805 1470 atraque
826 1417 1026 1469 voragine
1047 1417 1160 1470 ripas

183 1471 359 1521 Annuit,
380 1481 422 1513 et
442 1480 577 1513 totum
597 1481 704 1513 nutu
724 1472 959 1514 tremefecit
981 1472 1224 1526 Olympum.

597 1529 712 1571 Solio
733 1536 822 1570 tum
843 1529 1015 1583 Jupiter
1035 1543 1165 1570 aureo

183 1527 268 1570 Hic
289 1529 384 1570 finis
405 1529 534 1570 fandi.

187 1619 294 1652 —-359,
320 1622 350 1646 et
378 1617 445 1646 Ecl.
467 1618 507 1651 V,
529 1619 578 1647 82.
608 1622 639 1646 at
670 1618 898 1647 exornationem

185 1656 415 1695 comparationis
425 1656 575 1685 Miltonus
588 1657 674 1685 dabit
686 1657 802 1685 Parad.
816 1656 899 1685 Lost.

187 1695 234 1729 11,
264 1705 292 1723 v.
319 1696 377 1723 254
406 1696 687 1733 sqq—deprensa,
722 1695 899 1733 intercepta,

189 1734 343 1771 impedita,
360 1733 475 1762 inclusa
491 1744 498 1768 3
521 1733 642 1771 proprie
666 1744 703 1762 ex
726 1734 899 1771 insperat03

188 1776 222 1800 ut
243 1773 280 1800 de
305 1772 431 1801 navibus
454 1773 511 1800 Ge.
535 1772 594 1806 IV,
616 1773 686 1803 2121,
709 1776 739 1800 et
759 1772 796 1800 de
818 1773 899 1801 Caco

189 1811 271 1838 Vlll
286 1811 357 1839 AEn.
372 1811 441 1839 247.
464 1812 550 1838 249.:
574 1820 642 1839 cum
659 1810 848 1847 simpliciter,
866 1815 899 1840 ut

188 1849 217 1876 h.
234 1849 265 1881 1.,
280 1858 446 1887 oppressus
469 1848 614 1878 inclusus.
629 1859 704 1877 coeca
719 1850 738 1877 i.
759 1850 899 1880 obscura,

189 1889 287 1916 —100
306 1897 402 1915 rerum
416 1887 462 1914 cui
476 1897 585 1915 summa
600 1891 743 1923 potestas,
758 1888 788 1914 οὗ
803 1890 899 1920 κράτος-

189 1928 248 1953 ἑστὶ
263 1929 394 1959 μέγιστον
410 1924 447 1952 Il.
462 1929 493 1959 β,
507 1926 581 1952 118ῑ
606 1925 720 1962 OdySS.
742 1937 765 1957 ε,
785 1926 814 1952 4.
840 1930 896 1953 Ire-

188 1965 311 2000 mefucta.
323 1963 382 1990 solo
397 1962 491 1990 tellus.
531 1963 695 2000 Adjeotum
708 1962 768 1991 solo
785 1968 899 2000 spectat

190 2002 226 2030 ad
252 2001 402 2039 poeticum
429 2004 585 2032 ornatum:
620 2005 654 2029 ut
682 2002 773 2029 solnm
801 2006 900 2036 terroe,

189 2039 281 2068 solum
291 2039 413 2073 telluris,
424 2039 512 2077 jungi
526 2040 619 2075 solet3
642 2040 780 2077 quoniam
795 2040 899 2075 solum,

190 2078 280 2113 οὖδας,
304 2087 359 2115 per
387 2088 419 2106 se
441 2078 591 2106 notionem
612 2079 703 2107 habet
724 2078 898 2107 fundamen-

191 2116 226 2150 fi,
247 2116 329 2154 quod
345 2116 513 2153 subjectum
529 2121 590 2144 est:
616 2116 662 2144 sic
676 2126 795 2154 quoque
815 2117 899 2145 tellus

191 2154 421 2184 contremiscere
451 2154 511 2183 dici
537 2155 636 2192 potuit
674 2155 744 2187 solo,
783 2155 898 2193 simpli-

189 2194 276 2228 citer,
295 2193 375 2221 nulla
396 2193 455 2221 alia
468 2193 587 2222 notione
602 2193 759 2230 adjuncta3
782 2193 897 2227 saltem,

190 2233 269 2260 intra
289 2242 332 2260 se.
371 2231 483 2270 Sicque
505 2232 567 2260 fere
586 2241 670 2265 mox,
691 2241 759 2260 cum
781 2242 899 2269 aequora

186 2272 270 2308 ponti
298 2269 428 2308 junctim
458 2270 632 2303 efferuntur,
670 2271 761 2307 poeta
798 2269 896 2299 dixit:

187 2313 294 2346 pontus
317 2308 427 2346 premit
449 2318 578 2346 oequora,
601 2307 631 2336 h.
653 2312 763 2345 pontus
778 2308 897 2344 premit,

194 2347 366 2384 comprimit
405 2357 449 2381 se,
490 2346 746 2384 quiescit.—-103
770 2346 899 2385 Zephyri

189 2395 310 2423 posuere
331 2395 372 2419 se,
396 2385 552 2422 quievere,
583 2384 660 2412 conf.
694 2384 772 2416 VII,
796 2385 899 2412 27.—

195 2425 250 2451 105
272 2423 429 2458 Ausonios,
449 2424 600 2455 Ausones,
621 2422 660 2450 cf.
683 2423 721 2450 ad
743 2422 806 2456 XI,
831 2423 899 2451 253.

193 2462 300 2489 —107.
336 2463 392 2489 108
423 2472 508 2499 quam
535 2461 667 2499 quisque,
700 2461 774 2489 Tros
804 2460 899 2489 Rutu-

193 2499 271 2527 lusre
285 2500 391 2534 suerit,
416 2510 494 2537 spem
516 2503 602 2527 secut.
658 2499 706 2527 De
730 2509 794 2527 voc.
821 2504 899 2527 secat

193 2538 385 2576 pronuntiare
401 2548 456 2566 non
472 2538 548 2566 adeo
561 2537 647 2566 facile
662 2541 720 2565 est.
759 2537 845 2575 Spem
856 2537 899 2565 in-

193 2575 285 2604 cidere
299 2579 326 2602 et
343 2586 379 2602 ex
398 2576 526 2603 Horatio
543 2577 601 2604 Od.
615 2577 642 2608 l,
659 2577 705 2607 ll,
720 2576 737 2603 7
749 2586 822 2613 spem
839 2575 898 2603 lou-

190 2624 257 2652 yam
273 2623 400 2641 resecare
413 2614 504 2651 (quod
513 2618 607 2642 tamnen
623 2614 787 2651 paullulum
800 2614 899 2642 diver-

195 2661 260 2680 sum
273 2655 328 2683 est,
344 2652 444 2678 demto
460 2653 536 2679 enim
552 2653 607 2680 lioc
625 2653 668 2685 lit,
684 2653 763 2689 quod
776 2652 897 2680 nimium

193 2691 256 2725 est)
278 2689 420 2717 rationem
442 2694 550 2717 ‹wa-imm
574 2691 711 2727 loquendi
735 2691 808 2718 sutis
829 2701 897 2728 pro-

194 2729 276 2761 dunt,
292 2737 358 2765 φιλ)
375 2727 491 2763 quidun
506 2728 545 2755 ita
558 2728 613 2756 sert
629 2739 632 2755 z
651 2732 683 2755 ut
695 2728 785 2757 simili
797 2730 897 2763 modo,

699 1249 788 1289 Sua
807 1249 958 1302 cuique
979 1263 1130 1288 exorsa
1151 1248 1337 1288 laborem

729 1305 828 1346 Rex
850 1304 1020 1358 Jupiter
1040 1305 1233 1344 omnibus
1255 1304 1378 1344 idem.

726 1361 863 1414 Stygii
883 1375 959 1414 per
979 1360 1152 1400 flumina
1171 1360 1325 1407 fratris,

1563 1471 1578 1509 l
1593 1469 1641 1509 15

939 1621 1092 1652 ἀναλόγως,
1106 1617 1186 1656 quod
1197 1621 1297 1655 poeta)
1309 1617 1408 1646 facere
1418 1616 1501 1649 licet,
1513 1625 1589 1653 spem
1605 1626 1649 1644 se-

940 1666 1004 1684 care
1035 1657 1076 1685 sit
1089 1667 1096 1687 z
1131 1656 1279 1690 incidere,
1313 1655 1508 1693 intercipere,
1542 1654 1650 1683 tollere

939 1704 1036 1732 spem.
1076 1695 1127 1723 Sic
1143 1699 1222 1729 vota,
1244 1694 1354 1732 yaudia
1378 1693 1472 1722 scindi
1497 1693 1650 1721 dicuntur.

938 1733 974 1761 In
990 1734 1044 1762 hoc
1067 1733 1171 1762 saltem
1195 1733 1359 1771 analogiam
1384 1732 1482 1763 video.
1499 1741 1588 1769 quam
1602 1742 1649 1760 se-

938 1782 1024 1809 quar,
1039 1772 1169 1800 necdum
1191 1772 1253 1800 vidi
1278 1771 1414 1799 meliora.
1470 1769 1651 1808 Respiciunt

939 1814 1038 1838 autem
1050 1811 1115 1838 haec
1130 1811 1167 1839 ad
1183 1820 1266 1849 spem
1279 1809 1407 1838 Veneris
1421 1810 1458 1837 de
1473 1809 1574 1837 futuro
1590 1809 1652 1836 Iuli

939 1858 1031 1885 regno
1046 1849 1074 1876 in
1091 1849 1188 1882 ltalia,
1203 1858 1290 1887 quam
1310 1847 1414 1881 incidi,
1429 1847 1459 1875 h.
1481 1857 1507 1875 e.
1528 1847 1649 1876 interci-

938 1886 1012 1914 dere
1026 1896 1147 1915 necesse
1157 1892 1231 1921 erat,
1242 1887 1267 1915 si
1279 1890 1378 1915 castra
1390 1895 1407 1914 a
1417 1885 1520 1914 'rm-no
1532 1895 1649 1924 expug-

939 1924 1096 1954 nabantur.
1110 1926 1148 1953 cf.
1157 1926 1206 1953 42.
1218 1927 1266 1954 50.

979 1964 1047 1991 109.
1077 1965 1133 1992 110
1160 1964 1261 2002 Jungo
1288 1968 1386 1991 castra
1412 1966 1545 1990 tenentur
1571 1961 1647 1989 obsi-

938 2001 1020 2029 dione
1037 2001 1193 2037 Italorum,-
1211 2002 1357 2038 seusatis,
1369 2001 1449 2038 quod
1460 2001 1523 2029 sata
1535 2000 1649 2037 iniqua,

940 2043 974 2067 ut
1002 2040 1103 2068 Venus
1130 2040 1394 2078 interpretabatur,
1424 2042 1650 2076 prosequuntur

940 2078 1085 2113 Trojanos
1112 2078 1200 2106 etiam
1222 2078 1251 2106 in
1277 2078 1409 2106 medium
1434 2077 1566 2110 Latium,
1590 2077 1649 2105 sive

938 2125 1037 2143 errore
1049 2115 1123 2144 malo
1137 2116 1232 2153 Trojae
1243 2115 1492 2153 <11.T=-0janorum
1507 2115 1649 2150 stultitia,

939 2153 1134 2191 malignitate,
1152 2155 1203 2191 qui
1232 2154 1352 2182 oracula
1367 2157 1492 2191 accepta
1511 2153 1587 2182 male
1602 2154 1647 2182 in-

940 2192 1092 2229 terpretati
1108 2193 1192 2225 sunt)
1208 2192 1379 2230 monitisque
1389 2192 1528 2226 sinistris,
1542 2201 1647 2220 oracu-

938 2229 976 2258 lis
1004 2234 1035 2258 et
1060 2230 1208 2259 vaticiniis
1237 2231 1332 2264 falsis,
1354 2231 1447 2268 =tin-iis
1471 2230 1647 2259 Cassandra:

941 2268 1008 2297 vide
1023 2278 1118 2297 verss.
1133 2270 1182 2297 67.
1191 2270 1337 2298 68.-111
1348 2269 1411 2297 Nec
1422 2268 1546 2297 Rutulos
1556 2269 1645 2302 solvo,

938 2307 1099 2335 obscurum
1137 2312 1184 2335 est
1216 2318 1270 2345 per
1301 2308 1482 2336 brevitatem
1508 2307 1645 2336 affectus.

939 2345 1066 2374 Videtur
1097 2345 1296 2383 supplendum
1324 2356 1391 2374 esse
1426 2355 1465 2374 ex
1496 2345 1546 2377 iis,
1575 2355 1643 2382 quae

938 2383 1076 2420 proxima
1090 2388 1173 2411 sunt:
1197 2393 1253 2412 non
1267 2384 1363 2418 solvo,
1380 2383 1519 2418 exsolvo,
1532 2382 1644 2417 eximo,

940 2422 1072 2450 Rutulos
1087 2422 1182 2450 labore
1196 2427 1223 2450 ot
1238 2424 1375 2460 fortuna,
1389 2432 1456 2460 quae
1471 2431 1521 2449 eos
1534 2425 1643 2451 manet.

939 2470 999 2493 nec,
1022 2470 1077 2488 non
1104 2461 1198 2498 magis
1221 2461 1352 2489 Rutulos
1375 2470 1462 2498 qnam
1487 2459 1644 2496 Trojanos.

940 2498 1127 2536 Interpretes
1142 2500 1308 2527 secundum
1331 2498 1468 2526 Servium
1489 2497 1566 2525 solvo
1587 2508 1642 2534 pro

939 2536 1062 2565 absolvo
1076 2536 1242 2574 accipiunt:
1266 2547 1368 2575 parum
1391 2535 1546 2564 commode
1562 2536 1642 2564 arbi-

939 2577 1069 2603 tron—1
1079 2577 1112 2603 125
1124 2575 1205 2603 Nihil
1217 2574 1436 2606 obstabitl'atis,
1446 2573 1527 2601 fatali
1542 2584 1640 2602 rerum

939 2614 1048 2641 ordini:
1073 2624 1137 2650 pro,
1151 2624 1209 2649 ego
1223 2624 1278 2641 non
1290 2612 1445 2640 obsistam.
1458 2612 1497 2639 cs.
1512 2612 1642 2645 1X,104

937 2654 1059 2680 -Q--fl
1069 2654 1103 2680 14
1111 2653 1200 2680 docte
1212 2653 1290 2680 dixit
1299 2651 1378 2687 ripas
1389 2654 1397 2683 (
1407 2659 1460 2686 pro
1472 2651 1538 2688 ipso
1549 2650 1642 2685 anmi)

939 2695 1080 2717 turrenses
1089 2691 1152 2728 pice
1168 2695 1194 2718 el
1208 2689 1340 2726 rora-qim)
1353 2692 1430 2719 ulra,
1449 2689 1477 2715 li.
1493 2689 1552 2717 alta
1564 2698 1640 2725 aqua

939 2729 1023 2767 nigra
1037 2729 1173 2758 defluens·
1188 2728 1403 2756 flumem—115
1422 2727 1534 2755 Notum
1550 2726 1642 2756 Iliad.

1384 2768 1410 2806 6
