1796 3077
214 208 278 253 58
640 205 683 241 P.
714 203 945 241 VIRGILII
978 202 1229 240 MARONIS

215 325 313 366 Jam
333 324 440 380 fugit
456 326 569 379 ipsa3
601 323 689 377 lupi
706 322 865 363 Moerin
880 325 1023 364 videre
1040 324 1215 377 priores.

219 382 304 423 Sed
327 389 466 423 tamen
485 382 563 422 ista
579 380 678 421 satis
695 379 851 420 referet
872 381 947 420 tibi
968 395 1081 434 saepe
1098 379 1331 422 Menalcas.

276 438 385 480 LYc.
420 437 666 480 Caussando
687 444 853 477 nostros
874 437 915 477 in
935 437 1105 491 longum
1126 438 1245 479 ducis
1261 453 1437 480 amores.

218 495 278 537 Et
294 511 404 538 nuno
418 509 538 537 omne
560 494 635 535 tibi
651 501 828 534 stratum
844 494 937 536 silet
955 509 1120 549 aequor3
1152 503 1195 536 et
1214 510 1371 545 omnes,

218 552 390 608 Aspice,
413 551 573 594 ventosi
594 551 839 593 ceciderunt
859 552 1081 593 murmuris·
1102 567 1232 593 aurae.

218 610 332 651 Hine
354 610 460 651 adeo
476 609 615 650 media
635 615 700 649 est
719 609 840 649 nobis
862 609 950 658 via3
982 623 1163 663 namque
1185 609 1423 664 sepulcrum

219 667 372 721 Incipit
391 680 597 721 apparere
621 664 829 706 Bianoris.
890 665 975 707 Hic
994 666 1068 706 ubi
1085 666 1238 707 densas
1619 667 1676 707 60

217 722 428 778 Agricolae
445 723 656 777 stringunt
672 722 856 772 frondes,
878 722 963 772 hie,
985 722 1129 772 Moeri,
1145 737 1342 764 canamus
1357 740 1367 773 3

218 781 303 822 Hic
323 781 470 822 haedos
491 781 682 834 depone:
715 787 854 821 tamen
874 781 1084 821 veniemus
1101 780 1142 820 in
1164 781 1325 821 urbem.

217 837 307 879 Aut
328 838 374 888 si,
397 853 481 879 nox
498 837 679 891 pluviam
700 852 751 878 ne
768 836 937 892 colligat
952 845 1061 886 ante,
1083 852 1288 886 veremur,

218 895 448 936 Cantantes
463 894 561 935 lieet
580 909 728 948 usque,
751 895 885 935 minus
907 895 973 935 via
991 893 1131 944 laedat,
1153 909 1311 935 eamus·

219 952 449 993 Cantantes
469 958 516 992 ut
536 966 692 999 eanum,
707 965 788 1007 ego
804 951 885 993 hoc
908 959 948 993 te
969 951 1082 992 fasce
1097 951 1261 993 levabo.
1622 951 1678 991 65

273 1008 411 1049 MOEn.
445 1008 605 1049 Desine
620 1007 754 1062 plura,
776 1023 894 1063 puer,
912 1016 966 1057 et,
985 1009 1101 1062 quod
1122 1023 1234 1049 nune
1255 1010 1395 1058 instat,
1428 1023 1618 1062 agamus

217 1065 412 1107 Carmina
433 1072 521 1106 tum
540 1065 699 1115 melius,
717 1080 846 1119 quum
864 1066 1023 1106 venerit
1039 1066 1143 1120 ipse,
1164 1080 1374 1107 canemus.

1618 383 1674 424 &x

217 1183 244 1216 Ι,
261 1184 288 1212 in
305 1185 405 1213 Sonm.
423 1183 503 1222 Scip.
517 1184 553 1212 C.
568 1184 617 1212 20.
638 1183 673 1211 ad
690 1183 786 1211 finem.
798 1182 923 1211 S.—-0b-
963 1183 1080 1212 cecidit.
1102 1183 1163 1212 Pro
1175 1184 1230 1212 hoc
1244 1184 1359 1212 diceres
1374 1194 1379 1211 z
1401 1192 1475 1211 aura
1483 1191 1677 1217 murmurans,

213 1222 267 1250 lita
282 1223 411 1260 passive,
421 1226 453 1250 ut
467 1223 545 1260 apud
556 1222 623 1250 val.
638 1221 686 1250 Fl.
700 1222 726 1255 1,
738 1222 807 1250 792.
823 1220 925 1250 oblitos

213 1260 326 1289 dolores
334 1261 487 1299 part-54
497 1260 557 1299 lupi
566 1260 603 1288 M
604 1260 676 1288 (erin
691 1260 787 1288 videre
800 1259 926 1297 priores.

215 1299 243 1328 in
258 1310 346 1338 prosa
358 1299 519 1328 extulisses
532 1309 537 1327 :
560 1299 682 1333 obticui,
693 1299 792 1327 subito
803 1309 849 1327 me
860 1299 926 1327 des-

216 1338 340 1367 tituente
356 1338 506 1372 memoria,
519 1338 604 1376 quasi
618 1337 708 1376 lupus
723 1348 768 1366 me
788 1337 870 1376 prior
883 1337 926 1367 vi-

215 1376 329 1406 disset:
352 1387 390 1406 ex
412 1376 547 1415 opinione
568 1387 602 1405 ac
626 1376 784 1415 proverbio
799 1376 925 1415 vulgari,

215 1415 262 1444 oui
279 1415 353 1444 ratio
373 1426 389 1444 a
413 1420 508 1444 metus
532 1415 622 1444 subiti
643 1419 778 1444 contactu
804 1416 928 1445 subesse

216 1454 324 1492 potuit.
356 1454 457 1483 Habet
470 1458 500 1483 et
515 1454 570 1483 hoo
585 1464 601 1483 a
611 1454 736 1483 Theocr.
752 1454 844 1489 XIV,
858 1454 907 1482 22.

254 1494 293 1521 56
315 1492 483 1521 Caussando
498 1503 527 1521 η.
545 1502 666 1521 caussas
679 1497 709 1522 et
722 1493 928 1522 excusationes

215 1531 362 1560 afferendo
373 1531 474 1560 differs
483 1541 580 1559 meum
589 1531 766 1560 desiderium
778 1534 928 1560 canentem

216 1573 244 1598 te
265 1569 410 1598 audiendi.
432 1570 551 1598 Lucret.
574 1570 601 1603 Ι,
622 1570 692 1598 399.
732 1569 928 1607 Quapropter,

215 1609 346 1646 quamvis
365 1608 522 1637 mussando
544 1607 635 1636 multa
651 1608 784 1642 moreris,
808 1609 884 1637 Esse
899 1609 928 1636 in

217 1646 302 1676 rebus
323 1647 405 1676 inane
425 1651 521 1676 tamen
536 1648 654 1684 fateare
668 1657 779 1676 necesse
795 1649 927 1677 esa—57

215 1696 240 1713 (e
262 1696 325 1721 nor,
350 1686 402 1715 int.
430 1686 536 1719 lacum,
566 1685 595 1714 iu
620 1696 707 1724 quem
729 1696 786 1714 non
806 1686 891 1724 longe
912 1696 928 1715 a

216 1696 341 1753 Mqantua
364 1724 393 1753 ss.
413 1724 543 1753 Mincius
558 1724 742 1752 diffunditur.
757 1725 801 1752 H.
829 1735 929 1761 (equor

215 1764 252 1792 de
269 1763 386 1791 flumine
396 1762 512 1800 placido
524 1766 554 1790 et
565 1762 734 1799 tranquillo.
750 1763 819 1791 AEn.
830 1762 927 1796 VIII,

214 1802 320 1830 89.96.
336 1800 533 1833 ΠῙ.-8Ῑρ)·7ιὶ,
550 1803 718 1833 στορεῗσθιιι,
731 1804 927 1833 καταστορεῖσ-

217 1842 273 1873 Θαι,
285 1841 333 1877 (v.
344 1849 371 1867 c..
380 1838 660 1876 Theocr.V11‚57.)
669 1839 706 1867 de
715 1838 926 1877 tranquillitate

218 1877 308 1907 maris
324 1877 449 1906 solenne.
467 1882 498 1906 ut
514 1881 544 1906 et
553 1876 648 1911 silere,
660 1880 740 1915 σιγᾷν
757 1881 789 1906 ut
801 1878 926 1906 Theocr.

217 1916 264 1950 ῙῙ,
280 1917 327 1945 38.
349 1918 432 1944 ’nullu
449 1918 515 1954 σμγᾷ
529 1920 577 1950 μὲν
593 1921 699 1949 πόντος,
716 1922 822 1950 σιγῶντι
837 1919 858 1944 <3¹
875 1920 923 1947 ὰῗι-

215 1955 349 1984 ιται.-58
363 1954 473 1983 ventosi
492 1954 652 1983 ceciderunt
669 1956 822 1983 moecrnuwis
835 1965 926 1983 aura>-

216 1993 243 2023 in
260 1994 357 2024 soluta
370 1993 518 2023 oratione:
549 2003 680 2023 murmur
696 2003 774 2022 auree
790 1993 835 2023 vel
857 2003 926 2022 aura

965 1222 1054 1259 idque
1074 1222 1254 1260 exquisitius
1276 1232 1350 1251 aura
1364 1221 1530 1250 murmuris.
1545 1221 1589 1250 H.
1630 1221 1678 1249 De

966 1260 1021 1288 hoc
1034 1260 1184 1298 exquisito
1196 1261 1316 1299 genitivi
1330 1272 1384 1289 usu
1398 1260 1459 1289 vid.
1489 1260 1561 1288 Not.
1573 1260 1609 1288 ad
1620 1260 1677 1293 IV,

967 1300 1004 1327 24
1021 1299 1121 1328 cadere
1140 1300 1177 1328 de
1196 1304 1284 1329 vento
1306 1301 1360 1328 Ge.
1375 1300 1402 1333 Ι,
1423 1300 1492 1328 354.
1514 1298 1561 1327 W.
1602 1299 1679 1327 Ante

967 1337 1068 1366 oculos
1086 1338 1213 1368 habebat
1226 1339 1374 1367 Theocriti
1388 1337 1597 1367 suavissimum
1613 1348 1679 1366 ver·

968 1386 1049 1405 sum:
1072 1391 1107 1405 ‘ra
1128 1381 1156 1406 δέ
1183 1391 1219 1406 νιν
1243 1381 1315 1406 καλὰ
1340 1383 1445 1412 κύματα
1462 1379 1551 1413 φαίνει
1573 1380 1679 1411 ’Ἄσυχα

968 1418 1075 1450 καχλάζ
1077 1430 1152 1445 οοοοο
1174 1417 1265 1455 Idyll.
1284 1417 1340 1449 VI,
1357 1418 1405 1445 ll·
1422 1418 1470 1445 12.
1491 1415 1528 1444 Cf.
1541 1415 1586 1444 11.
1602 1416 1651 1444 38.

1017 1456 1057 1483 60
1089 1455 1241 1484 Bianorem
1272 1456 1396 1484 eundem
1430 1465 1498 1484 cum
1528 1454 1612 1483 Ocno
1649 1458 1681 1483 et

968 1493 1148 1522 conditorem
1175 1494 1320 1528 Mantuae,
1343 1495 1373 1522 h.
1394 1494 1414 1522 l.
1433 1498 1463 1522 et
1484 1495 1521 1523 ad
1542 1494 1611 1523 AEn.
1633 1492 1680 1527 X,

969 1532 1124 1561 198-200
1144 1532 1267 1561 Servius
1294 1533 1373 1561 facit.
1414 1533 1474 1561 Sed
1498 1532 1598 1562 verius
1622 1535 1679 1565 est,

968 1570 1062 1599 fuisse
1090 1571 1187 1600 virum
1214 1571 1336 1606 clarum,
1362 1571 1482 1600 heroem
1503 1572 1679 1600 Mantuano-

969 1618 1044 1636 rum.
1071 1609 1158 1639 Μαι-ο
1186 1614 1283 1639 autem
1308 1610 1434 1647 vestigia
1453 1610 1564 1648 pressit
1584 1609 1679 1638 Theo-

967 1647 1034 1676 criti
1053 1648 1129 1683 VII,
1156 1650 1202 1677 10.
1229 1648 1458 1687 12.-—stri119ere
1484 1648 1610 1687 simplic.
1634 1654 1682 1679 est

967 1686 1138 1724 decerpere,
1152 1692 1314 1726 amputare.
1327 1688 1365 1716 cf.
1377 1689 1413 1717 ad
1425 1688 1490 1718 Ecl.
1500 1688 1528 1722 1,
1544 1688 1581 1716 57
1594 1698 1600 1715 :
1624 1688 1680 1715 Ge.

969 1724 1015 1757 ΙΙ,
1030 1726 1177 1755 368.--62
1190 1731 1283 1755 tamen
1296 1727 1449 1762 veniemus,
1466 1726 1581 1756 etiamsi
1596 1726 1680 1764 paul—

967 1762 1061 1791 lulum
1071 1764 1254 1801 quiescentes
1269 1766 1439 1795 dederimus
1451 1775 1570 1804 operam
1587 1764 1678 1794 canti-

968 1800 1129 1831 lenam—63
1142 1813 1197 1831 nox
1203 1803 1332 1841 pluviam
1344 1815 1378 1832 ue
1390 1804 1505 1843 colliyat
1518 1809 1596 1839 ante,
1612 1814 1679 1833 cum

967 1849 1091 1877 vespera
1117 1842 1211 1870 nubes
1238 1841 1266 1869 in
1294 1842 1426 1880 pluviam
1454 1843 1679 1881 colligantur.—

966 1878 1004 1905 61
1021 1878 1140 1907 Pressit
1154 1880 1279 1918 vestigia
1299 1881 1424 1910 Theocr.
1436 1881 1514 1916 VII,
1531 1883 1579 1910 35.
1591 1883 1678 1910 36.»-

964 1917 1012 1944 (ὶ5.
1035 1927 1134 1955 usque,
1156 1918 1288 1952 assidue,
1310 1924 1545 1957 perseveranter.
1567 1920 1601 1948 S.
1640 1921 1678 1948 95

966 1954 1122 1992 hocfitsce,
1148 1957 1311 1992 haedorum,
1331 1968 1405 1996 quos
1427 1962 1526 1997 portat
1540 1968 1677 1987 onere.—

966 1995 1042 2022 —67
1057 1994 1117 2033 ipse
1129 1995 1292 2025 Menalcas.

576 2297 875 2340 ECLOGA
910 2299 966 2339 X.
1020 2298 1324 2340 GALLUs‘.

734 2409 1153 2447 ARGUMENTUM.

269 2513 314 2550 C.
336 2511 562 2552 CORNELms
583 2515 755 2559 Gutus,
777 2516 824 2553 de
853 2529 928 2565 quo
951 2530 1064 2566 supra
1082 2517 1129 2553 ad
1159 2515 1240 2553 Ecl.
1260 2514 1328 2559 Vl,
1352 2519 1398 2553 72
1417 2522 1554 2558 actum,
1582 2515 1674 2552 ami-

217 2580 298 2605 cam
321 2567 546 2617 Lycoridem
578 2569 707 2606 habuit
725 2584 732 2613 ;
764 2583 876 2619 quam
898 2570 1011 2606 etiam
1034 2570 1152 2620 elegis
1180 2569 1397 2612 celebravit,
1417 2581 1520 2617 saepe
1539 2582 1561 2604 a
1581 2568 1675 2604 Pro-

216 2621 351 2669 pertio,
386 2620 539 2665 Ovidio,
571 2621 760 2667 Martiale,
790 2622 947 2671 aliisque
978 2623 1153 2660 laudatis.

1211 2622 1366 2659 Servius
1385 2621 1482 2658 adeo
1513 2621 1560 2657 ad
1580 2634 1616 2657 v.
1640 2625 1672 2658 1.

216 2673 328 2722 hujus
364 2673 506 2723 eclogae
546 2682 583 2711 et
619 2675 794 2713 Donatus
832 2675 922 2712 Vita
953 2680 969 2723 ᾧ
1000 2680 1063 2714 38,
1098 2677 1215 2714 libros
1250 2674 1332 2724 ejus
1370 2683 1531 2724 quatuor
1558 2674 1675 2711 fuisse

214 2727 393 2765 Amorum
424 2736 647 2774 memorant,
678 2730 749 2767 sub
786 2729 936 2767 nomine
974 2729 1166 2782 Lycoridis
1206 2729 1339 2767 editos.
1397 2728 1434 2765 Is
1471 2742 1492 2765 a
1530 2728 1674 2778 perfida
