1796 3077
578 266 850 306 AENEmOS.
908 266 1008 305 Lm.
1040 267 1090 305 x,
1508 274 1595 319 551

154 379 363 444 Tydides.
425 388 652 444 Equidem,
674 390 817 439 credo,
838 404 930 431 mea
951 389 1126 430 vulnera
1147 395 1308 431 restant
1326 405 1338 440 5

154 447 216 488 Et
236 455 309 489 tua
327 448 554 502 progenies
574 447 767 489 mortalia
788 448 985 489 demoror
1005 448 1141 488 arma!
1561 448 1617 487 30

155 505 203 545 Si
223 505 311 545 sine
331 520 436 559 pace
458 513 542 553 tua,
565 512 691 559 atque
711 505 842 545 invito
863 505 1045 552 numine,
1068 503 1207 545 Troes

156 561 320 602 Italiam
340 563 525 616 petiere:
557 561 675 602 luant
694 568 894 616 peccata3

157 618 327 659 Juveris
350 618 519 660 auxilio.

926 575 1064 614 neque
1085 560 1177 602 illos

581 619 656 659 Sin
676 626 739 659 tot
758 633 961 673 responsa
982 618 1127 666 secuti,

156 674 269 721 Quae
291 676 446 731 Superi
466 675 705 730 Manesque
725 676 910 716 dabant:
943 689 1019 715 cur
1039 689 1150 716 nunc
1171 682 1244 716 tua
1265 675 1486 730 quisquam

155 731 339 774 Vertere
353 735 474 787 jussa
493 734 666 787 potest?
698 741 771 773 aut
788 747 867 778 >cur
887 746 996 783 nova
1016 732 1199 773 condere
1223 732 1341 773 fata?
1562 725 1618 770 35

156 789 276 835 Quid
296 796 486 844 repetam
507 797 679 831 exustas
701 789 888 844 Erycino
908 789 951 829 in
970 788 1092 829 litore
1113 788 1297 830 classes?

157 846 277 893 Quid
301 854 600 900 tempestatum
620 861 776 900 regem,
798 854 1030 900 ventosque
1049 845 1239 887 furentes

157 903 304 944 AEolia
322 904 512 944 excitos?
544 912 617 943 aut
637 911 772 944 actam
793 903 978 943 nubibus
1000 901 1129 944 Irim?

157 959 286 1001 Nunc
309 961 436 1001 etiam
457 959 610 1000 Manes
631 959 740 1013 (haec
761 961 967 1000 intentata
986 961 1184 1000 manebat

156 1016 258 1058 Sors
278 1018 436 1070 rerum)
455 1025 617 1058 movet:
649 1024 692 1058 et
713 1018 876 1070 superis
896 1017 1079 1057 immissa
1097 1025 1275 1072 repente
1561 1015 1619 1055 40

158 1073 330 1116 Allecto
350 1074 510 1114 medias
533 1073 685 1115 Italum
705 1073 913 1115 bacchata
932 1089 1009 1128 per
1028 1075 1171 1115 urbes.

156 1129 234 1171 Nil
255 1146 383 1185 super
408 1132 584 1185 imperio
605 1146 800 1172 moveor:

833 1131 1092 1185 speravimus
1113 1133 1204 1180 ista,

157 1187 275 1228 Dum
294 1188 464 1228 fortuna
484 1188 586 1228 fuit:
617 1189 796 1237 vincant,
819 1203 925 1241 quos
946 1188 1113 1229 vincere
1133 1189 1277 1228 mavis.

157 1244 205 1285 Si
225 1244 340 1285 nulla
360 1254 424 1285 est
445 1245 576 1298 regio,
599 1244 780 1286 Teucris
801 1259 928 1298 quam
949 1244 1022 1284 det
1042 1252 1116 1285 tua
1135 1246 1291 1299 conjux

155 1299 302 1342 Dura.
336 1317 412 1356 per
431 1316 601 1351 evelsae,
623 1302 801 1356 genitor,
823 1300 1026 1342 fumantia
1047 1301 1193 1356 Tiojae
1565 1299 1620 1340 45

155 1357 343 1400 Excidia
363 1360 580 1400 obtestor:
612 1358 736 1399 liceat
757 1358 970 1398 dimittere
993 1359 1046 1398 ab
1069 1360 1192 1399 armis

157 1414 417 1457 Incolumem
436 1415 682 1464 Ascanium,
703 1414 827 1455 liceat
848 1429 1068 1468 superesse
1090 1422 1303 1469 nepotem.

159 1471 323 1513 AEneas
345 1487 445 1513 sane
465 1473 619 1526 ignotis
635 1474 822 1526 jactetur
841 1472 884 1511 in
903 1471 1052 1521 undis3

159 1529 234 1579 Et,
257 1544 564 1584 quamcumque
584 1529 694 1569 viam
714 1528 879 1569 dederit
899 1527 1102 1578 Fortuna,
1126 1535 1353 1583 sequatur:

159 1585 291 1627 Hunc
313 1594 472 1641 tegere,
495 1593 538 1627 et
557 1586 660 1627 dirae
681 1584 843 1626 valeam
864 1585 1102 1626 subduceie
1126 1600 1295 1640 pugnae.
1565 1584 1622 1625 50

160 1643 243 1684 Est
264 1643 491 1691 Amathus,
515 1652 580 1685 est
599 1642 711 1684 celsa
730 1642 831 1682 mihi
853 1641 1046 1696 Paphus,
1071 1649 1198 1697 atque
1221 1643 1282 1697 C)
1288 1641 1422 1690 thera,

160 1700 392 1755 Idaliaeque
412 1701 589 1741 domus.
620 1700 768 1754 positis
788 1698 992 1753 inglorius
1013 1701 1136 1740 armis

162 1854 320 1899 Trojanos.
342 1855 455 1884 AEtolis
468 1854 616 1894 abAr121's,
632 1855 718 1892 <urbe
733 1854 871 1888 Dauniae,

160 1895 248 1930 cujus
263 1894 355 1923 ruinae
369 1895 519 1932 hodieque
529 1895 614 1932 Arpe
627 1897 780 1926 vocantur)
796 1903 871 1931 quos

162 1932 258 1961 AEtoli
273 1934 329 1961 sub
350 1933 498 1962 Diomede
519 1933 713 1968 insederunt,
736 1933 772 1962 ad
796 1933 870 1961 Dio-

161 1967 283 1999 medem
305 1976 404 2000 autem
427 1973 499 2001 belli
523 1972 667 2000 societate
689 1973 876 2010 jungendum

164 2019 249 2038 mnssn
261 2015 348 2038 erant
361 2011 453 2050 legati
468 2021 484 2039 a
499 2005 627 2040 Latinis.
642 2010 681 2039 cf.
700 2011 794 2044 VIII,
808 2012 828 2039 9
848 2015 877 2038 et

161 2047 216 2077 lib.
242 2048 304 2083 XI,
327 2050 384 2078 225
409 2060 475 2088 sqq.
484 2051 571 2078 —29
593 2050 762 2087 Supersunt
783 2050 878 2078 adhuc

165 2086 321 2116 cicatrices
336 2088 469 2118 vulneris
491 2098 508 2117 a
526 2089 677 2117 Diomede
700 2088 826 2126 accepti.
851 2098 880 2116 v.

165 2125 205 2154 ΙΙ.
230 2139 255 2159 ε,
270 2128 328 2155 334
343 2137 410 2166 sqq.
453 2127 581 2157 Videtur
604 2127 653 2155 hic
673 2127 759 2156 locus
783 2127 879 2156 lectus

168 2173 238 2193 esse
253 2164 363 2194 Ovidio
377 2167 452 2195 Met.
465 2160 538 2201 XV,
554 2167 613 2195 768
625 2177 692 2204 sqq.
695 2168 772 2194 —30
784 2167 878 2195 demo-

165 2212 228 2235 ror,
246 2213 313 2241 ego,
335 2206 403 2239 dea,
423 2205 571 2234 iterumne
596 2206 750 2234 sustinebo
772 2215 805 2234 ac
826 2205 878 2233 de-

167 2241 278 2279 pellam
305 2243 465 2272 Diomedis
484 2244 638 2287 impetum
671 2244 821 2278 hostilem,
850 2247 879 2272 et

167 2281 332 2309 verendum
354 2281 427 2309 mihi
449 2282 517 2316 erit,
538 2292 574 2311 ne
595 2293 612 2311 a
629 2283 748 2311 mortali
771 2283 880 2312 iterum

167 2319 328 2348 vulnerer!
370 2320 494 2349 Scilicet
510 2326 632 2356 morata,
643 2322 802 2355 demorata.
815 2327 881 2350 erat

170 2357 274 2386 Venus
295 2358 487 2392 Diomedem,
512 2369 580 2388 cum
608 2361 637 2388 in
663 2360 798 2395 AEneam,
816 2362 880 2398 jam

168 2400 369 2431 vulneratum,
390 2397 443 2426 ille
460 2398 599 2432 irrueret,
615 2384 877 2437 eumquejugiila-

164 2441 252 2464 turus
265 2440 364 2465 esset:
384 2436 451 2464 haec
468 2441 536 2465 sunt
552 2421 688 2466 mo'rtalia
705 2449 797 2467 arma.
800 2439 878 2467 —33

168 2478 210 2503 tot
224 2485 363 2514 responsa
379 2484 423 2503 sc.
436 2475 571 2510 deorum,
582 2480 616 2504 ut
628 2476 692 2510 IX,
707 2478 774 2505 134.
788 2477 827 2505 ct'.
841 2478 878 2506 P.

166 2513 194 2541 Ι.
217 2522 248 2551 p
268 2515 358 2542 317s
345 2524 411 2552 sqq.
459 2513 566 2542 Manes
590 2499 736 2544 Hectoris
757 2516 809 2544 lib.
830 2516 877 2551 ΙΙ,

167 2552 238 2580 780.
256 2553 334 2581 781:
358 2549 502 2581 Anchisae
519 2550 557 2585 V,
570 2553 629 2582 729
650 2563 718 2597 ι;ε(ι.
740 2564 796 2583 nisl
811 2555 879 2583 des

169 2600 293 2619 censum
308 2591 345 2619 ad
361 2590 482 2620 Inferos
500 2592 683 2629 respexerit.

209 2629 248 2657 39
262 2629 350 2658 Nunc
363 2630 431 2658 eliu·
433 2640 468 2657 71:
490 2639 528 2658 ex
543 2639 602 2667 quo
617 2630 737 2668 Trojani
758 2632 877 2660 tandem

170 2667 208 2696 ad
229 2667 349 2697 Italiam
372 2669 565 2707 appulerunt.
606 2669 704 2697 Antea
721 2680 799 2698 maru
821 2675 880 2699 ter·

169 2715 276 2745 sasque
298 2711 372 2735 metu
395 2707 553 2751 caelumque
568 2707 715 2744 fatigabat
731 2709 812 2737 Juno
826 2709 880 2737 lib.

170 2746 282 2779 ,1-,280
327 2745 417 2775 Nune
431 2746 521 2774 etiam
537 2745 664 2780 Orcum,
672 2746 724 2784 qui
738 2748 880 2782 restabat,

912 1855 977 1883 adit
991 1855 1092 1899 (UJnno
1107 1863 1163 1883 non
1180 1854 1362 1887 nominatur,
1379 1853 1432 1882 sed
1448 1853 1623 1892 intelligitur

912 1903 948 1922 ex
961 1895 1114 1933 quisquam
1129 1904 1158 1921 v.
1169 1894 1228 1930 34.)
1243 1894 1279 1921 nd
1296 1893 1404 1922 Alecto
1419 1887 1622 1922 excitandam.

911 1943 940 1960 v.
958 1933 1032 1966 HI
1048 1934 1104 1961 323
1121 1943 1185 1970 sqq.
1179 1934 1265 1961 .—4()
1286 1942 1351 1959 cors
1371 1942 1467 1960 rernm
1488 1942 1542 1969 pro
1558 1933 1624 1960 vul-

919 1971 1000 2008 gari:
1022 1981 1104 2009 pan,
1124 1971 1241 2008 portio:
1265 1971 1330 1999 loca
1352 1970 1411 1998 infe
1416 1981 1496 1999 ra.—
1460 1972 1535 1998 11
1559 1971 1625 1999 bac-

918 2010 1002 2038 chata
1012 2022 1066 2048 per
1086 2011 1181 2043 urbes,
1196 2016 1313 2047 vagata.
1328 2009 1397 2038 vide
1411 2009 1562 2042 V11,342
1578 2019 1625 2053 sq.

920 2049 1014 2078 Aliud
1043 2054 1099 2083 est,
1124 2050 1205 2087 quod
1230 2048 1356 2077 Lavinia
1384 2058 1452 2076 cuni
1479 2049 1624 2077 matronis

920 2088 1083 2116 bacchatur
1098 2086 1208 2116 ibidem
1224 2089 1260 2116 37
1263 2088 1282 2115 6
1297 2097 1362 2125 sqq.
1367 2088 1443 2115 —42
1465 2097 1552 2125 super
1575 2087 1627 2115 im—

914 2126 1017 2165 perio:
1039 2137 1055 2154 a
1068 2127 1145 2155 Jove
1157 2126 1318 2163 promisso.
1331 2125 1399 2154 vide
1411 2125 1507 2159 1,25?
1520 2135 1585 2163 sqq.
1589 2143 1626 2146 ——

917 2167 955 2194 47
968 2165 1234 2194 Ascanium—sul.
1247 2175 1293 2192 cuz
1313 2174 1431 2201 reanum
1450 2163 1548 2192 Indice
1563 2163 1625 2192 Ro-

918 2214 1057 2242 manaque
1078 2203 1160 2231 tellus
1179 2189 1543 2235 ‹leber1t11rli‘b.1v,:.17·;.›
1561 2207 1591 2230 et
1612 2213 1628 2231 a

919 2253 978 2281 quo
994 2252 1067 2281 gens
1078 2243 1092 2271 J
1102 2242 1160 2270 ulia
1171 2242 1304 2270 oriunda.
1308 2242 1424 2270 -43111
1436 2252 1491 2269 um
1487 2241 1531 2268 'is.
1552 2242 1627 2269 Erat

920 2287 995 2310 nunc
1012 2292 1039 2309 in
1053 2291 1099 2315 eo,
1125 2286 1158 2309 ut
1178 2281 1301 2314 rediret,
1324 2290 1362 2308 ex
1378 2280 1503 2308 Etruria
1522 2280 1627 2308 Tiberi

921 2321 1077 2349 devectus.
1118 2315 1189 2348 Hoc
1215 2323 1312 2347 tamen
1330 2319 1441 2357 respici
1461 2328 1516 2347 non
1541 2324 1626 2356 puto.

921 2360 980 2389 Sed
998 2360 1069 2388 sede
1090 2359 1118 2387 in
1133 2357 1222 2386 Italia
1242 2360 1348 2396 negata
1361 2358 1470 2386 iterum
1485 2367 1628 2386 conscen-

918 2399 1017 2428 denda
1040 2398 1149 2426 luisset
1173 2397 1279 2426 AEneae
1306 2396 1392 2424 navis
1413 2401 1444 2424 et
1467 2397 1624 2426 erranduui

916 2448 971 2483 per
985 2438 1121 2475 ignotum
1135 2445 1228 2464 mare.
1242 2445 1309 2464 sane
1332 2445 1408 2473 pro:
1431 2439 1479 2464 eat
1500 2445 1577 2464 nunc
1597 2442 1628 2464 et

914 2478 1056 2515 jactetur
1099 2476 1176 2503 lnv.
1190 2476 1238 2502 49.
1253 2478 1429 2512 comparant
1439 2474 1538 2512 intpp
1556 2484 1626 2503 ver-

919 2526 971 2544 sus
987 2515 1024 2544 de
1039 2514 1213 2551 Sarpedone
1228 2511 1391 2547 Ι1.π,436.
1406 2514 1555 2542 437.—50
1568 2514 1626 2542 Α5-

919 2554 1036 2583 canium
1061 2553 1166 2581 saltem
1187 2552 1278 2580 liceat
1299 2552 1480 2586 subducere,
1502 2555 1572 2587 ὺπά

919 2606 969 2621 υεπ
973 2603 1022 2628 κεφ
1017 2596 1080 2625 ’ρεν
1085 2614 1091 2623 ,
1116 2591 1153 2618 ll.
1168 2597 1198 2624 λ,
1213 2591 1288 2619 163’
1283 2613 1289 2617 .
1312 2603 1336 2623 ε,
1352 2591 1420 2620 318.

958 2634 1004 2659 31.
1018 2633 1056 2658 ὑῑ..)
1072 2631 1189 2667 Repete
1203 2639 1295 2667 supra
1307 2629 1386 2658 dicta
1407 2630 1443 2658 ad
1459 2629 1511 2657 lib.
1525 2629 1552 2661 1,
1568 2629 1627 2656 080

920 2675 950 2699 et
964 2670 1032 2699 681.
1035 2668 1175 2697 —domus
1188 2668 1301 2701 Idaliae,
1313 2673 1361 2697 est
1374 2668 1439 2706 ipsa
1454 2667 1552 2697 Idalia
1567 2671 1625 2694 ter

920 2719 953 2737 ra
980 2717 1031 2736 seu
1059 2707 1153 2750 regin,
1182 2708 1259 2736 sicut
1282 2707 1432 2736 Amathus
1455 2712 1484 2734 et
1506 2705 1631 2742 ΡαρΙιειι

921 2749 1012 2777 urbes
1025 2751 1101 2775 notae
1115 2745 1144 2774 in
1163 2744 1266 2784 Cypto
1284 2746 1311 2773 V
1313 2746 1393 2774 eneii
1409 2755 1514 2774 sacrae.
1529 2745 1629 2772 domu
