1796 3077
170 251 268 296 382

585 249 627 287 P.
659 247 890 286 VIRGILII
922 247 1174 287 MAROle

174 367 392 410 Victorem
415 367 555 408 Buten
576 366 740 406 immani
763 379 954 420 corpore,
976 366 1048 419 qui
1069 379 1112 406 se

176 425 388 479 Bebrycia
409 425 576 465 veniens
597 421 748 476 Amyci
769 423 822 463 de
843 430 969 477 gente
991 423 1169 471 ferebat,

175 481 376 530 Perculit,
401 488 443 521 et
463 479 575 519 fulva
593 479 890 520 moribundum
910 479 1103 520 extendit
1123 494 1262 520 arena.

181 538 300 578 Talis
320 538 453 591 prima
474 536 612 577 Dares
634 544 761 591 caput
783 536 911 576 altum
932 537 973 576 in
994 535 1145 590 proelia
1165 535 1283 584 tollit,

172 595 455 647 Ostenditque
481 593 679 633 humeros
700 593 819 642 latos,
842 593 1084 646 alternaque.
1101 593 1235 646 jactat

170 651 353 692 Brachia
373 651 643 704 protendens,
665 657 707 691 et
727 651 922 691 verberat
942 651 1093 690 ictibus
1114 665 1250 690 auras.

167 708 385 754 Quaeritur
405 707 502 748 huic
524 706 628 747 alius
647 724 655 756 ;
688 721 765 748 nec
787 707 1008 760 quisquam
1028 721 1082 747 ex
1100 707 1263 761 agmine
1285 711 1402 746 tanto

164 764 312 805 Audet
334 764 450 804 adire
472 764 620 812 virum,
651 764 929 817 manibusque
950 763 1149 804 inducere
1171 770 1324 804 cestus.

166 821 285 875 Ergo
306 819 469 869 alacris,
501 827 758 875 cunctosque
780 828 932 874 putans
954 821 1162 861 excedere
1181 819 1333 874 palma,

165 878 318 918 AEneae
339 878 453 918 stetit
474 885 570 918 ante
591 878 736 932 pedes,
767 892 845 918 nec
864 877 986 932 plura
1005 885 1204 925 moratus,

165 934 278 975 Tum
297 934 401 975 laeva
421 941 586 974 taurum
608 949 739 975 cornu
760 941 873 974 tenet

164 991 279 1032 Nate
300 992 393 1040 dea,
425 991 459 1030 si
478 1006 600 1031 nemo
621 992 749 1031 audet
769 1006 813 1031 se
835 991 1009 1031 credere
1026 1005 1194 1046 pugnae,

164 1048 275 1094 Quae
294 1048 388 1089 finis
411 1048 550 1088 standi
568 1050 583 1088 ἱ)
615 1062 699 1101 quo
719 1062 784 1088 me
805 1048 928 1088 decet
949 1062 1082 1101 usque
1104 1047 1268 1088 teneri?

165 1105 336 1146 Ducere
356 1105 467 1145 dona
493 1105 611 1158 jube.

164 1162 440 1209 Dardanidae,
471 1161 677 1214 reddique
697 1162 785 1201 viro
806 1162 1012 1214 promissa
1025 1162 1248 1214 jubebant.

164 1218 250 1259 Hic
271 1218 408 1272 gravis
430 1216 644 1257 Entellum
663 1217 785 1258 dictis
806 1218 984 1271 castigat
1004 1216 1193 1265 Acestes,

164 1274 387 1315 Proximus
408 1282 454 1314 ut
473 1273 679 1314 viridante
700 1281 791 1314 toro
813 1273 1062 1314 consederat
1081 1273 1250 1314 herbae:

164 1330 346 1380 Entelle,
378 1330 556 1371 heroum
575 1331 788 1383 quondam
808 1330 1032 1370 fortissime
1053 1330 1224 1379 frustra,

162 1387 358 1428 Tantane
381 1394 464 1427 tam
485 1386 649 1440 patiens
669 1386 784 1426 nullo
804 1387 1029 1427 certamine
1047 1386 1135 1426 tolli

162 1443 291 1484 Dona
311 1444 419 1483 sines
436 1445 452 1483 ἲ
483 1442 557 1482 ubi
576 1457 687 1484 nuuc
707 1443 827 1483 nobis
848 1442 954 1483 deus
975 1442 1055 1491 ille,
1083 1442 1282 1497 magister

162 1500 465 1554 Nequidquam
485 1506 752 1548 memoratus,
779 1499 927 1553 Eryx?
949 1500 1022 1539 ubi
1042 1499 1152 1540 filma
1168 1514 1243 1553 per
1264 1514 1428 1540 omnem

161 1557 439 1605 Trinacriam,
467 1563 510 1597 et
530 1555 662 1610 spolia
683 1556 753 1596 illa
771 1557 852 1597 tuis
875 1557 1104 1610 pendentia
1124 1556 1244 1597 tectis
1261 1558 1277 1596 ’ἒ

166 1614 241 1655 Ille
262 1615 341 1655 sub
360 1613 452 1655 haec
469 1628 478 1654 :
513 1612 615 1654 Non
635 1613 771 1653 laudis
792 1628 919 1662 amor,
948 1628 1025 1654 nec
1045 1613 1178 1667 gloria
1198 1613 1323 1654 cessit

165 1670 295 1711 Pulsa
313 1677 449 1719 metu3
480 1670 554 1710 sed
576 1671 685 1711 enim
706 1669 870 1723 gelidus
891 1671 1085 1710 tardante
1108 1677 1278 1724 senecta

1536 536 1620 576 375

1534 818 1618 858 380

890 951 899 983 ς
932 941 1057 987 atque
1072 935 1131 974 ita
1151 934 1285 974 fatur:

672 1104 826 1145 Cuncti
847 1104 968 1144 simul
987 1119 1058 1145 ore
1080 1104 1315 1145 fremebant
1533 1098 1618 1140 385

1532 1387 1617 1426 390

1535 1668 1619 1709 395

164 1728 347 1782 Sanguis
368 1727 512 1775 hebet,
536 1726 775 1780 frigentque
797 1726 936 1767 effetae
956 1727 997 1766 in
1014 1741 1191 1781 corpore
1212 1728 1334 1767 vires.

165 1785 211 1825 Si
230 1784 344 1832 mihi,
375 1798 470 1836 quae
490 1784 700 1836 quondam
724 1782 874 1831 fuerat,
906 1798 1073 1838 quaque
1090 1784 1307 1837 improbus
1329 1783 1406 1824 iste

165 1840 367 1881 Exsultat
386 1838 536 1887 fidens,
568 1839 601 1879 si
622 1853 732 1879 nunc
754 1839 862 1879 foret
883 1838 952 1879 illa
966 1841 1187 1893 juventas:

163 1896 296 1938 Haud
316 1895 511 1949 equidem
530 1896 667 1950 pretio
686 1895 883 1936 inductus
904 1896 1135 1950 pulcroque
1150 1897 1333 1950 juvenco

165 2020 231 2045 ‹mte
248 2020 366 2055 portam
387 2016 533 2056 sepelivit:
562 2016 609 2045 cni
638 2015 871 2055 ludoxfimebres

159 2055 248 2091 fficit.
290 2056 329 2084 At
346 2055 441 2084 Buten
456 2054 588 2084 suaviter
600 2056 636 2084 ab
651 2056 768 2094 Amyco
783 2066 798 2084 e
812 2058 871 2085 Be-

166 2093 287 2131 brycum
303 2098 391 2132 gente
403 2093 545 2127 deduxit,
566 2094 616 2132 qui
632 2094 785 2123 Pollucem
800 2105 870 2133 pro-

165 2137 338 2167 vocaverat,
358 2143 425 2161 cum
458 2132 486 2161 is
520 2142 588 2161 cum
620 2133 805 2171 Argonautis
835 2133 871 2162 ad

165 2170 316 2209 Bithyniae
336 2170 407 2200 litus
429 2171 617 2205 accessisset,
639 2171 701 2200 vid.
729 2172 870 2210 Apollon.

165 2208 321 2238 l.c.-373
341 2210 438 2239 Butes
459 2220 499 2238 ex
522 2209 687 2248 Bebrycia,
716 2221 783 2249 quae
806 2214 870 2239 erat

163 2257 234 2284 fyens
260 2248 377 2286 Amyci,
408 2248 439 2277 id
461 2252 519 2281 est,
541 2249 597 2277 sub
626 2258 716 2286 regno
750 2249 870 2287 Amyci,

166 2291 288 2313 venerut
299 2287 431 2324 Trojam.
443 2286 560 2324 ferebat
579 2297 619 2321 se,
641 2287 809 2321 incedebat,
821 2298 871 2316 ve-

167 2323 277 2352 niebat.
326 2325 352 2353 A
378 2325 416 2353 ud
443 2325 568 2354 Homer.
590 2325 610 2354 l.
632 2335 659 2354 c.
680 2326 719 2354 Il.
742 2330 776 2361 ψ,
799 2327 867 2354 679.

165 2362 235 2390 680.
257 2362 360 2400 Eurya
373 2363 382 2391 i
397 2363 494 2392 virtus
509 2363 599 2392 simili
619 2364 706 2393 modo
720 2374 869 2393 commen-

166 2400 266 2432 datur,
286 2404 374 2438 atque
390 2401 438 2430 hic
457 2403 785 2433 Daretis.—375-377
807 2407 868 2432 sto-

167 2437 228 2467 lide
244 2439 330 2467 serox
346 2439 432 2468 homo
448 2441 568 2479 egregie
592 2446 660 2469 ante
676 2441 779 2470 oculos
799 2451 869 2470 conn

168 2476 305 2520 stitutus.
334 2478 631 2517 380pal7na,pugna,
645 2479 795 2517 pugilatu,
810 2489 869 2518 quo

168 2524 306 2552 superior
320 2516 454 2545 omnibus
479 2522 536 2551 est,
559 2528 624 2546 cum
638 2528 723 2546 nemo
742 2519 779 2546 ad
797 2528 868 2546 con-

166 2563 302 2590 gressum
311 2554 579 2591 prodiisset.—385
591 2556 771 2594 sqq.Primae
781 2556 868 2585 lineae

165 2592 194 2619 in
210 2591 346 2620 Homero
361 2602 389 2620 v.
402 2593 576 2630 676-6823
597 2599 627 2623 at
650 2605 737 2632 quam
752 2595 869 2634 egregie

166 2629 316 2659 coloribus
348 2630 410 2658 suis
443 2641 460 2659 a
493 2633 583 2670 poeta
618 2633 748 2662 inductae
761 2635 869 2662 2—387

166 2669 293 2698 Acestes
305 2668 434 2706 φωνῆεν
446 2670 584 2708 castigat.
605 2671 653 2699 Ita
667 2672 777 2700 malim.
804 2673 870 2701 Neo

170 2707 245 2737 male
259 2711 354 2737 tamen
364 2707 462 2746 yravia
477 2708 604 2744 omnino,
627 2711 762 2747 quoniam
777 2720 868 2740 senex

909 2020 996 2053 erat3
1018 2017 1130 2055 quippe
1154 2026 1240 2046 senes
1273 2019 1361 2044 mtate
1383 2018 1413 2043 et.
1439 2012 1616 2042 auctoritate

931 2065 1016 2084 raves
1032 2056 1190 2084 habentur.
1232 2054 1345 2083 Similis
1357 2051 1522 2091 increpatio
1537 2051 1615 2079 Pan-

933 2094 975 2122 ari
999 2094 1036 2122 ab
1064 2094 1161 2123 AEnea
1186 2093 1225 2122 Il.
1247 2106 1271 2125 ε,
1293 2094 1347 2121 171
1377 2102 1441 2129 sqq.
1463 2090 1617 2127 Objurga-

910 2133 1004 2161 tiones
1021 2136 1121 2160 autem
1142 2131 1290 2170 ejusmodi
1307 2131 1336 2159 in
1353 2130 1488 2159 Homero
1509 2137 1615 2156 occur-

909 2175 975 2199 runt
1001 2171 1114 2208 plures,
1137 2182 1166 2199 v.
1188 2181 1215 2199 c.
1231 2171 1377 2199 Minervae
1402 2168 1461 2197 Od.
1482 2182 1511 2202 χ,
1534 2167 1591 2194 224
1606 2176 1615 2194 2

910 2209 1055 2238 Hectoris
1079 2209 1117 2238 Il.
1134 2223 1160 2244 o,
1181 2210 1240 2238 440
1265 2219 1331 2246 sqq.
1352 2217 1426 2246 quas
1449 2204 1614 2249 non-facile

909 2248 1046 2276 manibus
1078 2248 1211 2276 dimittet
1244 2248 1344 2285 poeta,
1383 2245 1453 2284 quia
1486 2253 1548 2273 vnn
1574 2246 1614 2286 'et

909 2291 1048 2318 δεινότητα
1063 2286 1152 2315 habet
1167 2285 1369 2317 cratim—389
1382 2284 1494 2313 frustra
1513 2283 1615 2325 fortis·

908 2325 982 2353 sime
999 2325 1068 2353 olim
1083 2325 1160 2353 inter
1177 2325 1293 2358 heroes,
1317 2335 1360 2353 sc.
1374 2320 1612 2361 quandoquidem

907 2373 983 2392 nunc
996 2363 1075 2392 iners
1090 2363 1222 2392 desides.
1261 2363 1312 2392 Sic
1327 2372 1393 2400 sup.
1410 2361 1456 2389 11.
1472 2359 1540 2388 348,
1554 2358 1613 2400 349

899 2402 1030 2440 juvenes,
1050 2402 1220 2439 fortissima
1246 2403 1366 2439 frustra
1389 2403 1518 2439 pectora.
1559 2397 1610 2439 SJc

907 2440 1096 2479 nequicquam
1112 2451 1180 2479 sup.
1197 2440 1237 2475 V,
1249 2441 1298 2469 81.
1312 2441 1379 2468 256.
1393 2438 1451 2467 270
1465 2440 1495 2464 et
1511 2438 1612 2478 statim

908 2480 1084 2508 392.-391.
1113 2480 1171 2508 392
1208 2478 1387 2516 gravissima
1422 2476 1611 2512 objurgatio:

908 2517 1044 2555 mayz'ster
1076 2517 1174 2556 Eryx,
1203 2517 1231 2546 h.
1259 2528 1286 2546 e.
1314 2515 1407 2554 gloria
1435 2514 1510 2555 haja,
1532 2511 1613 2549 quod

910 2556 1039 2589 Ervcem
1054 2556 1172 2585 heroem
1186 2556 1257 2593 (sed
1271 2556 1378 2591 majus,
1392 2552 1460 2580 deus
1475 2550 1538 2587 zlle)
1552 2560 1613 2578 rna-

910 2589 1035 2632 gistrum
1052 2595 1204 2638 pugilatus
1222 2590 1479 2623 habuisti.—nobis
1501 2589 1613 2617 habere

908 2637 1052 2667 μιμητικὸν
1070 2633 1183 2672 aliquid
1204 2643 1242 2661 ex
1258 2631 1320 2659 vita
1342 2629 1493 2658 hominum
1509 2632 1612 2656 notum

909 2676 965 2700 est.
978 2671 1079 2709 spolia.
1093 2671 1190 2700 Auxit
1205 2671 1268 2699 haec
1281 2669 1349 2697 val.
1365 2668 1413 2697 Fl.
1426 2667 1483 2701 lv,
1500 2667 1554 2695 1231
1567 2675 1612 2708 sq.

909 2711 1103 2740 —394-390
1124 2709 1205 2740 Talis
1232 2707 1387 2738 excusatio
1411 2707 1551 2744 frequens
1582 2713 1611 2732 m
