1796 3077
206 233 302 278 656

634 233 676 270 P.
707 231 938 269 VIRGILII
970 230 1222 268 MARONIS

208 351 331 397 Quos
355 360 500 393 contra
523 352 732 392 EEneadoe
754 351 864 392 bello
886 352 1024 394 fecere
1044 352 1260 406 profanos.

208 408 342 457 Dixit,
365 422 571 462 opemque
593 408 662 448 dei
683 423 767 448 non
788 423 906 449 cassa
926 410 968 449 in
990 416 1085 449 vota
1107 411 1284 449 vocavit.

207 462 405 517 Namque
427 465 499 504 diu
522 463 698 513 luctans,
720 464 919 518 lentoque
941 466 981 505 in
1004 465 1134 518 stirpe
1154 473 1355 514 moramS,

207 519 380 560 Viribus
402 519 517 559 haud
535 519 629 560 ullis
647 520 777 561 valuit
797 520 1034 561 discludere
1055 536 1218 561 morsus

208 576 394 615 Roboris
417 576 594 616 AEneas.

655 576 772 617 Dum
793 578 939 617 nititur
961 592 1070 626 acer,
1091 584 1133 617 et
1153 578 1302 617 instat:

208 631 374 671 Rursus
395 632 436 670 in
457 633 616 685 aurigae
637 633 787 674 faciem
807 641 967 674 mutata
990 633 1161 674 Metisci

206 687 440 735 procurrit,
463 688 665 742 fratrique
686 703 829 730 ensem
850 690 931 730 dea
952 690 1124 730 Daunia
1144 689 1300 729 reddit.

205 743 336 787 Quod
359 743 506 784 Venus
529 746 680 785 audaci
700 745 917 799 Nymphae
938 747 1154 799 indignata
1173 745 1313 793 licere,

204 799 410 848 Accessit,
433 800 646 854 telumque
667 801 751 842 alta
769 803 825 842 ab
846 802 986 843 radice
1007 801 1180 842 revellit.

205 855 291 895 Olli
313 855 523 905 sublimes,
545 858 667 897 armis
689 859 919 911 animisque
940 858 1101 906 refecti,

204 911 290 952 Hic
310 911 452 965 gladio
472 913 621 962 fidem,
643 914 711 955 hic
733 929 830 955 acer
851 921 893 954 et
913 916 1070 955 arduus
1091 914 1226 963 hasta,

206 966 425 1008 Assistunt
445 976 592 1009 contra
612 971 838 1011 certamine
858 970 1010 1010 Martis
1033 970 1187 1010 anheli.

1576 965 1659 1006 790

259 1024 289 1063 J
293 1039 472 1065 unonem
493 1026 653 1066 interea
674 1026 773 1067 Rex
795 1027 1091 1079 omnipotentis
1113 1025 1283 1079 Olympi

204 1079 460 1133 Alloquitur,
483 1081 597 1121 fulva
617 1097 781 1136 pugnas
803 1083 856 1122 de
881 1083 994 1123 nube
1015 1090 1228 1123 tuentem:

206 1136 348 1181 Quae
333 1153 366 1190 J
355 1152 421 1177 un
442 1137 535 1177 finis
557 1139 652 1186 erit,
675 1140 858 1203 conjux.
846 1141 861 1167 ‘²
893 1139 995 1192 quid
1017 1139 1200 1192 denique
1221 1139 1381 1178 lestat?

206 1192 398 1245 Indwetc
391 1208 442 1233 m
464 1193 634 1233 AEnean
656 1196 734 1234 seis
758 1197 862 1247 ipsa,
883 1203 925 1235 et
946 1196 1051 1235 scile
1072 1195 1231 1243 fateris,

207 1248 369 1288 Deberi
391 1248 513 1297 coelo,
537 1249 717 1302 fatisque
738 1252 791 1290 ad
815 1251 952 1290 sidera
973 1250 1074 1290 tolli.

208 1304 327 1350 Quid
350 1305 505 1344 struis?
537 1312 610 1344 aut
631 1321 715 1358 qua
736 1321 810 1358 spe
832 1306 981 1358 gelidis
1002 1308 1044 1345 in
1064 1306 1248 1346 nubibus
1270 1305 1435 1346 haeres?

208 1359 423 1400 Blortalin'
442 1360 584 1400 decuit
600 1361 745 1400 violari
765 1361 935 1401 vulnere
958 1362 1123 1401 divum?

203 1416 296 1455 Aut
317 1430 458 1455 ensem
481 1416 598 1468 (quid
620 1418 729 1456 enim
751 1417 839 1457 sine
857 1425 897 1457 te
920 1416 1106 1457 ‹Juturna
1127 1416 1284 1457 valeret
1301 1418 1335 1469 ἲ)

207 1471 417 1524 Ereptum
439 1472 561 1512 reddi
579 1472 744 1521 Turno,
768 1481 810 1513 et
831 1474 912 1512 vim
929 1488 1118 1514 crescere
1139 1474 1286 1514 victis?

205 1528 364 1568 Desine
380 1529 469 1581 jam
493 1529 678 1574 tandem,
701 1530 987 1582 precibusque
1006 1530 1222 1570 inflectere
1240 1530 1417 1579 nostris3

1571 1529 1655 1570 800

203 1582 298 1624 Nec
320 1591 360 1624 te
382 1592 521 1625 tantus
543 1585 642 1625 edat
663 1586 833 1626 tacitam
855 1585 999 1636 dolor;
1032 1586 1190 1627 etmihi
1211 1600 1324 1627 curae

209 1746 375 1779 whonores,
397 1749 541 1779 utsacra,
561 1747 736 1785 religiones,
757 1747 908 1776 colerem—

203 1786 272 1812 781.
285 1785 343 1812 7s3
357 1794 445 1821 quam
457 1790 579 1813 ornate
596 1795 653 1813 non
668 1785 766 1822 potuit
776 1785 909 1814 evellere

205 1822 334 1854 hastam
348 1823 422 1850 leuto
439 1833 467 1850 ιιι
478 1828 586 1861 stupe
609 1824 688 1861 quod
704 1825 761 1851 773
783 1823 858 1851 lenta
880 1824 909 1850 in

205 1860 313 1888 radice.
334 1859 492 1888 discludere
508 1871 620 1889 morsus
634 1861 759 1894 roboris,
772 1862 909 1898 ejusdem

206 1899 316 1926 radicis
331 1908 385 1926 seu
397 1899 507 1931 trunci,
521 1899 571 1935 qui
586 1899 798 1927 ferramentum
816 1900 909 1927 haste

205 1940 287 1964 arete
301 1935 458 1972 amplexus
480 1941 555 1969 erat,
578 1940 611 1964 ut
633 1936 755 1964 difficile
777 1941 858 1965 esset
872 1937 909 1964 ad

208 1974 398 2002 solvendum.
432 1973 709 2010 Sicmordetfibala.
713 1976 841 2003 -lacit
855 1975 909 2004 Ju-

206 2018 302 2045 turna,
334 2011 415 2048 quod
448 2011 546 2039 Pallas
574 2013 603 2040 in
633 2013 760 2041 Achillis
783 2013 911 2051 gratiam

207 2050 500 2083 11.1,267.—789
527 2051 647 2084 arduus
673 2051 770 2079 elatus
799 2051 909 2085 animo,

207 2088 321 2121 audax,
333 2087 376 2115 uti
388 2087 573 2132 alterfiderns.
614 2073 666 2117 Sic
679 2089 756 2117 altus
768 2090 909 2124 AEttea93

208 2126 340 2154 sublimes
369 2126 460 2153 armis
486 2127 615 2164 jungunt
647 2127 716 2154 alii:
754 2127 829 2155 male
853 2127 910 2155 hic.

206 2164 339 2192 sublimes
364 2164 506 2191 assistunt
538 2165 620 2193 refer
651 2165 687 2193 ad
709 2169 821 2193 statum
843 2175 909 2194 cor-

207 2202 300 2239 poris,
322 2202 415 2230 erecti
437 2202 496 2239 ipsi
518 2203 607 2231 armis
635 2203 775 2236 sublatiS,
804 2207 910 2241 utpote

208 2250 239 2268 se
254 2239 388 2277 petituri.
393 2242 489 2269 -790
509 2245 620 2273 contra,
644 2251 681 2269 ex
704 2242 845 2275 adversm
862 2252 910 2269 as-

207 2278 323 2311 sistunt,
345 2282 435 2312 stant,
457 2279 700 2315 congrediuntur,
716 2279 744 2307 in
758 2279 910 2307 certamine

203 2326 319 2353 puyuoe,
341 2326 395 2353 pro
408 2326 467 2354 qua
481 2317 610 2345 Martem
624 2316 755 2344 anhelum
768 2317 857 2345 dixit.

245 2355 300 2381 791
323 2364 388 2391 sqq.
382 2356 488 2382 .—s12
511 2355 618 2382 Novo
611 2360 729 2382 invento
746 2356 835 2391 poe'ta
848 2365 911 2389 nos,

207 2401 274 2419 cum
303 2393 365 2435 jam
397 2402 527 2430 pugnam
556 2392 650 2420 Τιιι-ιιι
683 2396 713 2420 et
738 2393 843 2421 AEueae
865 2392 909 2420 in-

209 2429 336 2457 staurari
358 2435 583 2467 exspectamus,
606 2434 724 2463 avocat,
746 2435 776 2458 et
797 2431 909 2459 animos

209 2476 373 2504 suspensos
400 2473 484 2497 tenet
512 2470 637 2497 deorum
659 2468 794 2496 consiliis
815 2469 909 2497 inter-

207 2505 331 2542 positis:
354 2515 413 2541 quo
435 2507 497 2535 sere
512 2507 600 2535 modo
615 2506 756 2543 Odyssea
769 2506 805 2534 ad
823 2506 911 2535 finem

207 2546 349 2580 properat
363 2556 394 2574 ω,
404 2545 459 2571 471
475 2554 541 2581 sqq.
581 2545 760 2587 omnipotens
773 2544 909 2582 Olympi,

208 2581 260 2619 qui
280 2585 327 2609 est
346 2580 472 2608 deorum
496 2582 759 2620 omnipotentium:
792 2583 828 2611 de
851 2592 910 2620 quo

207 2620 248 2648 cs.
265 2618 368 2648 adlib.
384 2618 429 2651 X,
447 2620 473 2646 l

245 2658 313 2686 794.
335 2656 394 2686 795
421 2640 525 2685 'Fatale
546 2668 623 2693 esse,
646 2662 679 2687 ut
699 2659 812 2688 AEneas
833 2658 909 2687 deus

949 1747 1264 1786 Indiges,a}7xzi›1,poe
1293 1746 1344 1780 sit,
1378 1746 1437 1775 scis
1467 1745 1545 1784 ipsa,
1578 1746 1656 1774 conf.

949 1786 1127 1819 VI1,313.
1183 1786 1265 1814 Nota
1295 1785 1361 1814 loca
1395 1785 1524 1818 Liv.1‚
1558 1785 1587 1813 2.
1621 1785 1654 1811 f:

949 1808 1061 1852 Tibu'll.
1082 1824 1129 1856 ΙΙ,
1160 1826 1189 1857 5,
1220 1825 1271 1856 43,
1299 1824 1337 1851 44
1359 1833 1425 1860 sqq.
1466 1823 1599 1851 Induoor
1621 1826 1654 1850 ut

949 1863 1084 1895 credam,
1114 1863 1269 1890 Maronem
1300 1861 1428 1898 primum
1450 1861 1479 1889 h.
1500 1861 1519 1889 l.
1548 1871 1653 1889 ausum

950 1900 1097 1927 vizortalem
1120 1910 1175 1937 pro
1196 1900 1278 1928 letali
1291 1900 1396 1928 dicere
1411 1909 1416 1926 :
1438 1899 1519 1937 quod
1535 1899 1573 1927 ad
1587 1908 1655 1926 nna-

951 1937 1059 1975 logiam
1075 1942 1120 1965 tot
1135 1938 1261 1966 alioruin
1278 1938 1433 1972 similium,
1461 1948 1489 1965 v.
1503 1947 1529 1965 c.
1543 1937 1654 1970 letalis,

952 1976 1161 2013 fitpraeclare·
1184 1977 1242 2004 etsi
1255 1977 1341 2004 Serv
1357 1960 1489 2008 damilet,
1503 1979 1533 2003 et
1548 1976 1654 2003 Burin.

950 2020 1032 2041 recte
1054 2019 1185 2047 moneat,
1207 2024 1274 2042 esse
1297 2023 1384 2041 nsum
1405 2013 1488 2041 vocis
1504 2013 1654 2056 sequ-ioris

951 2052 1061 2079 aetatis.
1115 2052 1176 2079 Sed
1210 2053 1274 2080 hanc
1303 2051 1381 2088 ipsa,
1425 2061 1492 2089 quae
1524 2051 1655 2080 seriores

951 2089 1117 2132 scriptores
1153 2089 1211 2117 sibi
1245 2089 1431 2126 permittunt,
1465 2089 1610 2126 pleraque
1637 2099 1655 2118 a

949 2128 1049 2164 poetis
1069 2127 1198 2164 primum
1219 2128 1358 2164 profecta
1378 2131 1458 2155 sunt.
1507 2128 1557 2156 Ita
1590 2129 1654 2156 tan-

950 2165 1018 2193 dem
1048 2165 1198 2193 sententia
1229 2165 1320 2203 digna
1349 2166 1441 2202 po'e‘ta
1466 2165 1539 2194 exit.
1580 2166 1655 2195 Erat

950 2203 1054 2240 utique
1074 2204 1162 2246 quod
1176 2203 1332 2232 miraretur
1346 2203 1479 2240 Jupiter,
1492 2204 1653 2239 Junonem,

951 2251 1018 2269 cum
1042 2242 1134 2269 sciret
1155 2241 1221 2279 ipsa
1243 2241 1359 2270 AEnean
1383 2242 1582 2270 immortalem
1603 2242 1650 2270 su-

951 2285 1064 2312 turum,
1087 2282 1182 2307 tamen
1206 2284 1328 2316 putasse
1360 2289 1393 2308 se
1423 2283 1652 2317 assequuturam

951 2316 1019 2349 hoc,
1041 2320 1074 2346 ut
1093 2317 1143 2345 ille
1165 2317 1224 2345 telo
1246 2327 1410 2361 percussus
1431 2317 1555 2346 vulnere
1570 2318 1652 2346 letali

953 2355 1153 2383 occideret—
1155 2356 1213 2384 709
1234 2356 1327 2390 victis,
1348 2365 1416 2399 pro
1424 2356 1525 2391 vict03
1548 2366 1586 2384 ex
1599 2356 1651 2384 de-

950 2402 1022 2421 coro
1043 2393 1156 2430 poetici
1172 2394 1329 2426 sermonis,
1352 2403 1388 2422 ne
1408 2394 1438 2421 in
1459 2393 1577 2437 vulgari
1589 2393 1650 2422 hae

950 2435 1045 2459 reret:
1069 2431 1160 2466 Quod
1181 2432 1272 2460 toties
1293 2432 1424 2460 vidimus
1445 2431 1533 2460 etiam
1553 2432 1581 2459 in
1594 2431 1651 2460 hoc

950 2468 1100 2511 enallages
1129 2479 1247 2506 genere,
1281 2470 1311 2498 in
1339 2469 1495 2507 tragoediis
1525 2469 1652 2497 solenni.

950 2506 1020 2535 Alia
1052 2516 1099 2535 νι5
1139 2507 1219 2536 nulla
1250 2508 1337 2536 inest.
1339 2508 1434 2536 —801
1456 2506 1566 2535 Necte
1586 2508 1653 2536 edat

951 2544 1051 2573 dolor:
1073 2545 1163 2572 alias:
1186 2546 1314 2574 animum
1330 2550 1424 2578 tuum,
1436 2549 1469 2572 ut
1484 2544 1522 2572 11.
1538 2549 1561 2578 ζ,
1582 2547 1652 2574 202.

944 2587 994 2611 Ὃν
1023 2585 1105 2616 θυμὸν
1135 2587 1252 2612 κατέδων
1278 2588 1309 2612 et
1334 2584 1402 2612 alia.
1421 2593 1471 2610 nec
1491 2583 1582 2611 toties
1603 2594 1650 2612 me

950 2621 1083 2658 querelis
1110 2621 1170 2650 tuis
1196 2622 1314 2660 fatiges.
1342 2626 1369 2649 et
1397 2620 1551 2658 subjungi,
1580 2631 1647 2650 cum

949 2659 1087 2697 negativa
1106 2670 1156 2688 nec
1177 2660 1342 2699 repetenda
1360 2662 1451 2693 esset,
1471 2668 1581 2689 novum
1593 2669 1649 2688 non
