1796 3077
597 247 863 289 AENEIDOS.

920 249 1020 289 LIB.
1051 248 1127 288 ΙΙΙ.

142 367 387 426 Praecipites
405 377 539 412 metus
559 384 656 412 acer
676 371 763 426 agit
781 385 1047 426 quocumque
1068 370 1269 412 rudentes

142 429 372 478 Excutere,
394 436 438 469 et
455 428 588 469 ventis
606 428 825 469 intendere
845 428 937 470 vela
956 428 1167 470 secundis.

142 486 302 527 Contra
313 487 434 540 jussa
453 491 623 526 monent
641 484 809 535 Heleni,
831 485 1013 540 Scyllam
1032 493 1158 539 atque
1180 484 1439 539 Charybdim

143 542 274 592 Inter,
295 550 515 596 utramque
535 542 643 582 viam
661 541 734 583 leti
753 542 988 584 discrimine
1008 557 1153 597 parvo,
1509 543 1594 584 685

142 598 205 640 Ni
224 606 394 641 teneant
414 613 583 648 cursus3
609 606 770 640 certum
790 606 854 641 est
874 600 974 641 dare
992 598 1121 640 lintea
1139 606 1267 641 retro.

142 655 260 697 Ecce
281 663 420 697 autem
439 655 601 697 Boreas
622 663 802 710 angusta
822 658 875 698 ab
896 656 995 698 sede
1016 655 1157 697 Pelori

142 711 302 754 Missus
322 713 455 754 adest.

516 711 629 753 Vivo
648 714 936 767 praetervehor
955 714 1061 754 ostia
1081 728 1183 754 saxo

141 768 374 824 Pantagiae,
395 769 682 823 Megarosque
705 770 830 819 sinus,
852 770 1157 824 Thapsumque
1174 770 1398 825 jacentem.

143 825 268 867 Talia
286 827 547 867 monstrabat
566 825 756 879 relegens
777 834 915 867 errata
934 834 1164 867 retrorsum
1509 826 1593 866 690

145 882 294 923 Litora
313 881 640 930 Achemenides,
661 896 800 923 comes
820 882 994 924 infelicis
1017 882 1146 923 Ulixi.

202 939 371 980 Sicanio
389 945 598 993 praetenta
618 939 711 980 sinu
725 940 842 994 jacet
861 939 995 980 insula
1015 946 1162 980 contra

145 994 443 1050 Plemmyrium
463 995 695 1046 undosum3
726 1011 878 1038 nomen
898 997 1043 1037 dixere
1062 997 1225 1050 priores

147 1052 386 1106 Ortygiam.
444 1051 660 1107 Alpheum
679 1052 790 1094 fama
809 1061 874 1094 est
891 1053 974 1094 huc
997 1052 1132 1095 Elidis
1154 1066 1316 1095 amnem

148 1108 350 1150 Occultas
371 1109 507 1163 egisse
526 1109 613 1149 vias
635 1111 780 1151 subter
798 1125 927 1159 mare,
948 1110 1021 1164 qui
1039 1124 1150 1150 nunc
1510 1110 1593 1150 695

148 1165 252 1214 Ore,
272 1164 501 1214 Arethusa,
522 1172 596 1206 tuo
617 1165 768 1207 Siculis
789 1167 1061 1208 confunditur
1079 1166 1218 1206 undis.

146 1221 176 1263 J
178 1222 263 1263 ussi
281 1223 451 1263 numina
468 1236 621 1276 magna
638 1221 718 1263 loci
737 1238 984 1264 veneramur
1001 1239 1010 1271 3
1041 1230 1084 1263 et
1103 1222 1202 1262 inde

148 1279 376 1333 Exsupero
396 1293 644 1334 praepmgue
661 1278 794 1321 solum
814 1279 1046 1335 stagnantis
1068 1278 1232 1320 Helori.

147 1425 309 1453 cupressus
323 1416 424 1445 feralis
447 1416 544 1449 arbor,
566 1425 604 1444 ex
619 1415 737 1454 vulgari
751 1425 850 1445 narra-

149 1454 228 1483 tione
244 1455 309 1482 Diti
329 1464 426 1488 sacra,
448 1460 481 1482 ut
501 1454 583 1482 Pliu.
603 1454 624 1482 l.
645 1455 781 1483 c.—682.
794 1455 852 1483 683

148 1492 215 1521 Nos
242 1497 325 1522 metu
359 1492 464 1530 agitati
494 1502 670 1530 quocunque
705 1493 852 1522 malumus

150 1541 270 1559 cursum
292 1531 434 1569 dirigere,
455 1541 542 1568 quam
563 1531 591 1559 in
614 1535 703 1569 portu
725 1540 854 1560 manere.

150 1569 285 1598 rudentes
305 1574 445 1603 excutere,
469 1569 623 1603 evolvere,
648 1569 802 1608 explicare
824 1574 855 1598 et

150 1607 314 1643 intendere,
337 1613 372 1637 ut
393 1618 459 1646 sup.
480 1607 691 1636 267.—-ventis
713 1608 853 1642 secundis,

152 1646 205 1676 int.
231 1656 290 1685 quo
315 1650 422 1675 ventus
450 1646 561 1681 ferret3
592 1655 650 1674 nou
676 1650 854 1684 exspectare

151 1689 284 1719 ventum,
305 1695 394 1723 quem
407 1694 512 1713 cursus
533 1684 855 1722 postulabat.—-684—

151 1724 210 1753 686
245 1724 356 1752 Contra
376 1733 449 1752 vero
462 1722 570 1752 Heleni
582 1723 668 1761 jussa
685 1724 857 1761 (monuerat

150 1762 213 1797 ille,
235 1772 270 1791 ne
288 1773 342 1800 per
355 1763 465 1791 fretum
479 1761 669 1799 navigarent)
683 1766 806 1795 monent,
828 1762 858 1790 ni

152 1801 202 1837 (h.
226 1811 251 1830 e.
272 1802 326 1840 ne)
352 1804 465 1829 teneant
490 1801 613 1838 (naves)
638 1810 754 1828 cursum
782 1800 858 1828 inter

151 1839 279 1877 Scyllam
301 1844 388 1877 atque
406 1838 584 1876 Charybdin,
608 1843 758 1876 utramque
779 1838 856 1867 viam

151 1878 201 1906 leti
219 1877 382 1907 discrimine
400 1887 493 1916 parvo
507 1877 694 1915 (posteriora
716 1877 856 1915 apposita

152 1921 247 1954 puta:
278 1926 332 1954 per
355 1920 521 1953 utramque,
545 1919 575 1944 et
596 1925 651 1954 per
673 1915 803 1953 Scyllam
825 1920 855 1944 et

152 1964 209 1992 per
235 1954 421 1993 Charybdin,
449 1958 513 1983 erat
538 1953 595 1982 iter
621 1953 854 1992 periculosum).

155 1993 232 2022 Cum
246 1997 344 2022 tamen
358 1997 464 2022 ventus
479 2002 587 2021 versus
607 1992 660 2021 has
678 1997 781 2031 partes
796 1993 854 2021 fer-

154 2036 211 2066 ret,
232 2042 274 2061 sc.
289 2032 327 2061 ab
344 2031 467 2060 australi
486 2031 577 2070 plaga
598 2031 726 2069 spirans,
748 2035 856 2060 certum

155 2074 197 2098 est
211 2070 280 2099 dare
299 2070 386 2099 lintea
406 2074 496 2104 retro,
516 2070 546 2098 h.
561 2079 588 2098 e.
605 2071 667 2108 jam
680 2070 855 2100 decrevera-

155 2117 222 2137 mus
235 2119 316 2138 mare
330 2108 516 2138 Adriaticum
530 2113 686 2146 repetere;
704 2118 771 2137 cum
786 2118 855 2137 ecce

158 2147 272 2175 Boreas
296 2147 604 2176 exoritur.—Heleni
615 2148 712 2185 jussa,
736 2158 766 2176 v.
788 2157 856 2185 sup.

157 2186 216 2214 410
236 2195 302 2223 sq.:
323 2187 382 2214 420
396 2186 542 2224 sqq.—ni,
566 2186 636 2220 nisi,
658 2186 779 2224 antique
801 2196 856 2224 pro

157 2233 203 2252 ue.
243 2223 293 2252 Sic
305 2223 394 2252 Serv.
409 2228 439 2253 et
456 2225 560 2262 plures
573 2228 649 2253 vett.
664 2224 857 2253 Grammatici

160 2272 208 2300 ap.
221 2261 327 2291 Heius.
346 2266 376 2290 et
398 2262 481 2296 alios,
501 2273 531 2291 v.
545 2263 655 2292 Horat.
669 2263 697 2298 Ι,
711 2264 759 2291 14.
773 2264 810 2292 15
826 2267 857 2291 tu

159 2301 217 2330 nisi
238 2300 330 2329 ventis
342 2299 424 2329 debes
441 2300 603 2335 ludibrium,
622 2311 699 2331 cave.
721 2301 859 2339 (Horatii

158 2339 244 2368 locus
268 2339 353 2368 aliter
367 2338 581 2376 explicandus3
602 2350 696 2378 neque
715 2339 782 2374 nisi,
807 2340 861 2369 sed

159 2381 274 2407 tantum
286 2377 317 2405 ni
330 2386 384 2415 pro
397 2387 431 2405 ne
444 2382 619 2415 usurpatum
634 2388 701 2407 esse
716 2388 862 2417 gramma—

159 2416 214 2445 tici
227 2419 377 2445 notarunt.
405 2415 475 2444 Vid.
491 2416 654 2445 Forcellini
668 2418 724 2446 sub
738 2426 806 2446 voc.
818 2417 860 2452 ni,

182 2454 211 2483 ui
231 2454 360 2493 plurima
378 2453 501 2492 collegit
519 2453 610 2492 hujus
626 2465 698 2484 usus
713 2456 862 2493 exempla.

205 2494 384 2532 .)-teneant
398 2502 440 2521 sc.
451 2502 551 2521 naves.
561 2493 694 2531 (teneant
707 2503 818 2528 cursus,
829 2494 859 2523 h.

161 2542 188 2560 e.
207 2532 359 2570 navigent.
380 2530 617 2570 IV.)—Missus:
640 2532 859 2570 putogexprimi

161 2573 268 2604 i'xpaevor
282 2570 330 2599 vel
345 2573 459 2605 ἱέμενος,
483 2579 539 2611 pff)
560 2569 788 2599 veniens—688.
802 2572 861 2600 689

163 2610 236 2637 ostia
249 2609 402 2646 Pantayioe
413 2619 482 2637 saxo
494 2618 568 2636 vaco.
589 2609 752 2646 Pantagias
765 2610 858 2646 (nnnc

166 2646 268 2675 Finme
287 2648 316 2676 di
337 2647 481 2685 Porcari)
504 2657 614 2684 parvus
631 2647 750 2681 fluvius,
772 2648 860 2676 'brevi

164 2695 265 2719 cursu,
286 2685 360 2715 infra
376 2686 546 2719 Leontinos,
560 2687 645 2723 cujus
659 2686 768 2716 ostium
784 2696 860 2722 prae-

164 2724 261 2762 ruptis
276 2725 411 2764 utrinque
426 2724 551 2764 rupibus
570 2724 732 2755 includitur
747 2735 752 2753 :
776 2725 812 2754 dc
827 2735 861 2754 ec

890 1425 919 1444 v.
934 1415 1055 1445 Cluver.
1069 1415 1153 1445 Sicil.
1167 1418 1227 1443 ant.
1241 1413 1293 1442 lib.
1308 1413 1334 1447 I,
1349 1423 1375 1441 c.
1388 1415 1435 1442 ll.
1469 1414 1597 1444 Dorvill.

892 1454 993 1483 Sicula
1023 1464 1054 1492 p.
1080 1455 1148 1483 206.
1174 1454 1242 1482 207.
1268 1452 1395 1490 Megara
1423 1458 1491 1481 sunt
1519 1453 1546 1480 h.
1578 1455 1599 1482 Ι.

893 1493 1071 1530 Hyblensia,
1095 1493 1164 1530 quia
1185 1491 1255 1520 olim
1268 1490 1372 1528 Hybla
1393 1500 1486 1528 parva
1506 1491 1598 1525 dicta,

893 1541 950 1559 non
964 1531 1051 1574 longe
1067 1541 1083 1559 a
1097 1530 1268 1568 Syracusis,
1288 1529 1316 1557 in
1334 1529 1400 1557 sinu
1416 1529 1600 1567 Megarensi,

895 1569 982 1605 Golso
998 1570 1027 1598 dt
1042 1569 1188 1607 Augusta,
1210 1577 1297 1606 quem
1315 1568 1351 1595 ab
1369 1568 1492 1596 australi
1512 1574 1597 1606 parte

892 1607 1018 1636 includit
1039 1608 1181 1646 Thapsus,
1203 1606 1358 1644 peninsula
1377 1606 1408 1634 in
1428 1616 1507 1635 mare
1528 1617 1598 1644 pro-

893 1655 1027 1681 currens,
1048 1646 1228 1685 planapoene
1235 1644 1372 1681 fluctibus
1382 1654 1451 1682 par,
1473 1645 1514 1673 ait
1527 1646 1596 1675 Ser-

893 1684 972 1718 vius,
987 1684 1038 1723 qui
1053 1684 1181 1713 insulam
1197 1683 1346 1721 appellat3
1366 1683 1597 1720 nndejacentem

894 1722 973 1751 dixit
984 1725 1083 1761 poe'ta,
1096 1723 1124 1756 h,
1136 1733 1162 1751 e.
1177 1722 1328 1756 humilem,
1343 1731 1399 1750 non
1412 1722 1500 1750 altam
1512 1733 1593 1751 mon-

897 1761 1100 1791 tibus—690.
1126 1762 1183 1790 691
1199 1761 1324 1799 relegens
1337 1764 1506 1794 retrorsum,
1530 1771 1596 1790 nam

894 1809 962 1828 cum
977 1800 1088 1837 Ulysse
1102 1809 1119 1828 a
1131 1799 1372 1837 Lotophagorum
1394 1798 1464 1827 inde
1486 1799 1594 1834 insula,

893 1837 975 1867 litori
989 1838 1101 1867 Africae
1115 1842 1271 1876 praetenta,
1286 1837 1398 1865 Siciliae
1412 1837 1484 1865 litus
1499 1839 1596 1867 orien-

893 1876 952 1905 tale
973 1877 1010 1905 ad
1033 1877 1184 1915 Cyclopas
1209 1886 1304 1914 usque
1326 1876 1599 1913 praeternavigave-

892 1919 947 1943 rat.
969 1915 1007 1944 cf.
1026 1916 1063 1944 ad
1082 1916 1149 1944 570.
1170 1916 1269 1953 itaque
1284 1914 1387 1942 Litora
1403 1915 1465 1951 jam
1489 1920 1600 1944 errata.

893 1953 937 1982 H.
966 1954 1122 1992 Scriptura
1135 1958 1281 1982 retrorsus
1294 1963 1310 1982 e
1324 1953 1464 1981 Mediceo
1479 1957 1510 1981 et
1532 1954 1599 1982 aliis

891 1992 977 2020 libris
999 1993 1184 2031 pra—ferenda
1205 2002 1272 2021 esse
1297 1991 1427 2020 videtur.
1467 1991 1518 2026 Et,
1542 1993 1601 2020 uisi

893 2030 1012 2059 codices
1027 2031 1143 2065 fallunt,
1164 2030 1312 2069 Virgilius
1332 2039 1434 2058 rursus
1448 2035 1477 2058 et
1490 2035 1602 2059 retror-

893 2079 951 2103 sus,
967 2070 1017 2098 ubi
1031 2080 1084 2107 per
1098 2073 1226 2098 metrum
1239 2068 1335 2102 licuit,
1352 2068 1486 2105 scripsit.
1514 2069 1558 2097 JV.

930 2109 1086 2136 692—696
1100 2107 1204 2136 Insula
1220 2106 1355 2144 Ortyystz,
1369 2111 1398 2135 et
1412 2116 1450 2135 ex
1472 2106 1600 2136 adverso

894 2146 1100 2185 Plemmyrium
1133 2145 1379 2184 promontorium,
1413 2144 1450 2172 ad
1485 2145 1597 2174 aditum

896 2185 978 2213 sinus
1005 2190 1035 2213 et
1062 2188 1168 2223 portus
1191 2182 1378 2221 Syracusani.
1419 2183 1454 2211 In
1477 2193 1512 2212 ea
1532 2184 1598 2213 fons

895 2223 1058 2256 Arethusa,
1078 2223 1117 2252 de
1131 2232 1189 2260 quo
1207 2226 1237 2251 et
1252 2222 1290 2250 de
1303 2221 1405 2250 fabula
1422 2231 1512 2260 super
1532 2223 1599 2260 ejus

896 2272 963 2290 cum
978 2262 1098 2300 Alpheo
1121 2260 1219 2290 Elidis
1242 2260 1273 2289 ss.
1292 2270 1347 2288 con
1371 2269 1457 2288 ressu
1478 2270 1507 2289 v.
1529 2270 1601 2300 sup.

898 2300 965 2329 Ecl.
980 2300 1024 2334 X,
1048 2301 1062 2329 1
1081 2304 1111 2329 et
1124 2299 1331 2329 4.--undosum
1350 2270 1382 2326 ᾗ.
1403 2298 1423 2326 l.
1444 2302 1601 2335 περικῦμον,

900 2339 981 2377 quod
1002 2338 1157 2368 aestuantis
1180 2337 1270 2367 maris
1292 2337 1433 2366 fluctibus
1455 2337 1599 2374 alluitur,

900 2378 977 2406 unde
996 2382 1026 2406 et
1045 2378 1142 2416 ipsum
1165 2386 1270 2405 nomeu
1284 2377 1603 2410 nanuuopcove—occul-

899 2420 944 2444 tas
959 2416 1048 2454 eyisse
1062 2416 1123 2444 vias
1134 2415 1232 2444 subter
1244 2424 1333 2448 mare,
1347 2418 1395 2442 τάν
1409 2418 1438 2443 δὲ
1452 2418 1600 2444 θάλασσαν

901 2458 995 2488 Νέρθεν
1017 2458 1192 2488 ὑποτροχάει.
1224 2453 1345 2482 Mosch.
1362 2452 1455 2491 Idyll.
1473 2454 1549 2487 VII,
1569 2456 1600 2484 4.

897 2503 946 2521 ore
978 2498 1037 2527 tuo,
1071 2494 1179 2522 eodem
1211 2491 1329 2529 fronte3
1363 2491 1439 2521 unde
1468 2492 1600 2522 Pindaro

897 2531 1048 2560 Arethusa
1059 2536 1203 2565 ἄμπνευμα
1217 2535 1316 2565 σεμνὸν
1327 2532 1453 2567 Ἀλφεοῦ,
1469 2531 1558 2560 Nem.
1572 2532 1600 2563 Ῑ,

901 2571 916 2598 1
929 2581 936 2605 ;
951 2570 988 2598 cf.
1004 2569 1126 2598 Cluver.
1142 2569 1227 2598 sicil.
1241 2574 1301 2598 ant.
1313 2579 1345 2607 p.
1359 2570 1599 2598 163.l57.-697

899 2608 992 2638 Jussi.
1015 2608 1170 2642 admoniti,
1190 2607 1243 2637 sed
1259 2618 1274 2636 a
1287 2609 1369 2646 quo?
1390 2607 1437 2636 vel
1453 2609 1488 2637 ab
1502 2608 1601 2636 Aelio-

899 2647 1026 2679 menide,
1051 2647 1097 2675 vel
1119 2648 1155 2675 ab
1177 2646 1304 2680 Heleno,
1331 2646 1376 2675 iel
1401 2647 1438 2674 ab
1460 2646 1601 2679 Anchise,

901 2686 939 2714 ait
975 2687 1061 2713 Serv.
1110 2686 1178 2714 Hoc
1212 2685 1347 2714 ultimum
1381 2695 1482 2713 iorum
1517 2689 1601 2721 pulo.

902 2724 1027 2754 Helorus
1050 2724 1159 2754 fluvius
1183 2723 1211 2753 iu
1230 2724 1316 2754 litore
1340 2723 1475 2754 orientali
1498 2723 1600 2761 paullo
