1796 3077
213 229 243 271 4.
614 224 660 264 Ρ.
690 223 921 261 VIRGILII
950 222 1217 261 MARONIS.

271 342 372 385 TIT.
406 343 580 394 Urbem,
597 360 722 398 quam
743 345 887 386 dicunt
907 345 1102 393 Romam,
1126 345 1342 397 Meliboee,
1364 350 1508 402 putavi

215 400 378 442 Stultus
398 417 477 455 ego
494 401 591 443 huic
610 410 763 443 nostrae
786 401 970 451 similem,
989 417 1072 456 quo
1095 418 1207 457 saepe
1225 403 1406 446 solemus

214 456 413 498 Pastores
435 459 572 499 ovium
589 466 755 499 teneros
771 458 982 513 depellere
1003 459 1126 500 fetus.

213 514 282 555 Sic
297 516 467 556 canibus
484 514 642 556 catulos
660 515 826 563 similes,
849 516 906 556 sic
921 517 1123 556 matribus
1137 516 1284 558 haedos

213 570 396 621 Noram3
430 573 485 613 sic
506 573 644 626 parvis
665 587 915 627 componere
932 588 1083 625 magna
1103 573 1302 615 solebam.

212 626 372 668 Verum
389 629 477 669 haec
494 636 655 669 tantum
671 629 770 670 alias
788 630 895 670 inter
912 624 1039 683 caput
1059 630 1208 671 extulit
1224 633 1365 681 urbes,

212 684 428 730 Quantum
449 684 559 726 lenta
577 685 711 726 solent
728 687 835 726 inter
853 686 1030 726 viburna
1049 688 1251 740 cupressi.

271 741 392 782 MEL.
426 742 485 782 Et
506 757 600 796 quae
618 749 734 783 tanta
753 742 832 782 fuit
853 741 1033 782 Romam
1050 744 1125 782 tibi
1145 758 1293 784 caussa
1313 746 1482 787 videndi
1495 749 1511 786 ’ἶ

266 798 367 838 ΤΙΤ.
402 798 620 848 Libertas;
653 813 761 853 quae,
784 813 888 847 sera,
912 805 1049 839 tamen
1067 801 1254 853 respexit
1274 802 1463 852 inertem,

210 854 439 895 Candidior
458 862 682 909 postquam
702 855 892 896 tondenti
913 855 1047 896 barba
1068 857 1267 906 cadebat3

208 910 418 966 Respexit
436 920 588 961 tamen,
608 920 649 953 et
669 911 796 966 longo
824 919 919 966 post
940 920 1129 966 tempore
1147 915 1272 962 venit,

1606 919 1662 958 30

207 967 437 1022 Postquam
458 984 533 1009 nos
554 968 778 1023 Amaryllis
799 968 942 1018 habet,
966 969 1148 1010 Galatea
1166 971 1348 1024 reliquit.

208 1024 417 1078 Namque,
440 1025 605 1067 fatebor
626 1027 747 1075 enim,
769 1026 869 1066 dum
885 1041 952 1066 me
971 1026 1152 1067 Galatea
1170 1029 1353 1077 tenebat,

206 1081 300 1122 Nec
322 1097 417 1136 spes
437 1082 640 1124 libertatis
661 1090 763 1132 erat,
785 1097 860 1124 nec
881 1097 982 1124 cura
1000 1082 1153 1138 peculi.

205 1138 408 1184 Quamvis
428 1139 558 1180 multa
577 1140 679 1181 meis
696 1141 830 1181 exiret
845 1140 1011 1181 victima
1027 1142 1168 1194 septis,

206 1195 382 1250 Pinguis
400 1204 442 1237 et
461 1197 636 1252 ingratae
656 1204 920 1252 premeretur
941 1212 1087 1239 caseus
1108 1198 1215 1247 urbi,

200 1290 371 1321 venientes.
411 1293 543 1322 Narrare
558 1293 682 1322 volebat
702 1304 736 1322 ac
758 1293 911 1322 debebat:

200 1340 234 1359 se
248 1330 399 1360 libertatis
418 1333 560 1370 petendae
580 1342 672 1361 causa
695 1333 821 1362 Romam
840 1342 911 1361 ven-

199 1368 262 1398 isse
288 1373 319 1398 et
344 1380 411 1399 cum
436 1370 492 1400 hac
516 1371 592 1400 illud
614 1381 732 1410 quoque
754 1382 770 1400 a
790 1371 912 1400 domino

200 1407 393 1446 impetrasse,
409 1413 440 1438 ut
453 1419 563 1448 greges
573 1413 637 1439 tuto
649 1420 776 1448 pascere
788 1414 910 1449 posset:

199 1456 244 1475 vs.
266 1447 315 1475 34.
334 1447 377 1477 Η.
417 1449 549 1478 Versum
564 1450 610 1477 18.
630 1459 669 1477 ex
684 1449 747 1483 IX,
769 1451 815 1478 15.
834 1449 913 1478 mala

200 1485 422 1553 ¹¹¹³¹¹unir¹¹³mm
442 1497 523 1522 esse,
546 1487 624 1516 inter
638 1487 823 1527 interpretes
839 1497 909 1517 cou-

201 1527 271 1552 stat.
325 1546 333 1553 .

237 1564 274 1591 21
296 1563 360 1592 huic
373 1568 490 1599 nostrae,
508 1564 656 1598 Mantuae,
673 1575 730 1603 quo
750 1576 823 1603 scepe
837 1565 908 1594 ..ole-

198 1611 261 1629 ‘mus
274 1602 415 1631 Pastores
423 1603 513 1631 ovium
526 1602 663 1641 depellere
670 1605 764 1640 filus,
777 1604 806 1632 h.
815 1613 909 1641 agnos

198 1639 230 1668 in
250 1640 356 1670 urbem
377 1651 478 1679 agere.
498 1641 542 1670 H.
584 1641 627 1670 H.
642 1641 773 1670 Vossius
788 1652 909 1680 praepo-

198 1678 307 1708 sitione
321 1679 354 1708 de
367 1680 468 1708 vicum
483 1680 594 1714 Andes,
609 1680 668 1708 alte
684 1680 786 1713 situm.
801 1681 910 1714 notari,

200 1718 239 1745 cs.
267 1718 330 1753 IX,
356 1719 385 1746 7.
413 1718 600 1748 observavit.
623 1718 751 1747 W.-2o
779 1718 908 1747 Vibarna

198 1760 268 1784 sunt
282 1756 401 1785 fruticis
417 1766 442 1784 s.
456 1756 582 1793 virgulti
597 1766 692 1793 genus
704 1766 792 1784 omne
806 1757 907 1785 flexile

198 1797 230 1822 et
253 1794 380 1828 lentum,
394 1794 520 1832 sepibus
543 1794 675 1827 viendis,
697 1804 751 1823 seu
771 1794 907 1831 ligandis

196 1831 364 1870 fasciculis,
400 1833 486 1862 utile.
551 1832 694 1871 Anglice‚
722 1832 907 1872 VVayt'aring

198 1873 275 1899 tree.

236 1910 276 1938 ‘28
308 1909 454 1944 Libertas,
486 1910 516 1938 h.
548 1910 699 1938 libertatis
730 1909 904 1939 obtinendae

199 1958 270 1985 spes
286 1958 320 1977 ac
335 1948 534 1977 desiderium.
567 1949 668 1977 Verba
682 1948 797 1977 nullum
813 1949 904 1978 alium

196 1996 318 2015 sensum
338 1988 545 2025 suppeditant,
561 1997 648 2025 quam
663 1987 758 2015 hunc:
779 1987 904 2025 Tityrus

194 2024 414 2061 intelligendus
437 2030 485 2054 est
498 2026 594 2054 fuisse
609 2025 719 2064 aliquis
740 2036 779 2055 ex
794 2026 903 2061 servis,

196 2073 323 2099 quorum
338 2064 466 2093 Romani
486 2069 601 2093 tantum
622 2074 777 2094 numerum
792 2065 821 2094 in
836 2066 903 2094 t'un-

196 2102 244 2130 dis
269 2102 332 2130 suis
359 2107 389 2132 et
411 2104 493 2139 agris
514 2103 677 2138 habebant,
699 2103 810 2142 quibus
836 2104 902 2133 sive

195 2150 334 2176 agrorum
347 2142 411 2170 sive
426 2143 578 2180 pecudum
594 2151 666 2170 cura
678 2143 819 2171 mandata
827 2147 903 2172 erat.

194 2178 265 2207 Hoc
290 2185 445 2217 pastorum
472 2190 567 2219 genus
590 2180 649 2209 isto
669 2184 818 2219 tempore,
842 2192 901 2220 quo

193 2216 363 2246 latifundiis
379 2223 527 2257 occupata
541 2222 606 2248 erat
620 2221 670 2256 (v.
682 2220 800 2248 Colum.
814 2221 901 2258 praef.

194 2255 273 2284 Plin.
284 2256 413 2291 XVIII,
427 2259 455 2286 3.
471 2258 551 2294 SA.)
571 2258 673 2291 Italia,
688 2259 900 2297 frequentissi-

193 2304 273 2323 mum
289 2299 364 2324 erat.
403 2296 469 2333 Ipsi
488 2296 579 2326 villici
594 2300 679 2325 erant
701 2297 781 2327 servi
797 2302 849 2326 aut
862 2298 900 2327 li-

193 2332 316 2361 bertini.
357 2334 503 2371 Virgilius
517 2335 621 2372 itaque
636 2336 726 2365 modo
738 2336 822 2374 ipsos
834 2347 901 2375 gre-

194 2381 265 2408 gum
293 2372 429 2401 dominos
456 2372 576 2402 induxit
606 2373 780 2412 loquentes,
810 2376 900 2405 modo

193 2420 311 2438 servos.
369 2412 405 2440 In
429 2412 483 2440 liae
511 2412 628 2450 Ecloga
657 2413 823 2442 Meliboeus
853 2415 900 2444 sui

187 2447 267 2485 juris
282 2449 372 2477 homo
387 2454 445 2483 est,
461 2454 493 2478 ut
509 2461 546 2478 ex
562 2461 590 2480 v.
605 2452 654 2480 68.
675 2455 770 2490 patet.
813 2453 901 2481 Alter

191 2487 357 2515 Melibmus
372 2488 464 2516 Ecm
476 2489 520 2521 11,
537 2490 580 2517 14.
595 2490 670 2520 duas
685 2491 898 2521 servashabet.

195 2525 335 2554 Poterant
354 2530 451 2555 tamen
468 2531 497 2555 et
512 2527 570 2565 ipsi
596 2529 677 2557 servi
702 2529 778 2557 alios
793 2540 898 2559 servos

191 2573 224 2591 ac
241 2574 345 2592 servas
362 2565 390 2592 iu
406 2566 658 2602 peculioliabere.
683 2568 809 2597 Servilis¹
825 2579 894 2598 con-

190 2602 312 2631 ditionis
326 2607 431 2641 pastor
444 2608 491 2632 est
505 2605 647 2642 Corydon
664 2606 731 2640 Ecl,
744 2608 790 2640 ΙΙ,
804 2608 830 2635 l.
852 2608 894 2636 Hi

189 2640 334 2676 homines,
355 2642 379 2670 si
406 2643 558 2679 peculium
582 2643 638 2671 sibi
664 2645 740 2672 satis
755 2655 893 2682 magnum

189 2684 356 2715 parassent,
372 2681 470 2717 pretio
489 2681 618 2709 ‹lomiuis
633 2683 732 2711 soluto
746 2684 774 2711 in
803 2684 893 2712 liber-

187 2720 275 2747 tatem
294 2729 325 2746 so
340 2719 495 2747 vindicare
509 2724 657 2757 poteraut.
692 2722 755 2759 'Pity
765 2732 827 2755 rus,
843 2724 893 2759 qui

186 2765 239 2793 prr
255 2758 364 2787 multos
386 2769 490 2795 airuns,
505 2760 574 2787 dum
589 2761 722 2789 Galatea·
739 2761 832 2790 amori
847 2761 889 2791 iu-

635 2806 653 2819 ‘J

634 2820 653 2837 O

1603 1201 1659 1241 35

952 1293 1112 1330 dulgebat,
1127 1294 1241 1332 peculii
1255 1303 1361 1332 parum
1376 1294 1553 1334 diligentem
1568 1295 1659 1324 ratio-

952 1342 1019 1360 nem
1032 1333 1192 1369 habuerat,
1205 1343 1299 1362 senex
1314 1333 1425 1367 factus,
1440 1343 1509 1362 cum
1523 1334 1659 1373 Amaryl-

950 1371 1055 1406 lidem,
1070 1381 1138 1410 quae
1157 1371 1304 1410 frugalior
1317 1376 1347 1400 et
1365 1372 1485 1411 parcior
1496 1376 1572 1407 erat,
1588 1373 1661 1402 ami-

951 1420 1017 1439 cam
1032 1411 1169 1445 haberet,
1191 1414 1224 1439 ut
1236 1410 1408 1440 libertatem
1430 1411 1487 1440 sibi
1503 1421 1659 1450 compara-

951 1453 1010 1483 ret,
1024 1450 1151 1478 Romam
1164 1450 1201 1479 ad
1214 1450 1317 1478 herum
1332 1460 1418 1478 suum
1430 1451 1588 1494 profectus
1602 1456 1660 1480 est.

951 1487 1018 1516 Jam
1034 1488 1073 1516 de
1096 1488 1249 1523 libertate,
1272 1498 1359 1526 quam
1380 1489 1523 1523 obtinuit,
1541 1490 1590 1524 28,
1607 1491 1658 1524 29,

950 1527 998 1555 30.
1013 1526 1148 1555 meminit
1160 1537 1167 1563 3
1189 1527 1363 1555 facilitatem
1378 1527 1468 1556 simul
1481 1528 1546 1556 heri
1560 1532 1591 1557 et
1602 1528 1657 1557 hu-

948 1565 1122 1594 manitatem
1149 1565 1309 1594 maximam
1336 1570 1499 1604 expertum
1528 1577 1597 1596 esse
1624 1578 1657 1596 se

949 1603 1112 1641 significat,
1133 1604 1163 1632 in
1190 1604 1356 1642 primisque
1382 1604 1457 1633 illud
1486 1605 1656 1636 obtinuisse

950 1642 991 1670 ait
1014 1652 1044 1670 v.
1058 1643 1108 1676 46,
1132 1648 1164 1671 ut
1191 1647 1257 1671 tuto
1280 1653 1314 1672 ac
1336 1643 1432 1672 libere
1453 1654 1563 1682 greges
1584 1654 1656 1673 suos

948 1690 1077 1718 pascere
1092 1684 1326 1721 posset.——quae‚
1339 1692 1415 1717 sera,
1429 1686 1521 1711 tamen
1535 1693 1561 1713 r.
1575 1693 1655 1722 qum,

949 1728 1129 1757 quamquam
1158 1729 1240 1754 sero,
1268 1725 1368 1749 tamen
1394 1721 1555 1759 aliquando
1582 1722 1655 1751 mihi

947 1757 1088 1795 contigit,
1102 1761 1136 1785 ut
1150 1769 1178 1787 v.
1194 1759 1242 1787 30.
1257 1760 1417 1796 repetitur.
1448 1759 1603 1798 Respicere
1617 1761 1656 1790 de

946 1794 1089 1824 libertate
1105 1799 1138 1824 ut
1151 1797 1274 1839 proprie
1289 1798 1424 1827 Fortuna
1438 1799 1593 1837 respiciens
1611 1800 1656 1829 H.

946 1833 1046 1861 Versu
1061 1834 1110 1862 29.
1123 1833 1438 1864 Caudzdior—cadebat
1448 1846 1504 1874 pro
1519 1839 1637 1876 vulgari
1650 1849 1656 1866 :

944 1877 1105 1910 postquam
1129 1873 1289 1902 candidior
1312 1874 1384 1902 mihi
1407 1876 1500 1903 barba
1521 1883 1596 1909 erat,
1624 1876 1653 1905 in

946 1914 1103 1939 senectute
1139 1912 1270 1941 demum.
1321 1912 1466 1942 Similiter
1493 1913 1653 1943 Juveualis

946 1958 1085 1977 sensum:
1108 1949 1173 1978 olim
1191 1955 1290 1979 tonsor
1303 1962 1380 1979 meus
1392 1952 1547 1990 expressit
1563 1953 1589 1987 l,
1604 1955 1653 1982 25.

945 1997 1001 2025 quo
1027 1988 1157 2017 tondmuw
1175 1989 1275 2028 yravis
1286 1990 1389 2027 juvem*
1410 1990 1480 2019 mihi
1499 1991 1589 2020 barba
1606 2003 1653 2022 so-

942 2025 1041 2057 nabat.
1064 2026 1111 2056 W.

981 2066 1020 2093 30
1040 2065 1178 2104 Respexit
1191 2071 1296 2100 ἰιιηιεπ,
1307 2071 1333 2096 e!
1349 2066 1431 2105 louyo
1447 2073 1515 2106 post
1529 2072 1653 2107 tempore

942 2103 1027 2132 venit.
1067 2105 1193 2143 Singula
1218 2106 1256 2134 ad
1282 2106 1498 2136 declarandum
1519 2112 1653 2146 tempus,

943 2153 1002 2180 quo
1031 2142 1202 2172 libertatem
1230 2145 1370 2180 obtinuit,
1398 2146 1500 2175 valere
1526 2146 1651 2178 debent.

942 2181 1078 2220 Contigit
1100 2186 1211 2216 tamen,
1232 2183 1364 2222 inquam,
1383 2184 1519 2219 libertas,
1535 2189 1566 2214 et
1581 2196 1649 2215 sero

942 2221 1104 2249 admodum
1117 2221 1188 2250 mihi
1200 2222 1270 2250 data
1283 2227 1341 2256 est,
1355 2233 1393 2250 ex
1405 2227 1622 2262 quotempore,
1635 2235 1652 2253 a

941 2259 1068 2288 Galatea
1076 2259 1213 2294 relictus,
1225 2260 1254 2289 iu
1263 2261 1471 2299 AmaryllidiS,
1480 2272 1650 2297 conservae,

940 2299 1138 2327 contubernio
1154 2309 1231 2328 sum.
1251 2299 1336 2338 longo
1345 2304 1412 2333 post
1425 2305 1560 2339 tempore,
1575 2305 1609 2330 ut
1620 2312 1650 2330 v.

940 2337 988 2365 68.
1028 2337 1080 2366 Sic
1093 2341 1173 2365 lauto
1183 2342 1251 2376 post
1268 2339 1324 2367 Ge.
1338 2339 1402 2373 111,
1415 2339 1491 2375 4765
1514 2344 1545 2369 et
1558 2341 1650 2378 poeta

940 2376 1017 2404 adeo
1035 2376 1140 2413 junxit
1159 2377 1262 2415 paullo
1281 2377 1404 2413 durius;
1427 2377 1509 2418 lonyo
1523 2383 1648 2416 tempore

936 2419 1013 2457 post.
1033 2419 1188 2454 postquam
1209 2415 1302 2444 habet.
1342 2416 1513 2446 Fatendum
1534 2420 1646 2451 tamen,

939 2453 1072 2481 insidere
1096 2453 1143 2481 his
1164 2454 1268 2482 nescio
1287 2454 1361 2493 quid
1376 2454 1528 2484 invenusti
1547 2459 1578 2484 et
1600 2455 1647 2484 in-

940 2492 1069 2529 compti:
1093 2502 1264 2531 quanquam
1275 2497 1305 2522 et
1316 2493 1375 2523 alia
1389 2493 1531 2522 nonnulla
1543 2494 1572 2522 in
1587 2493 1646 2523 hoe

938 2530 1035 2567 primo
1050 2530 1182 2559 carmine
1195 2531 1442 2571 paullojejunius
1454 2532 1536 2561 dicta
1547 2532 1645 2562 videri

946 2573 1075 2597 ›ossum-

936 2578 945 2606 l
974 2608 1022 2642 34,
1037 2609 1074 2636 35
1097 2607 1245 2645 Quamvis
1261 2610 1412 2648 juvencus
1428 2619 1504 2638 unus
1524 2612 1555 2638 et
1568 2610 1646 2639 alter

935 2655 973 2674 ex
990 2647 1066 2674 meis
1079 2647 1221 2676 armentis
1232 2649 1416 2677 venderetur
1428 2648 1458 2676 iu
1472 2648 1545 2677 urbe
1557 2649 1645 2677 Man-

934 2690 997 2716 tua.
1014 2689 1064 2713 aut
1085 2695 1121 2713 eo
1138 2686 1372 2724 deportarentur
1396 2697 1413 2714 a
1433 2696 1479 2714 me
1495 2687 1588 2720 casei,
1604 2688 1643 2716 ef.

935 2725 990 2751 Gr.
1006 2723 1071 2751 1¹1.
1093 2725 1330 2754 wo—aoa--an
1348 2725 1481 2763 inglutire,
1503 2726 1582 2764 quod
1599 2726 1641 2753 ni-

934 2762 972 2791 hil
990 2762 1058 2792 iude
1075 2766 1192 2801 argenti
1209 2764 1350 2799 referret,
1365 2774 1392 2792 v.
1410 2775 1457 2803 sq.
1471 2764 1514 2794 H.
1553 2764 1643 2794 Scili-
