<?xml version="1.0" encoding="UTF-8"?>
<!DOCTYPE html PUBLIC "-//W3C//DTD XHTML 1.0 Transitional//EN"
    "http://www.w3.org/TR/xhtml1/DTD/xhtml1-transitional.dtd">
<html xmlns="http://www.w3.org/1999/xhtml" xml:lang="en" lang="en">
 <head>
  <title>
</title>
<meta http-equiv="Content-Type" content="text/html;charset=utf-8" />
  <meta name='ocr-system' content='tesseract 3.04.00' />
  <meta name='ocr-capabilities' content='ocr_page ocr_carea ocr_par ocr_line ocrx_word'/>
</head>
<body>
  <div class='ocr_page' id='page_1' title='image "./operahey00virguoft_0461.png"; bbox 0 0 1796 3077; ppageno 0'>
   <div class='ocr_carea' id='block_1_1' title="bbox 620 271 1145 312">
    <p class='ocr_par' dir='ltr' id='par_1_1' title="bbox 620 271 1145 312">
     <span class='ocr_line' id='line_1_1' title="bbox 620 271 1145 312; baseline 0 -1"><span class='ocrx_word' id='word_1_1' title='bbox 620 272 888 312; x_wconf 85' lang='lat' dir='ltr'>AENEIDOS.</span> <span class='ocrx_word' id='word_1_2' title='bbox 921 271 1022 311; x_wconf 83' lang='lat' dir='ltr'>LIB.</span> <span class='ocrx_word' id='word_1_3' title='bbox 1052 271 1145 311; x_wconf 88' lang='lat' dir='ltr'>VII.</span> 
     </span>
    </p>
   </div>
   <div class='ocr_carea' id='block_1_2' title="bbox 1502 282 1598 327">
    <p class='ocr_par' dir='ltr' id='par_1_2' title="bbox 1502 282 1598 327">
     <span class='ocr_line' id='line_1_2' title="bbox 1502 282 1598 327; baseline 0 -1"><span class='ocrx_word' id='word_1_4' title='bbox 1502 282 1598 327; x_wconf 82' lang='lat'>453</span> 
     </span>
    </p>
   </div>
   <div class='ocr_carea' id='block_1_3' title="bbox 159 393 1415 565">
    <p class='ocr_par' dir='ltr' id='par_1_3' title="bbox 159 393 1415 565">
     <span class='ocr_line' id='line_1_3' title="bbox 163 393 1254 452; baseline 0.001 -16"><span class='ocrx_word' id='word_1_5' title='bbox 163 393 389 437; x_wconf 79' lang='lat' dir='ltr'>Dardanus</span> <span class='ocrx_word' id='word_1_6' title='bbox 410 395 547 437; x_wconf 60' lang='lat' dir='ltr'>Idaeas</span> <span class='ocrx_word' id='word_1_7' title='bbox 570 395 768 452; x_wconf 80' lang='lat' dir='ltr'>Phrygiae</span> <span class='ocrx_word' id='word_1_8' title='bbox 788 397 1019 451; x_wconf 79' lang='lat' dir='ltr'>penetrarit</span> <span class='ocrx_word' id='word_1_9' title='bbox 1039 396 1093 437; x_wconf 84' lang='lat' dir='ltr'>ad</span> <span class='ocrx_word' id='word_1_10' title='bbox 1114 397 1254 446; x_wconf 88' lang='lat' dir='ltr'>urbes,</span> 
     </span>
     <span class='ocr_line' id='line_1_4' title="bbox 159 452 1415 508; baseline 0.002 -15"><span class='ocrx_word' id='word_1_11' title='bbox 159 452 485 508; x_wconf 80' lang='lat' dir='ltr'>Threiciamque</span> <span class='ocrx_word' id='word_1_12' title='bbox 507 453 690 504; x_wconf 80' lang='lat' dir='ltr'><strong>Samum,</strong></span> <span class='ocrx_word' id='word_1_13' title='bbox 712 469 808 508; x_wconf 86' lang='lat' dir='ltr'>quae</span> <span class='ocrx_word' id='word_1_14' title='bbox 826 469 938 495; x_wconf 89' lang='lat' dir='ltr'>nunc</span> <span class='ocrx_word' id='word_1_15' title='bbox 960 453 1251 495; x_wconf 81' lang='lat' dir='ltr'>Samothracia</span> <span class='ocrx_word' id='word_1_16' title='bbox 1270 453 1415 496; x_wconf 86' lang='lat' dir='ltr'>fertur.</span> 
     </span>
     <span class='ocr_line' id='line_1_5' title="bbox 160 510 1302 565; baseline 0.002 -15"><span class='ocrx_word' id='word_1_17' title='bbox 160 510 273 551; x_wconf 91' lang='lat' dir='ltr'>Hinc</span> <span class='ocrx_word' id='word_1_18' title='bbox 293 510 408 551; x_wconf 88' lang='lat' dir='ltr'>illum</span> <span class='ocrx_word' id='word_1_19' title='bbox 429 511 607 564; x_wconf 85' lang='lat' dir='ltr'>Corythi</span> <span class='ocrx_word' id='word_1_20' title='bbox 625 511 852 565; x_wconf 83' lang='lat' dir='ltr'>Tyrrhena</span> <span class='ocrx_word' id='word_1_21' title='bbox 871 511 924 552; x_wconf 88' lang='lat' dir='ltr'>ab</span> <span class='ocrx_word' id='word_1_22' title='bbox 943 511 1044 552; x_wconf 79' lang='lat' dir='ltr'>sede</span> <span class='ocrx_word' id='word_1_23' title='bbox 1065 510 1302 565; x_wconf 85' lang='lat' dir='ltr'>profectum</span> 
     </span>
    </p>
   </div>
   <div class='ocr_carea' id='block_1_4' title="bbox 160 566 1038 623">
    <p class='ocr_par' dir='ltr' id='par_1_4' title="bbox 160 566 1038 623">
     <span class='ocr_line' id='line_1_6' title="bbox 160 566 1038 623; baseline 0.001 -16"><span class='ocrx_word' id='word_1_24' title='bbox 160 566 307 609; x_wconf 89' lang='lat' dir='ltr'>Aurea</span> <span class='ocrx_word' id='word_1_25' title='bbox 327 582 438 610; x_wconf 85' lang='lat' dir='ltr'>nunc</span> <span class='ocrx_word' id='word_1_26' title='bbox 459 568 562 609; x_wconf 87' lang='lat' dir='ltr'>solio</span> <span class='ocrx_word' id='word_1_27' title='bbox 584 568 785 610; x_wconf 84' lang='lat' dir='ltr'>stellantis</span> <span class='ocrx_word' id='word_1_28' title='bbox 805 569 922 623; x_wconf 81' lang='lat' dir='ltr'>regia</span> <span class='ocrx_word' id='word_1_29' title='bbox 942 567 1038 609; x_wconf 88' lang='lat' dir='ltr'>coeli</span> 
     </span>
    </p>
   </div>
   <div class='ocr_carea' id='block_1_5' title="bbox 1518 569 1602 610">
    <p class='ocr_par' dir='ltr' id='par_1_5' title="bbox 1518 569 1602 610">
     <span class='ocr_line' id='line_1_7' title="bbox 1518 569 1602 610; baseline 0 0"><span class='ocrx_word' id='word_1_30' title='bbox 1518 569 1602 610; x_wconf 72' lang='lat'>210</span> 
     </span>
    </p>
   </div>
   <div class='ocr_carea' id='block_1_6' title="bbox 157 623 1288 851">
    <p class='ocr_par' dir='ltr' id='par_1_6' title="bbox 158 623 1288 794">
     <span class='ocr_line' id='line_1_8' title="bbox 158 623 1233 679; baseline 0.001 -15"><span class='ocrx_word' id='word_1_31' title='bbox 158 623 342 679; x_wconf 86' lang='lat' dir='ltr'><strong>Accipit,</strong></span> <span class='ocrx_word' id='word_1_32' title='bbox 365 633 408 666; x_wconf 88' lang='lat' dir='ltr'>et</span> <span class='ocrx_word' id='word_1_33' title='bbox 428 640 647 666; x_wconf 88' lang='lat' dir='ltr'>numerum</span> <span class='ocrx_word' id='word_1_34' title='bbox 667 626 859 666; x_wconf 90' lang='lat' dir='ltr'>divorum</span> <span class='ocrx_word' id='word_1_35' title='bbox 879 624 1082 666; x_wconf 87' lang='lat' dir='ltr'>altaribus</span> <span class='ocrx_word' id='word_1_36' title='bbox 1103 625 1233 666; x_wconf 85' lang='lat' dir='ltr'><strong>addit.</strong></span> 
     </span>
     <span class='ocr_line' id='line_1_9' title="bbox 214 680 1262 724; baseline 0.002 -3"><span class='ocrx_word' id='word_1_37' title='bbox 214 680 410 723; x_wconf 81' lang='lat' dir='ltr'><strong>Dixerat.</strong></span> <span class='ocrx_word' id='word_1_38' title='bbox 443 682 503 724; x_wconf 81' lang='lat' dir='ltr'>Et</span> <span class='ocrx_word' id='word_1_39' title='bbox 522 683 636 723; x_wconf 84' lang='lat' dir='ltr'>dicta</span> <span class='ocrx_word' id='word_1_40' title='bbox 656 682 840 724; x_wconf 81' lang='lat' dir='ltr'>Ilioneus</span> <span class='ocrx_word' id='word_1_41' title='bbox 861 682 919 724; x_wconf 90' lang='lat' dir='ltr'>sic</span> <span class='ocrx_word' id='word_1_42' title='bbox 939 696 1042 723; x_wconf 89' lang='lat' dir='ltr'>voce</span> <span class='ocrx_word' id='word_1_43' title='bbox 1063 690 1231 724; x_wconf 83' lang='lat' dir='ltr'>secutus</span> <span class='ocrx_word' id='word_1_44' title='bbox 1252 698 1262 723; x_wconf 75' lang='grc' dir='ltr'>ε</span> 
     </span>
     <span class='ocr_line' id='line_1_10' title="bbox 159 736 1288 794; baseline 0.003 -16"><span class='ocrx_word' id='word_1_45' title='bbox 159 736 271 788; x_wconf 83' lang='lat' dir='ltr'>Rex,</span> <span class='ocrx_word' id='word_1_46' title='bbox 293 754 426 794; x_wconf 82' lang='lat' dir='ltr'>genus</span> <span class='ocrx_word' id='word_1_47' title='bbox 446 740 664 794; x_wconf 77' lang='lat' dir='ltr'>egregium</span> <span class='ocrx_word' id='word_1_48' title='bbox 682 739 833 789; x_wconf 85' lang='lat' dir='ltr'><strong>Fauni,</strong></span> <span class='ocrx_word' id='word_1_49' title='bbox 856 754 934 781; x_wconf 91' lang='lat' dir='ltr'>nec</span> <span class='ocrx_word' id='word_1_50' title='bbox 954 739 1152 781; x_wconf 86' lang='lat' dir='ltr'>fluctibus</span> <span class='ocrx_word' id='word_1_51' title='bbox 1173 746 1288 781; x_wconf 86' lang='lat' dir='ltr'>actos</span> 
     </span>
    </p>

    <p class='ocr_par' dir='ltr' id='par_1_7' title="bbox 157 792 1188 851">
     <span class='ocr_line' id='line_1_11' title="bbox 157 792 1188 851; baseline 0.002 -16"><span class='ocrx_word' id='word_1_52' title='bbox 157 792 269 836; x_wconf 85' lang='lat' dir='ltr'>Atra</span> <span class='ocrx_word' id='word_1_53' title='bbox 289 797 457 851; x_wconf 83' lang='lat' dir='ltr'><strong>subegit</strong></span> <span class='ocrx_word' id='word_1_54' title='bbox 476 796 609 837; x_wconf 88' lang='lat' dir='ltr'>hiems</span> <span class='ocrx_word' id='word_1_55' title='bbox 630 796 778 837; x_wconf 85' lang='lat' dir='ltr'>vestris</span> <span class='ocrx_word' id='word_1_56' title='bbox 800 796 1028 837; x_wconf 82' lang='lat' dir='ltr'>succedere</span> <span class='ocrx_word' id='word_1_57' title='bbox 1050 797 1188 846; x_wconf 85' lang='lat' dir='ltr'>terris,</span> 
     </span>
    </p>
   </div>
   <div class='ocr_carea' id='block_1_7' title="bbox 158 851 1037 907">
    <p class='ocr_par' dir='ltr' id='par_1_8' title="bbox 158 851 1037 907">
     <span class='ocr_line' id='line_1_12' title="bbox 158 851 1037 907; baseline 0 -15"><span class='ocrx_word' id='word_1_58' title='bbox 158 851 254 893; x_wconf 91' lang='lat' dir='ltr'>Nec</span> <span class='ocrx_word' id='word_1_59' title='bbox 274 853 390 893; x_wconf 90' lang='lat' dir='ltr'>sidus</span> <span class='ocrx_word' id='word_1_60' title='bbox 411 853 582 907; x_wconf 83' lang='lat' dir='ltr'>regione</span> <span class='ocrx_word' id='word_1_61' title='bbox 603 853 680 893; x_wconf 88' lang='lat' dir='ltr'>viae</span> <span class='ocrx_word' id='word_1_62' title='bbox 698 852 849 893; x_wconf 80' lang='lat' dir='ltr'>litusve</span> <span class='ocrx_word' id='word_1_63' title='bbox 868 852 1037 894; x_wconf 83' lang='lat' dir='ltr'>fefellit:</span> 
     </span>
    </p>
   </div>
   <div class='ocr_carea' id='block_1_8' title="bbox 157 908 1365 1135">
    <p class='ocr_par' dir='ltr' id='par_1_9' title="bbox 158 908 1308 1078">
     <span class='ocr_line' id='line_1_13' title="bbox 159 908 1308 964; baseline 0.003 -16"><span class='ocrx_word' id='word_1_64' title='bbox 159 908 343 950; x_wconf 91' lang='lat' dir='ltr'>Consilio</span> <span class='ocrx_word' id='word_1_65' title='bbox 362 909 473 951; x_wconf 84' lang='lat' dir='ltr'>hanc</span> <span class='ocrx_word' id='word_1_66' title='bbox 490 925 632 951; x_wconf 87' lang='lat' dir='ltr'>omnes</span> <span class='ocrx_word' id='word_1_67' title='bbox 653 910 883 964; x_wconf 84' lang='lat' dir='ltr'>animisque</span> <span class='ocrx_word' id='word_1_68' title='bbox 903 908 1140 950; x_wconf 83' lang='lat' dir='ltr'>volentibus</span> <span class='ocrx_word' id='word_1_69' title='bbox 1160 910 1308 951; x_wconf 88' lang='lat' dir='ltr'>urbem</span> 
     </span>
     <span class='ocr_line' id='line_1_14' title="bbox 161 963 1269 1022; baseline 0.002 -16"><span class='ocrx_word' id='word_1_70' title='bbox 161 963 401 1015; x_wconf 82' lang='lat' dir='ltr'>Afferimur,</span> <span class='ocrx_word' id='word_1_71' title='bbox 424 966 532 1021; x_wconf 90' lang='lat' dir='ltr'>pulsi</span> <span class='ocrx_word' id='word_1_72' title='bbox 552 967 707 1022; x_wconf 81' lang='lat' dir='ltr'>regnis,</span> <span class='ocrx_word' id='word_1_73' title='bbox 728 981 823 1021; x_wconf 84' lang='lat' dir='ltr'>quae</span> <span class='ocrx_word' id='word_1_74' title='bbox 844 981 1041 1008; x_wconf 82' lang='lat' dir='ltr'>maxuma</span> <span class='ocrx_word' id='word_1_75' title='bbox 1056 967 1269 1020; x_wconf 79' lang='lat' dir='ltr'>quondam</span> 
     </span>
     <span class='ocr_line' id='line_1_15' title="bbox 158 1021 1119 1078; baseline 0.002 -16"><span class='ocrx_word' id='word_1_76' title='bbox 158 1021 365 1065; x_wconf 81' lang='lat' dir='ltr'>Extremo</span> <span class='ocrx_word' id='word_1_77' title='bbox 385 1024 554 1065; x_wconf 89' lang='lat' dir='ltr'>veniens</span> <span class='ocrx_word' id='word_1_78' title='bbox 576 1023 650 1064; x_wconf 85' lang='lat' dir='ltr'>Sol</span> <span class='ocrx_word' id='word_1_79' title='bbox 669 1024 900 1078; x_wconf 79' lang='lat' dir='ltr'>aspiciebat</span> <span class='ocrx_word' id='word_1_80' title='bbox 921 1022 1119 1078; x_wconf 87' lang='lat' dir='ltr'>Olympo.</span> 
     </span>
    </p>

    <p class='ocr_par' dir='ltr' id='par_1_10' title="bbox 157 1078 1365 1135">
     <span class='ocr_line' id='line_1_16' title="bbox 157 1078 1365 1135; baseline 0.003 -16"><span class='ocrx_word' id='word_1_81' title='bbox 157 1078 230 1120; x_wconf 86' lang='lat' dir='ltr'>Ab</span> <span class='ocrx_word' id='word_1_82' title='bbox 251 1079 359 1122; x_wconf 83' lang='lat' dir='ltr'>Jove</span> <span class='ocrx_word' id='word_1_83' title='bbox 375 1081 625 1135; x_wconf 86' lang='lat' dir='ltr'>principium</span> <span class='ocrx_word' id='word_1_84' title='bbox 645 1080 809 1135; x_wconf 82' lang='lat' dir='ltr'>generis</span> <span class='ocrx_word' id='word_1_85' title='bbox 830 1097 840 1130; x_wconf 85' lang='lat'><em>3</em></span> <span class='ocrx_word' id='word_1_86' title='bbox 872 1079 981 1121; x_wconf 83' lang='lat' dir='ltr'>Jove</span> <span class='ocrx_word' id='word_1_87' title='bbox 1002 1080 1210 1122; x_wconf 84' lang='lat' dir='ltr'>Dardana</span> <span class='ocrx_word' id='word_1_88' title='bbox 1229 1082 1365 1135; x_wconf 86' lang='lat' dir='ltr'>pubes</span> 
     </span>
    </p>
   </div>
   <div class='ocr_carea' id='block_1_9' title="bbox 160 1135 447 1178">
    <p class='ocr_par' dir='ltr' id='par_1_11' title="bbox 160 1135 447 1178">
     <span class='ocr_line' id='line_1_17' title="bbox 160 1135 447 1178; baseline 0.007 -3"><span class='ocrx_word' id='word_1_89' title='bbox 160 1135 335 1178; x_wconf 84' lang='lat' dir='ltr'>Gaudet</span> <span class='ocrx_word' id='word_1_90' title='bbox 354 1151 447 1178; x_wconf 89' lang='lat' dir='ltr'>avo.</span> 
     </span>
    </p>
   </div>
   <div class='ocr_carea' id='block_1_10' title="bbox 505 1136 1319 1193">
    <p class='ocr_par' dir='ltr' id='par_1_12' title="bbox 505 1136 1319 1193">
     <span class='ocr_line' id='line_1_18' title="bbox 505 1136 1319 1193; baseline 0.002 -15"><span class='ocrx_word' id='word_1_91' title='bbox 505 1137 605 1178; x_wconf 82' lang='lat' dir='ltr'>Rex</span> <span class='ocrx_word' id='word_1_92' title='bbox 622 1139 728 1191; x_wconf 88' lang='lat' dir='ltr'>ipse,</span> <span class='ocrx_word' id='word_1_93' title='bbox 749 1136 868 1177; x_wconf 69' lang='lat' dir='ltr'>Jovis</span> <span class='ocrx_word' id='word_1_94' title='bbox 888 1137 942 1178; x_wconf 88' lang='lat' dir='ltr'>de</span> <span class='ocrx_word' id='word_1_95' title='bbox 961 1145 1090 1191; x_wconf 84' lang='lat' dir='ltr'>gente</span> <span class='ocrx_word' id='word_1_96' title='bbox 1109 1153 1319 1193; x_wconf 84' lang='lat' dir='ltr'>suprema,</span> 
     </span>
    </p>
   </div>
   <div class='ocr_carea' id='block_1_11' title="bbox 1521 1139 1605 1179">
    <p class='ocr_par' dir='ltr' id='par_1_13' title="bbox 1521 1139 1605 1179">
     <span class='ocr_line' id='line_1_19' title="bbox 1521 1139 1605 1179; baseline 0 0"><span class='ocrx_word' id='word_1_97' title='bbox 1521 1139 1605 1179; x_wconf 66' lang='lat'>2520</span> 
     </span>
    </p>
   </div>
   <div class='ocr_carea' id='block_1_12' title="bbox 159 1191 1255 1418">
    <p class='ocr_par' dir='ltr' id='par_1_14' title="bbox 159 1191 1255 1418">
     <span class='ocr_line' id='line_1_20' title="bbox 160 1191 1071 1235; baseline 0.003 -3"><span class='ocrx_word' id='word_1_98' title='bbox 160 1191 318 1234; x_wconf 86' lang='lat' dir='ltr'>Troi&#39;us</span> <span class='ocrx_word' id='word_1_99' title='bbox 338 1193 500 1234; x_wconf 88' lang='lat' dir='ltr'>AEneas</span> <span class='ocrx_word' id='word_1_100' title='bbox 521 1201 594 1235; x_wconf 86' lang='lat' dir='ltr'>tua</span> <span class='ocrx_word' id='word_1_101' title='bbox 614 1209 689 1234; x_wconf 91' lang='lat' dir='ltr'>nos</span> <span class='ocrx_word' id='word_1_102' title='bbox 710 1194 765 1235; x_wconf 83' lang='lat' dir='ltr'>ad</span> <span class='ocrx_word' id='word_1_103' title='bbox 786 1193 928 1234; x_wconf 89' lang='lat' dir='ltr'>limina</span> <span class='ocrx_word' id='word_1_104' title='bbox 946 1194 1071 1235; x_wconf 88' lang='lat' dir='ltr'>misit.</span> 
     </span>
     <span class='ocr_line' id='line_1_21' title="bbox 159 1249 1099 1304; baseline 0.001 -14"><span class='ocrx_word' id='word_1_105' title='bbox 159 1249 333 1295; x_wconf 79' lang='lat' dir='ltr'>Quanta</span> <span class='ocrx_word' id='word_1_106' title='bbox 354 1265 430 1304; x_wconf 88' lang='lat' dir='ltr'>per</span> <span class='ocrx_word' id='word_1_107' title='bbox 450 1250 587 1292; x_wconf 80' lang='lat' dir='ltr'>Idaeos</span> <span class='ocrx_word' id='word_1_108' title='bbox 608 1251 728 1292; x_wconf 76' lang='lat' dir='ltr'>saevis</span> <span class='ocrx_word' id='word_1_109' title='bbox 749 1250 884 1292; x_wconf 84' lang='lat' dir='ltr'>effusa</span> <span class='ocrx_word' id='word_1_110' title='bbox 905 1249 1099 1304; x_wconf 88' lang='lat' dir='ltr'>Mycenis</span> 
     </span>
     <span class='ocr_line' id='line_1_22' title="bbox 159 1305 1255 1363; baseline 0.002 -16"><span class='ocrx_word' id='word_1_111' title='bbox 159 1305 413 1361; x_wconf 84' lang='lat' dir='ltr'>Tempestas</span> <span class='ocrx_word' id='word_1_112' title='bbox 433 1308 526 1348; x_wconf 87' lang='lat' dir='ltr'>ierit</span> <span class='ocrx_word' id='word_1_113' title='bbox 543 1322 711 1363; x_wconf 81' lang='lat' dir='ltr'>campos</span> <span class='ocrx_word' id='word_1_114' title='bbox 727 1324 737 1357; x_wconf 92' lang='lat'>;</span> <span class='ocrx_word' id='word_1_115' title='bbox 769 1307 922 1362; x_wconf 88' lang='lat' dir='ltr'>quibus</span> <span class='ocrx_word' id='word_1_116' title='bbox 938 1315 1057 1348; x_wconf 81' lang='lat' dir='ltr'>actus</span> <span class='ocrx_word' id='word_1_117' title='bbox 1076 1314 1255 1362; x_wconf 86' lang='lat' dir='ltr'>uterque</span> 
     </span>
     <span class='ocr_line' id='line_1_23' title="bbox 161 1363 1183 1418; baseline 0.002 -15"><span class='ocrx_word' id='word_1_118' title='bbox 161 1363 349 1418; x_wconf 86' lang='lat' dir='ltr'>Europae</span> <span class='ocrx_word' id='word_1_119' title='bbox 371 1372 498 1418; x_wconf 88' lang='lat' dir='ltr'>atque</span> <span class='ocrx_word' id='word_1_120' title='bbox 520 1363 636 1405; x_wconf 81' lang='lat' dir='ltr'>Asiae</span> <span class='ocrx_word' id='word_1_121' title='bbox 657 1364 752 1406; x_wconf 86' lang='lat' dir='ltr'>fatis</span> <span class='ocrx_word' id='word_1_122' title='bbox 768 1365 1029 1406; x_wconf 85' lang='lat' dir='ltr'>concurrerit</span> <span class='ocrx_word' id='word_1_123' title='bbox 1048 1365 1183 1414; x_wconf 84' lang='lat' dir='ltr'>orbis3</span> 
     </span>
    </p>
   </div>
   <div class='ocr_carea' id='block_1_13' title="bbox 158 1419 1104 1475">
    <p class='ocr_par' dir='ltr' id='par_1_15' title="bbox 158 1419 1104 1475">
     <span class='ocr_line' id='line_1_24' title="bbox 158 1419 1104 1475; baseline 0.002 -15"><span class='ocrx_word' id='word_1_124' title='bbox 158 1419 324 1470; x_wconf 88' lang='lat' dir='ltr'>Audiit,</span> <span class='ocrx_word' id='word_1_125' title='bbox 347 1428 390 1462; x_wconf 86' lang='lat' dir='ltr'>et</span> <span class='ocrx_word' id='word_1_126' title='bbox 410 1422 445 1461; x_wconf 91' lang='lat' dir='ltr'>si</span> <span class='ocrx_word' id='word_1_127' title='bbox 465 1436 589 1475; x_wconf 91' lang='lat' dir='ltr'>quem</span> <span class='ocrx_word' id='word_1_128' title='bbox 609 1420 731 1462; x_wconf 88' lang='lat' dir='ltr'>tellus</span> <span class='ocrx_word' id='word_1_129' title='bbox 752 1428 942 1462; x_wconf 85' lang='lat' dir='ltr'>extrema</span> <span class='ocrx_word' id='word_1_130' title='bbox 961 1421 1104 1462; x_wconf 87' lang='lat' dir='ltr'>refuso</span> 
     </span>
    </p>
   </div>
   <div class='ocr_carea' id='block_1_14' title="bbox 1522 1422 1605 1461">
    <p class='ocr_par' dir='ltr' id='par_1_16' title="bbox 1522 1422 1605 1461">
     <span class='ocr_line' id='line_1_25' title="bbox 1522 1422 1605 1461; baseline 0.012 -1"><span class='ocrx_word' id='word_1_131' title='bbox 1522 1422 1605 1461; x_wconf 62' lang='lat'>2535</span> 
     </span>
    </p>
   </div>
   <div class='ocr_carea' id='block_1_15' title="bbox 158 1477 1294 1647">
    <p class='ocr_par' dir='ltr' id='par_1_17' title="bbox 158 1477 1294 1647">
     <span class='ocr_line' id='line_1_26' title="bbox 160 1477 1294 1532; baseline 0.001 -15"><span class='ocrx_word' id='word_1_132' title='bbox 160 1477 392 1518; x_wconf 80' lang='lat' dir='ltr'>Submovet</span> <span class='ocrx_word' id='word_1_133' title='bbox 415 1477 604 1528; x_wconf 87' lang='lat' dir='ltr'>Oceano,</span> <span class='ocrx_word' id='word_1_134' title='bbox 625 1485 668 1519; x_wconf 86' lang='lat' dir='ltr'>et</span> <span class='ocrx_word' id='word_1_135' title='bbox 689 1479 722 1519; x_wconf 94' lang='lat' dir='ltr'>si</span> <span class='ocrx_word' id='word_1_136' title='bbox 742 1493 866 1532; x_wconf 88' lang='lat' dir='ltr'>quem</span> <span class='ocrx_word' id='word_1_137' title='bbox 881 1484 1054 1518; x_wconf 84' lang='lat' dir='ltr'>extenta</span> <span class='ocrx_word' id='word_1_138' title='bbox 1073 1477 1294 1532; x_wconf 82' lang='lat' dir='ltr'>plagarum</span> 
     </span>
     <span class='ocr_line' id='line_1_27' title="bbox 161 1534 1195 1590; baseline 0.001 -16"><span class='ocrx_word' id='word_1_139' title='bbox 161 1534 358 1580; x_wconf 83' lang='lat' dir='ltr'>Quatuor</span> <span class='ocrx_word' id='word_1_140' title='bbox 378 1535 420 1575; x_wconf 90' lang='lat' dir='ltr'>in</span> <span class='ocrx_word' id='word_1_141' title='bbox 439 1535 578 1576; x_wconf 89' lang='lat' dir='ltr'>medio</span> <span class='ocrx_word' id='word_1_142' title='bbox 599 1535 755 1576; x_wconf 81' lang='lat' dir='ltr'>dirimit</span> <span class='ocrx_word' id='word_1_143' title='bbox 773 1534 899 1590; x_wconf 82' lang='lat' dir='ltr'>plaga</span> <span class='ocrx_word' id='word_1_144' title='bbox 923 1534 1032 1576; x_wconf 87' lang='lat' dir='ltr'>Solis</span> <span class='ocrx_word' id='word_1_145' title='bbox 1051 1535 1195 1589; x_wconf 88' lang='lat' dir='ltr'>iniqui.</span> 
     </span>
     <span class='ocr_line' id='line_1_28' title="bbox 158 1591 1127 1647; baseline 0.001 -16"><span class='ocrx_word' id='word_1_146' title='bbox 158 1591 332 1632; x_wconf 85' lang='lat' dir='ltr'>Diluvio</span> <span class='ocrx_word' id='word_1_147' title='bbox 353 1606 406 1633; x_wconf 85' lang='lat' dir='ltr'>ex</span> <span class='ocrx_word' id='word_1_148' title='bbox 425 1591 495 1633; x_wconf 88' lang='lat' dir='ltr'>illo</span> <span class='ocrx_word' id='word_1_149' title='bbox 515 1599 578 1633; x_wconf 86' lang='lat' dir='ltr'>tot</span> <span class='ocrx_word' id='word_1_150' title='bbox 598 1599 715 1633; x_wconf 86' lang='lat' dir='ltr'>vasta</span> <span class='ocrx_word' id='word_1_151' title='bbox 731 1607 808 1647; x_wconf 85' lang='lat' dir='ltr'>per</span> <span class='ocrx_word' id='word_1_152' title='bbox 828 1606 999 1645; x_wconf 81' lang='lat' dir='ltr'>aequora</span> <span class='ocrx_word' id='word_1_153' title='bbox 1018 1592 1127 1633; x_wconf 86' lang='lat' dir='ltr'>vecti</span> 
     </span>
    </p>
   </div>
   <div class='ocr_carea' id='block_1_16' title="bbox 160 1703 867 2787">
    <p class='ocr_par' dir='ltr' id='par_1_18' title="bbox 160 1703 867 2592">
     <span class='ocr_line' id='line_1_29' title="bbox 161 1703 861 1742; baseline 0 -10"><span class='ocrx_word' id='word_1_154' title='bbox 161 1703 302 1732; x_wconf 82' lang='lat' dir='ltr'>Dardano</span> <span class='ocrx_word' id='word_1_155' title='bbox 324 1704 434 1742; x_wconf 76' lang='lat' dir='ltr'>mythis</span> <span class='ocrx_word' id='word_1_156' title='bbox 456 1705 544 1742; x_wconf 69' lang='lat' dir='ltr'>po&#39;e&#39;ta</span> <span class='ocrx_word' id='word_1_157' title='bbox 562 1703 657 1733; x_wconf 83' lang='lat' dir='ltr'>utitur</span> <span class='ocrx_word' id='word_1_158' title='bbox 677 1704 745 1738; x_wconf 83' lang='lat' dir='ltr'>hoc,</span> <span class='ocrx_word' id='word_1_159' title='bbox 764 1713 830 1732; x_wconf 84' lang='lat' dir='ltr'>eum</span> <span class='ocrx_word' id='word_1_160' title='bbox 845 1714 861 1732; x_wconf 90' lang='lat' dir='ltr'>e</span> 
     </span>
     <span class='ocr_line' id='line_1_30' title="bbox 160 1742 861 1780; baseline 0.001 -10"><span class='ocrx_word' id='word_1_161' title='bbox 160 1742 321 1780; x_wconf 63' lang='lat' dir='ltr'>Tyrrhenis</span> <span class='ocrx_word' id='word_1_162' title='bbox 364 1743 510 1771; x_wconf 80' lang='lat' dir='ltr'>rofectum</span> <span class='ocrx_word' id='word_1_163' title='bbox 532 1742 764 1771; x_wconf 79' lang='lat' dir='ltr'>Samothraciam</span> <span class='ocrx_word' id='word_1_164' title='bbox 791 1743 861 1771; x_wconf 85' lang='lat' dir='ltr'>inde</span> 
     </span>
     <span class='ocr_line' id='line_1_31' title="bbox 160 1753 862 1820; baseline 0.003 -12"><span class='ocrx_word' id='word_1_165' title='bbox 160 1780 310 1810; x_wconf 83' lang='lat' dir='ltr'>Troadem</span> <span class='ocrx_word' id='word_1_166' title='bbox 322 1753 498 1810; x_wconf 71' lang='lat' dir='ltr'>oiitinuisse.</span> <span class='ocrx_word' id='word_1_167' title='bbox 509 1780 553 1810; x_wconf 75' lang='lat' dir='ltr'>his</span> <span class='ocrx_word' id='word_1_168' title='bbox 561 1782 652 1820; x_wconf 56' lang='lat' dir='ltr'>ayrtls,</span> <span class='ocrx_word' id='word_1_169' title='bbox 664 1781 862 1819; x_wconf 85' lang='lat' dir='ltr'>paullolatius</span> 
     </span>
     <span class='ocr_line' id='line_1_32' title="bbox 160 1819 860 1858; baseline 0.001 -11"><span class='ocrx_word' id='word_1_170' title='bbox 160 1819 293 1848; x_wconf 83' lang='lat' dir='ltr'>dictum:</span> <span class='ocrx_word' id='word_1_171' title='bbox 316 1830 383 1848; x_wconf 85' lang='lat' dir='ltr'>nam</span> <span class='ocrx_word' id='word_1_172' title='bbox 408 1820 568 1849; x_wconf 85' lang='lat' dir='ltr'>Dardanus</span> <span class='ocrx_word' id='word_1_173' title='bbox 590 1830 629 1848; x_wconf 77' lang='lat' dir='ltr'>ex</span> <span class='ocrx_word' id='word_1_174' title='bbox 649 1820 785 1858; x_wconf 78' lang='lat' dir='ltr'>Corytho</span> <span class='ocrx_word' id='word_1_175' title='bbox 807 1830 860 1848; x_wconf 87' lang='lat' dir='ltr'>seu</span> 
     </span>
     <span class='ocr_line' id='line_1_33' title="bbox 161 1857 861 1894; baseline 0.001 -8"><span class='ocrx_word' id='word_1_176' title='bbox 161 1859 292 1886; x_wconf 78' lang='lat' dir='ltr'>Cortona</span> <span class='ocrx_word' id='word_1_177' title='bbox 302 1858 434 1888; x_wconf 76' lang='lat' dir='ltr'>Etrurize</span> <span class='ocrx_word' id='word_1_178' title='bbox 443 1859 586 1888; x_wconf 87' lang='lat' dir='ltr'>oriundus</span> <span class='ocrx_word' id='word_1_179' title='bbox 596 1859 750 1888; x_wconf 79' lang='lat' dir='ltr'>ferebatur</span> <span class='ocrx_word' id='word_1_180' title='bbox 759 1868 766 1894; x_wconf 83' lang='lat'><em>3</em></span> <span class='ocrx_word' id='word_1_181' title='bbox 777 1857 861 1887; x_wconf 79' lang='lat' dir='ltr'>urbes</span> 
     </span>
     <span class='ocr_line' id='line_1_34' title="bbox 162 1897 861 1935; baseline 0.003 -11"><span class='ocrx_word' id='word_1_182' title='bbox 162 1897 304 1935; x_wconf 66' lang='lat' dir='ltr'>Phryyioe</span> <span class='ocrx_word' id='word_1_183' title='bbox 318 1897 494 1926; x_wconf 82' lang='lat' dir='ltr'>memoravit</span> <span class='ocrx_word' id='word_1_184' title='bbox 508 1908 515 1935; x_wconf 74' lang='lat'><em>3</em></span> <span class='ocrx_word' id='word_1_185' title='bbox 528 1898 558 1925; x_wconf 83' lang='lat' dir='ltr'>h.</span> <span class='ocrx_word' id='word_1_186' title='bbox 570 1907 596 1926; x_wconf 91' lang='lat' dir='ltr'>e.</span> <span class='ocrx_word' id='word_1_187' title='bbox 608 1897 673 1927; x_wconf 78' lang='lat' dir='ltr'>loca</span> <span class='ocrx_word' id='word_1_188' title='bbox 682 1898 719 1926; x_wconf 85' lang='lat' dir='ltr'>ad</span> <span class='ocrx_word' id='word_1_189' title='bbox 731 1897 861 1926; x_wconf 83' lang='lat' dir='ltr'>incolen—</span> 
     </span>
     <span class='ocr_line' id='line_1_35' title="bbox 161 1935 860 1975; baseline 0.001 -12"><span class='ocrx_word' id='word_1_190' title='bbox 161 1935 234 1963; x_wconf 86' lang='lat' dir='ltr'>dum</span> <span class='ocrx_word' id='word_1_191' title='bbox 248 1936 355 1964; x_wconf 82' lang='lat' dir='ltr'>idonea</span> <span class='ocrx_word' id='word_1_192' title='bbox 369 1941 399 1965; x_wconf 84' lang='lat' dir='ltr'>et</span> <span class='ocrx_word' id='word_1_193' title='bbox 413 1946 429 1965; x_wconf 84' lang='lat' dir='ltr'>a</span> <span class='ocrx_word' id='word_1_194' title='bbox 443 1937 558 1966; x_wconf 85' lang='lat' dir='ltr'>Teucro</span> <span class='ocrx_word' id='word_1_195' title='bbox 566 1937 678 1975; x_wconf 81' lang='lat' dir='ltr'>passim</span> <span class='ocrx_word' id='word_1_196' title='bbox 687 1936 860 1971; x_wconf 79' lang='lat' dir='ltr'>inhabitata,</span> 
     </span>
     <span class='ocr_line' id='line_1_36' title="bbox 160 1974 861 2014; baseline 0.001 -12"><span class='ocrx_word' id='word_1_197' title='bbox 160 1974 216 2002; x_wconf 82' lang='lat' dir='ltr'>sub</span> <span class='ocrx_word' id='word_1_198' title='bbox 231 1974 337 2003; x_wconf 83' lang='lat' dir='ltr'>Idam:</span> <span class='ocrx_word' id='word_1_199' title='bbox 360 1985 425 2004; x_wconf 83' lang='lat' dir='ltr'>nam</span> <span class='ocrx_word' id='word_1_200' title='bbox 441 1975 562 2014; x_wconf 87' lang='lat' dir='ltr'>proprie</span> <span class='ocrx_word' id='word_1_201' title='bbox 581 1975 670 2004; x_wconf 80' lang='lat' dir='ltr'>dictae</span> <span class='ocrx_word' id='word_1_202' title='bbox 692 1975 784 2004; x_wconf 80' lang='lat' dir='ltr'>urbes</span> <span class='ocrx_word' id='word_1_203' title='bbox 797 1979 861 2003; x_wconf 87' lang='lat' dir='ltr'>tum</span> 
     </span>
     <span class='ocr_line' id='line_1_37' title="bbox 160 2013 861 2051; baseline 0.003 -11"><span class='ocrx_word' id='word_1_204' title='bbox 160 2013 189 2040; x_wconf 91' lang='lat' dir='ltr'>in</span> <span class='ocrx_word' id='word_1_205' title='bbox 208 2013 329 2051; x_wconf 81' lang='lat' dir='ltr'>regione</span> <span class='ocrx_word' id='word_1_206' title='bbox 343 2024 377 2042; x_wconf 84' lang='lat' dir='ltr'>ea</span> <span class='ocrx_word' id='word_1_207' title='bbox 389 2013 480 2043; x_wconf 74' lang='lat' dir='ltr'>nullm</span> <span class='ocrx_word' id='word_1_208' title='bbox 494 2015 694 2043; x_wconf 79' lang='lat' dir='ltr'>erant.-210.</span> <span class='ocrx_word' id='word_1_209' title='bbox 714 2015 770 2043; x_wconf 81' lang='grc'>211</span> <span class='ocrx_word' id='word_1_210' title='bbox 785 2014 861 2047; x_wconf 82' lang='lat' dir='ltr'>hinc,</span> 
     </span>
     <span class='ocr_line' id='line_1_38' title="bbox 162 2052 864 2092; baseline 0.001 -13"><span class='ocrx_word' id='word_1_211' title='bbox 162 2061 201 2079; x_wconf 87' lang='lat' dir='ltr'>ex</span> <span class='ocrx_word' id='word_1_212' title='bbox 216 2052 270 2080; x_wconf 85' lang='lat' dir='ltr'>hac</span> <span class='ocrx_word' id='word_1_213' title='bbox 293 2053 368 2081; x_wconf 85' lang='lat' dir='ltr'>urbe</span> <span class='ocrx_word' id='word_1_214' title='bbox 388 2052 438 2082; x_wconf 83' lang='lat' dir='ltr'>ille</span> <span class='ocrx_word' id='word_1_215' title='bbox 459 2053 605 2082; x_wconf 78' lang='lat' dir='ltr'>oriundus</span> <span class='ocrx_word' id='word_1_216' title='bbox 626 2063 682 2092; x_wconf 87' lang='lat' dir='ltr'>pro</span> <span class='ocrx_word' id='word_1_217' title='bbox 709 2053 765 2082; x_wconf 86' lang='lat' dir='ltr'>deo</span> <span class='ocrx_word' id='word_1_218' title='bbox 786 2063 864 2081; x_wconf 85' lang='lat' dir='ltr'>nunc</span> 
     </span>
     <span class='ocr_line' id='line_1_39' title="bbox 162 2089 864 2126; baseline 0.006 -9"><span class='ocrx_word' id='word_1_219' title='bbox 162 2089 461 2120; x_wconf 59' lang='lat' dir='ltr'>nclitum—stellantis</span> <span class='ocrx_word' id='word_1_220' title='bbox 487 2102 525 2121; x_wconf 85' lang='lat' dir='ltr'>ex</span> <span class='ocrx_word' id='word_1_221' title='bbox 568 2095 708 2126; x_wconf 70' lang='grc' dir='ltr'>ὰστερυεὶς</span> <span class='ocrx_word' id='word_1_222' title='bbox 741 2094 864 2126; x_wconf 58' lang='grc' dir='ltr'>οὐρανὸς,</span> 
     </span>
     <span class='ocr_line' id='line_1_40' title="bbox 162 2129 863 2168; baseline 0.001 -11"><span class='ocrx_word' id='word_1_223' title='bbox 162 2129 245 2167; x_wconf 85' lang='lat' dir='ltr'>quod</span> <span class='ocrx_word' id='word_1_224' title='bbox 269 2129 466 2159; x_wconf 84' lang='lat' dir='ltr'>Homericum</span> <span class='ocrx_word' id='word_1_225' title='bbox 500 2135 597 2160; x_wconf 83' lang='lat' dir='ltr'>est.—-</span> <span class='ocrx_word' id='word_1_226' title='bbox 607 2131 716 2160; x_wconf 81' lang='lat' dir='ltr'>cmlum</span> <span class='ocrx_word' id='word_1_227' title='bbox 747 2130 863 2168; x_wconf 76' lang='lat' dir='ltr'>accipit,</span> 
     </span>
     <span class='ocr_line' id='line_1_41' title="bbox 164 2168 864 2208; baseline 0.004 -14"><span class='ocrx_word' id='word_1_228' title='bbox 164 2176 220 2205; x_wconf 89' lang='lat' dir='ltr'>pro</span> <span class='ocrx_word' id='word_1_229' title='bbox 246 2168 361 2206; x_wconf 84' lang='lat' dir='ltr'>vulgari</span> <span class='ocrx_word' id='word_1_230' title='bbox 383 2169 510 2208; x_wconf 83' lang='lat' dir='ltr'>accepit,</span> <span class='ocrx_word' id='word_1_231' title='bbox 528 2169 657 2208; x_wconf 84' lang='lat' dir='ltr'>ideoque</span> <span class='ocrx_word' id='word_1_232' title='bbox 681 2179 737 2208; x_wconf 89' lang='lat' dir='ltr'>pro</span> <span class='ocrx_word' id='word_1_233' title='bbox 763 2169 864 2203; x_wconf 84' lang='lat' dir='ltr'>habet,</span> 
     </span>
     <span class='ocr_line' id='line_1_42' title="bbox 164 2206 865 2247; baseline 0.003 -13"><span class='ocrx_word' id='word_1_234' title='bbox 164 2206 283 2243; x_wconf 69' lang='lat' dir='ltr'>poetico</span> <span class='ocrx_word' id='word_1_235' title='bbox 310 2216 403 2240; x_wconf 84' lang='lat' dir='ltr'>more,</span> <span class='ocrx_word' id='word_1_236' title='bbox 428 2212 459 2236; x_wconf 86' lang='lat' dir='ltr'>et</span> <span class='ocrx_word' id='word_1_237' title='bbox 480 2208 571 2242; x_wconf 80' lang='lat' dir='ltr'>addit,</span> <span class='ocrx_word' id='word_1_238' title='bbox 593 2219 629 2237; x_wconf 87' lang='lat' dir='ltr'>eo</span> <span class='ocrx_word' id='word_1_239' title='bbox 648 2213 769 2247; x_wconf 87' lang='lat' dir='ltr'>recepto</span> <span class='ocrx_word' id='word_1_240' title='bbox 789 2208 865 2237; x_wconf 82' lang='lat' dir='ltr'>inter</span> 
     </span>
     <span class='ocr_line' id='line_1_43' title="bbox 163 2245 861 2280; baseline 0.003 -7"><span class='ocrx_word' id='word_1_241' title='bbox 163 2245 247 2279; x_wconf 67' lang='lat' dir='ltr'>deos,</span> <span class='ocrx_word' id='word_1_242' title='bbox 266 2254 413 2274; x_wconf 78' lang='lat' dir='ltr'>numerum</span> <span class='ocrx_word' id='word_1_243' title='bbox 429 2246 570 2276; x_wconf 70' lang='lat' dir='ltr'>altaribus</span> <span class='ocrx_word' id='word_1_244' title='bbox 588 2247 714 2280; x_wconf 76' lang='lat' dir='ltr'>deorum.</span> <span class='ocrx_word' id='word_1_245' title='bbox 728 2248 757 2276; x_wconf 91' lang='lat' dir='ltr'>h.</span> <span class='ocrx_word' id='word_1_246' title='bbox 782 2256 861 2276; x_wconf 80' lang='lat' dir='ltr'>aram</span> 
     </span>
     <span class='ocr_line' id='line_1_44' title="bbox 162 2283 861 2324; baseline 0.004 -12"><span class='ocrx_word' id='word_1_247' title='bbox 162 2284 192 2312; x_wconf 88' lang='lat' dir='ltr'>in</span> <span class='ocrx_word' id='word_1_248' title='bbox 209 2284 274 2321; x_wconf 70' lang='lat' dir='ltr'>ejus</span> <span class='ocrx_word' id='word_1_249' title='bbox 292 2283 434 2312; x_wconf 86' lang='lat' dir='ltr'>honorem</span> <span class='ocrx_word' id='word_1_250' title='bbox 455 2290 651 2321; x_wconf 79' lang='lat' dir='ltr'>exstructam,</span> <span class='ocrx_word' id='word_1_251' title='bbox 677 2296 805 2324; x_wconf 91' lang='lat' dir='ltr'>cumque</span> <span class='ocrx_word' id='word_1_252' title='bbox 827 2296 861 2314; x_wconf 82' lang='lat' dir='ltr'>ea</span> 
     </span>
     <span class='ocr_line' id='line_1_45' title="bbox 166 2322 866 2369; baseline 0.004 -19"><span class='ocrx_word' id='word_1_253' title='bbox 166 2322 330 2360; x_wconf 75' lang='lat' dir='ltr'>templum3</span> <span class='ocrx_word' id='word_1_254' title='bbox 351 2331 410 2360; x_wconf 85' lang='lat' dir='ltr'>quo</span> <span class='ocrx_word' id='word_1_255' title='bbox 422 2322 488 2360; x_wconf 88' lang='lat' dir='ltr'>ipso</span> <span class='ocrx_word' id='word_1_256' title='bbox 502 2334 610 2352; x_wconf 91' lang='lat' dir='ltr'>novum</span> <span class='ocrx_word' id='word_1_257' title='bbox 626 2334 743 2354; x_wconf 85' lang='lat' dir='ltr'>sacrum</span> <span class='ocrx_word' id='word_1_258' title='bbox 759 2325 866 2369; x_wconf 73' lang='lat' dir='ltr'>adjici·</span> 
     </span>
     <span class='ocr_line' id='line_1_46' title="bbox 163 2360 865 2399; baseline 0.006 -11"><span class='ocrx_word' id='word_1_259' title='bbox 163 2365 214 2390; x_wconf 84' lang='lat' dir='ltr'>tur</span> <span class='ocrx_word' id='word_1_260' title='bbox 227 2360 396 2399; x_wconf 86' lang='lat' dir='ltr'>prioribus,</span> <span class='ocrx_word' id='word_1_261' title='bbox 408 2361 438 2390; x_wconf 83' lang='lat' dir='ltr'>h.</span> <span class='ocrx_word' id='word_1_262' title='bbox 450 2371 477 2390; x_wconf 85' lang='lat' dir='ltr'>e.</span> <span class='ocrx_word' id='word_1_263' title='bbox 491 2363 629 2392; x_wconf 86' lang='lat' dir='ltr'>conditur</span> <span class='ocrx_word' id='word_1_264' title='bbox 643 2367 673 2392; x_wconf 89' lang='lat' dir='ltr'>et</span> <span class='ocrx_word' id='word_1_265' title='bbox 687 2363 865 2393; x_wconf 74' lang='lat' dir='ltr'>instituitur.</span> 
     </span>
     <span class='ocr_line' id='line_1_47' title="bbox 164 2399 865 2439; baseline 0.006 -12"><span class='ocrx_word' id='word_1_266' title='bbox 164 2399 298 2437; x_wconf 76' lang='lat' dir='ltr'>Vulgare</span> <span class='ocrx_word' id='word_1_267' title='bbox 315 2407 375 2433; x_wconf 75' lang='lat' dir='ltr'>est,</span> <span class='ocrx_word' id='word_1_268' title='bbox 386 2409 491 2438; x_wconf 64' lang='lat' dir='ltr'>augere</span> <span class='ocrx_word' id='word_1_269' title='bbox 505 2410 654 2431; x_wconf 83' lang='lat' dir='ltr'>numerum</span> <span class='ocrx_word' id='word_1_270' title='bbox 668 2402 804 2439; x_wconf 81' lang='lat' dir='ltr'>deorum‚·</span> <span class='ocrx_word' id='word_1_271' title='bbox 831 2406 865 2431; x_wconf 78' lang='lat' dir='ltr'>ut</span> 
     </span>
     <span class='ocr_line' id='line_1_48' title="bbox 162 2437 867 2479; baseline 0.004 -12"><span class='ocrx_word' id='word_1_272' title='bbox 162 2438 193 2467; x_wconf 89' lang='lat' dir='ltr'>in</span> <span class='ocrx_word' id='word_1_273' title='bbox 217 2437 281 2467; x_wconf 89' lang='lat' dir='ltr'>Ciri</span> <span class='ocrx_word' id='word_1_274' title='bbox 295 2438 364 2467; x_wconf 83' lang='lat'>202.</span> <span class='ocrx_word' id='word_1_275' title='bbox 388 2438 481 2473; x_wconf 83' lang='lat' dir='ltr'>venit,</span> <span class='ocrx_word' id='word_1_276' title='bbox 503 2444 636 2477; x_wconf 68' lang='lat' dir='ltr'>cognatos</span> <span class='ocrx_word' id='word_1_277' title='bbox 659 2451 766 2479; x_wconf 67' lang='lat' dir='ltr'>augens</span> <span class='ocrx_word' id='word_1_278' title='bbox 785 2450 867 2478; x_wconf 71' lang='lat' dir='ltr'>reyes</span> 
     </span>
     <span class='ocr_line' id='line_1_49' title="bbox 164 2477 867 2516; baseline 0 -10"><span class='ocrx_word' id='word_1_279' title='bbox 164 2487 367 2516; x_wconf 77' lang='lat' dir='ltr'>numerumque</span> <span class='ocrx_word' id='word_1_280' title='bbox 379 2487 495 2505; x_wconf 74' lang='lat' dir='ltr'>suornm</span> <span class='ocrx_word' id='word_1_281' title='bbox 517 2477 606 2506; x_wconf 75' lang='lat' dir='ltr'>Ciris.</span> <span class='ocrx_word' id='word_1_282' title='bbox 646 2479 708 2508; x_wconf 89' lang='lat' dir='ltr'>Pro</span> <span class='ocrx_word' id='word_1_283' title='bbox 733 2479 787 2508; x_wconf 89' lang='lat' dir='ltr'>hoc</span> <span class='ocrx_word' id='word_1_284' title='bbox 803 2480 867 2508; x_wconf 87' lang='lat' dir='ltr'>dic-</span> 
     </span>
     <span class='ocr_line' id='line_1_50' title="bbox 167 2517 848 2557; baseline 0.006 -14"><span class='ocrx_word' id='word_1_285' title='bbox 167 2520 250 2544; x_wconf 80' lang='lat' dir='ltr'>tum:</span> <span class='ocrx_word' id='word_1_286' title='bbox 275 2526 383 2552; x_wconf 85' lang='lat' dir='ltr'>augere</span> <span class='ocrx_word' id='word_1_287' title='bbox 408 2525 561 2545; x_wconf 88' lang='lat' dir='ltr'>numerum</span> <span class='ocrx_word' id='word_1_288' title='bbox 590 2517 748 2554; x_wconf 82' lang='lat' dir='ltr'>altarium3</span> <span class='ocrx_word' id='word_1_289' title='bbox 769 2523 799 2547; x_wconf 85' lang='lat' dir='ltr'>et</span> <span class='ocrx_word' id='word_1_290' title='bbox 811 2528 848 2557; x_wconf 86' lang='lat' dir='ltr'>pr</span> 
     </span>
     <span class='ocr_line' id='line_1_51' title="bbox 165 2555 864 2592; baseline 0.004 -9"><span class='ocrx_word' id='word_1_291' title='bbox 165 2565 286 2592; x_wconf 81' lang='lat' dir='ltr'>augere,</span> <span class='ocrx_word' id='word_1_292' title='bbox 300 2555 404 2583; x_wconf 81' lang='lat' dir='ltr'>addere</span> <span class='ocrx_word' id='word_1_293' title='bbox 418 2565 564 2583; x_wconf 83' lang='lat' dir='ltr'>numerum</span> <span class='ocrx_word' id='word_1_294' title='bbox 575 2555 716 2585; x_wconf 76' lang='lat' dir='ltr'>altaribus</span> <span class='ocrx_word' id='word_1_295' title='bbox 737 2557 864 2586; x_wconf 77' lang='lat' dir='ltr'>deorum.</span> 
     </span>
    </p>

    <p class='ocr_par' dir='ltr' id='par_1_19' title="bbox 163 2593 865 2787">
     <span class='ocr_line' id='line_1_52' title="bbox 203 2593 865 2631; baseline 0.005 -10"><span class='ocrx_word' id='word_1_296' title='bbox 203 2594 356 2622; x_wconf 75' lang='lat'><strong>212—227</strong></span> <span class='ocrx_word' id='word_1_297' title='bbox 374 2593 508 2623; x_wconf 87' lang='lat' dir='ltr'>Ilioneus</span> <span class='ocrx_word' id='word_1_298' title='bbox 524 2593 615 2621; x_wconf 81' lang='lat' dir='ltr'>etiam</span> <span class='ocrx_word' id='word_1_299' title='bbox 634 2594 687 2623; x_wconf 90' lang='lat' dir='ltr'>lib.</span> <span class='ocrx_word' id='word_1_300' title='bbox 702 2596 730 2631; x_wconf 93' lang='lat' dir='ltr'>I,</span> <span class='ocrx_word' id='word_1_301' title='bbox 751 2597 806 2624; x_wconf 77' lang='lat'>521</span> <span class='ocrx_word' id='word_1_302' title='bbox 828 2596 865 2624; x_wconf 81' lang='lat' dir='ltr'>ad</span> 
     </span>
     <span class='ocr_line' id='line_1_53' title="bbox 168 2631 865 2663; baseline 0.004 -3"><span class='ocrx_word' id='word_1_303' title='bbox 168 2631 318 2660; x_wconf 83' lang='lat' dir='ltr'>Didonem</span> <span class='ocrx_word' id='word_1_304' title='bbox 334 2633 428 2661; x_wconf 87' lang='lat' dir='ltr'>verba</span> <span class='ocrx_word' id='word_1_305' title='bbox 440 2632 619 2661; x_wconf 52' lang='lat' dir='ltr'>facin—215</span> <span class='ocrx_word' id='word_1_306' title='bbox 629 2633 708 2662; x_wconf 77' lang='lat' dir='ltr'>sidus</span> <span class='ocrx_word' id='word_1_307' title='bbox 745 2644 777 2663; x_wconf 90' lang='lat' dir='ltr'>ro</span> <span class='ocrx_word' id='word_1_308' title='bbox 793 2639 865 2663; x_wconf 84' lang='lat' dir='ltr'>tem-</span> 
     </span>
     <span class='ocr_line' id='line_1_54' title="bbox 163 2644 858 2709; baseline 0.006 -11"><span class='ocrx_word' id='word_1_309' title='bbox 163 2675 289 2708; x_wconf 76' lang='lat' dir='ltr'>pestate,</span> <span class='ocrx_word' id='word_1_310' title='bbox 313 2671 392 2699; x_wconf 76' lang='lat' dir='ltr'>littus</span> <span class='ocrx_word' id='word_1_311' title='bbox 407 2672 528 2709; x_wconf 71' lang='lat' dir='ltr'>fefellit,</span> <span class='ocrx_word' id='word_1_312' title='bbox 549 2671 695 2707; x_wconf 70' lang='lat' dir='ltr'>ignoratio</span> <span class='ocrx_word' id='word_1_313' title='bbox 722 2644 858 2702; x_wconf 75' lang='lat' dir='ltr'>littorum</span> 
     </span>
     <span class='ocr_line' id='line_1_55' title="bbox 164 2710 858 2749; baseline 0.006 -12"><span class='ocrx_word' id='word_1_314' title='bbox 164 2719 197 2737; x_wconf 82' lang='lat' dir='ltr'>ac</span> <span class='ocrx_word' id='word_1_315' title='bbox 219 2715 376 2744; x_wconf 75' lang='lat' dir='ltr'>terrarum,</span> <span class='ocrx_word' id='word_1_316' title='bbox 398 2710 512 2748; x_wconf 69' lang='lat' dir='ltr'>reyione</span> <span class='ocrx_word' id='word_1_317' title='bbox 534 2710 596 2743; x_wconf 71' lang='lat' dir='ltr'>vioe,</span> <span class='ocrx_word' id='word_1_318' title='bbox 615 2710 692 2739; x_wconf 82' lang='lat' dir='ltr'>linea</span> <span class='ocrx_word' id='word_1_319' title='bbox 713 2711 785 2745; x_wconf 72' lang='lat' dir='ltr'>viae,</span> <span class='ocrx_word' id='word_1_320' title='bbox 803 2722 858 2749; x_wconf 81' lang='lat' dir='ltr'>pro</span> 
     </span>
     <span class='ocr_line' id='line_1_56' title="bbox 163 2748 859 2787; baseline 0.004 -11"><span class='ocrx_word' id='word_1_321' title='bbox 163 2748 308 2786; x_wconf 72' lang='lat' dir='ltr'>simplici:</span> <span class='ocrx_word' id='word_1_322' title='bbox 333 2748 380 2777; x_wconf 82' lang='lat' dir='ltr'>via</span> <span class='ocrx_word' id='word_1_323' title='bbox 402 2754 431 2777; x_wconf 76' lang='lat' dir='ltr'>et</span> <span class='ocrx_word' id='word_1_324' title='bbox 458 2748 650 2787; x_wconf 67' lang='lat' dir='ltr'>navigatione</span> <span class='ocrx_word' id='word_1_325' title='bbox 678 2749 859 2779; x_wconf 79' lang='lat' dir='ltr'>instituenda</span> 
     </span>
    </p>
   </div>
   <div class='ocr_carea' id='block_1_17' title="bbox 894 1703 1609 2788">
    <p class='ocr_par' dir='ltr' id='par_1_20' title="bbox 894 1703 1609 2671">
     <span class='ocr_line' id='line_1_57' title="bbox 901 1703 1604 1742; baseline -0.003 -9"><span class='ocrx_word' id='word_1_326' title='bbox 901 1714 935 1733; x_wconf 78' lang='lat' dir='ltr'>ac</span> <span class='ocrx_word' id='word_1_327' title='bbox 952 1704 1092 1742; x_wconf 80' lang='lat' dir='ltr'>regenda.</span> <span class='ocrx_word' id='word_1_328' title='bbox 1132 1703 1270 1732; x_wconf 63' lang='lat' dir='ltr'>Vax-iavit</span> <span class='ocrx_word' id='word_1_329' title='bbox 1289 1703 1381 1732; x_wconf 76' lang='lat' dir='ltr'>verba</span> <span class='ocrx_word' id='word_1_330' title='bbox 1401 1713 1507 1738; x_wconf 70' lang='lat' dir='ltr'>versus</span> <span class='ocrx_word' id='word_1_331' title='bbox 1529 1703 1604 1731; x_wconf 74' lang='lat'>199:</span> 
     </span>
     <span class='ocr_line' id='line_1_58' title="bbox 901 1741 1605 1780; baseline -0.003 -9"><span class='ocrx_word' id='word_1_332' title='bbox 901 1743 969 1772; x_wconf 72' lang='lat' dir='ltr'>Sive</span> <span class='ocrx_word' id='word_1_333' title='bbox 981 1752 1080 1771; x_wconf 76' lang='lat' dir='ltr'>errore</span> <span class='ocrx_word' id='word_1_334' title='bbox 1097 1742 1151 1771; x_wconf 77' lang='lat' dir='ltr'>viae</span> <span class='ocrx_word' id='word_1_335' title='bbox 1164 1752 1214 1771; x_wconf 64' lang='lat' dir='ltr'>sen</span> <span class='ocrx_word' id='word_1_336' title='bbox 1229 1741 1446 1780; x_wconf 70' lang='lat' dir='ltr'>tempestatibus</span> <span class='ocrx_word' id='word_1_337' title='bbox 1469 1742 1538 1770; x_wconf 79' lang='lat' dir='ltr'>acti.</span> <span class='ocrx_word' id='word_1_338' title='bbox 1560 1742 1605 1770; x_wconf 89' lang='lat' dir='ltr'>ll-</span> 
     </span>
     <span class='ocr_line' id='line_1_59' title="bbox 900 1780 1605 1819; baseline -0.001 -10"><span class='ocrx_word' id='word_1_339' title='bbox 900 1781 952 1811; x_wconf 79' lang='lat' dir='ltr'>lud</span> <span class='ocrx_word' id='word_1_340' title='bbox 965 1782 1043 1819; x_wconf 71' lang='lat' dir='ltr'>reyio</span> <span class='ocrx_word' id='word_1_341' title='bbox 1059 1781 1183 1819; x_wconf 76' lang='lat' dir='ltr'>m&#39;aejam</span> <span class='ocrx_word' id='word_1_342' title='bbox 1206 1785 1272 1810; x_wconf 86' lang='lat' dir='ltr'>ante</span> <span class='ocrx_word' id='word_1_343' title='bbox 1290 1780 1448 1819; x_wconf 67' lang='lat' dir='ltr'>Virgilium</span> <span class='ocrx_word' id='word_1_344' title='bbox 1468 1781 1605 1818; x_wconf 84' lang='lat' dir='ltr'>frequen-</span> 
     </span>
     <span class='ocr_line' id='line_1_60' title="bbox 900 1819 1606 1857; baseline -0.003 -9"><span class='ocrx_word' id='word_1_345' title='bbox 900 1820 976 1849; x_wconf 83' lang='lat' dir='ltr'>tavit</span> <span class='ocrx_word' id='word_1_346' title='bbox 988 1820 1148 1849; x_wconf 82' lang='lat' dir='ltr'>Lucretius</span> <span class='ocrx_word' id='word_1_347' title='bbox 1163 1820 1214 1849; x_wconf 89' lang='lat' dir='ltr'>lib.</span> <span class='ocrx_word' id='word_1_348' title='bbox 1229 1820 1276 1854; x_wconf 89' lang='lat'>11,</span> <span class='ocrx_word' id='word_1_349' title='bbox 1291 1820 1368 1848; x_wconf 77' lang='lat'>249:</span> <span class='ocrx_word' id='word_1_350' title='bbox 1391 1820 1433 1848; x_wconf 78' lang='lat' dir='ltr'>Et</span> <span class='ocrx_word' id='word_1_351' title='bbox 1455 1829 1522 1857; x_wconf 87' lang='lat' dir='ltr'>sup.</span> <span class='ocrx_word' id='word_1_352' title='bbox 1535 1819 1606 1848; x_wconf 66' lang='grc' dir='ltr'><strong><em>[ΕΠ.</em></strong></span> 
     </span>
     <span class='ocr_line' id='line_1_61' title="bbox 901 1857 1606 1896; baseline -0.003 -9"><span class='ocrx_word' id='word_1_353' title='bbox 901 1859 948 1892; x_wconf 85' lang='grc' dir='ltr'>ΙΙ,</span> <span class='ocrx_word' id='word_1_354' title='bbox 959 1859 1035 1887; x_wconf 82' lang='lat'>737:</span> <span class='ocrx_word' id='word_1_355' title='bbox 1052 1863 1079 1887; x_wconf 74' lang='lat' dir='ltr'>et</span> <span class='ocrx_word' id='word_1_356' title='bbox 1088 1863 1155 1887; x_wconf 78' lang='lat' dir='ltr'>nola</span> <span class='ocrx_word' id='word_1_357' title='bbox 1164 1858 1264 1887; x_wconf 75' lang='lat' dir='ltr'>excedo</span> <span class='ocrx_word' id='word_1_358' title='bbox 1275 1857 1388 1896; x_wconf 61' lang='lat' dir='ltr'>regione</span> <span class='ocrx_word' id='word_1_359' title='bbox 1400 1857 1525 1886; x_wconf 81' lang='lat' dir='ltr'>viarum.</span> <span class='ocrx_word' id='word_1_360' title='bbox 1546 1857 1606 1895; x_wconf 77' lang='lat' dir='ltr'>Af-</span> 
     </span>
     <span class='ocr_line' id='line_1_62' title="bbox 894 1897 1608 1935; baseline -0.003 -9"><span class='ocrx_word' id='word_1_361' title='bbox 894 1898 1022 1934; x_wconf 76' lang='lat' dir='ltr'>ferimur</span> <span class='ocrx_word' id='word_1_362' title='bbox 1035 1907 1090 1935; x_wconf 91' lang='lat' dir='ltr'>pro</span> <span class='ocrx_word' id='word_1_363' title='bbox 1104 1897 1248 1926; x_wconf 82' lang='lat' dir='ltr'>exiliore:</span> <span class='ocrx_word' id='word_1_364' title='bbox 1271 1897 1452 1925; x_wconf 81' lang='lat' dir='ltr'>accedimus.</span> <span class='ocrx_word' id='word_1_365' title='bbox 1485 1897 1570 1926; x_wconf 80' lang='lat' dir='ltr'>Jovis</span> <span class='ocrx_word' id='word_1_366' title='bbox 1586 1897 1608 1924; x_wconf 62' lang='grc' dir='ltr'>Γ.</span> 
     </span>
     <span class='ocr_line' id='line_1_63' title="bbox 901 1935 1605 1973; baseline -0.004 -8"><span class='ocrx_word' id='word_1_367' title='bbox 901 1936 1059 1966; x_wconf 85' lang='lat' dir='ltr'>Dardanus</span> <span class='ocrx_word' id='word_1_368' title='bbox 1074 1947 1103 1965; x_wconf 86' lang='lat' dir='ltr'>v.</span> <span class='ocrx_word' id='word_1_369' title='bbox 1125 1936 1164 1964; x_wconf 93' lang='lat' dir='ltr'>Il.</span> <span class='ocrx_word' id='word_1_370' title='bbox 1178 1950 1202 1970; x_wconf 87' lang='grc' dir='ltr'>υ,</span> <span class='ocrx_word' id='word_1_371' title='bbox 1216 1936 1383 1964; x_wconf 51' lang='lat' dir='ltr'>zia—220</span> <span class='ocrx_word' id='word_1_372' title='bbox 1395 1935 1428 1964; x_wconf 76' lang='lat' dir='ltr'>de</span> <span class='ocrx_word' id='word_1_373' title='bbox 1447 1939 1531 1973; x_wconf 74' lang='lat' dir='ltr'>yente</span> <span class='ocrx_word' id='word_1_374' title='bbox 1555 1946 1605 1963; x_wconf 79' lang='lat' dir='ltr'>su-</span> 
     </span>
     <span class='ocr_line' id='line_1_64' title="bbox 894 1974 1604 2013; baseline -0.003 -9"><span class='ocrx_word' id='word_1_375' title='bbox 894 1985 1007 2013; x_wconf 77' lang='lat' dir='ltr'>prema.</span> <span class='ocrx_word' id='word_1_376' title='bbox 1049 1975 1216 2004; x_wconf 85' lang='lat' dir='ltr'>Ennianum</span> <span class='ocrx_word' id='word_1_377' title='bbox 1241 1975 1381 2003; x_wconf 81' lang='lat' dir='ltr'>laudatur</span> <span class='ocrx_word' id='word_1_378' title='bbox 1404 1984 1444 2003; x_wconf 78' lang='lat' dir='ltr'>ex</span> <span class='ocrx_word' id='word_1_379' title='bbox 1467 1975 1546 2003; x_wconf 85' lang='lat' dir='ltr'>Ann.</span> <span class='ocrx_word' id='word_1_380' title='bbox 1577 1974 1604 2001; x_wconf 95' lang='lat' dir='ltr'>V</span> 
     </span>
     <span class='ocr_line' id='line_1_65' title="bbox 900 2012 1609 2051; baseline 0 -9"><span class='ocrx_word' id='word_1_381' title='bbox 900 2013 1012 2042; x_wconf 77' lang='lat' dir='ltr'>nomine</span> <span class='ocrx_word' id='word_1_382' title='bbox 1034 2013 1182 2048; x_wconf 76' lang='lat' dir='ltr'>Purrhus,</span> <span class='ocrx_word' id='word_1_383' title='bbox 1206 2013 1250 2042; x_wconf 80' lang='lat' dir='ltr'>uti</span> <span class='ocrx_word' id='word_1_384' title='bbox 1280 2017 1448 2046; x_wconf 79' lang='lat' dir='ltr'>memorant,</span> <span class='ocrx_word' id='word_1_385' title='bbox 1475 2024 1493 2041; x_wconf 87' lang='grc' dir='ltr'><em>α</em></span> <span class='ocrx_word' id='word_1_386' title='bbox 1517 2012 1609 2051; x_wconf 74' lang='lat' dir='ltr'>stirpe</span> 
     </span>
     <span class='ocr_line' id='line_1_66' title="bbox 902 2051 1607 2091; baseline -0.001 -11"><span class='ocrx_word' id='word_1_387' title='bbox 902 2061 1048 2091; x_wconf 78' lang='lat' dir='ltr'>supremo,</span> <span class='ocrx_word' id='word_1_388' title='bbox 1063 2052 1100 2081; x_wconf 89' lang='lat' dir='ltr'>de</span> <span class='ocrx_word' id='word_1_389' title='bbox 1114 2052 1212 2090; x_wconf 84' lang='lat' dir='ltr'>prima</span> <span class='ocrx_word' id='word_1_390' title='bbox 1227 2051 1342 2090; x_wconf 81' lang='lat' dir='ltr'>origine</span> <span class='ocrx_word' id='word_1_391' title='bbox 1356 2056 1387 2080; x_wconf 79' lang='lat' dir='ltr'>et</span> <span class='ocrx_word' id='word_1_392' title='bbox 1398 2051 1504 2089; x_wconf 82' lang='lat' dir='ltr'>stirpis</span> <span class='ocrx_word' id='word_1_393' title='bbox 1518 2062 1607 2080; x_wconf 81' lang='lat' dir='ltr'>exor-</span> 
     </span>
     <span class='ocr_line' id='line_1_67' title="bbox 904 2090 1606 2129; baseline -0.001 -10"><span class='ocrx_word' id='word_1_394' title='bbox 904 2097 935 2119; x_wconf 90' lang='lat' dir='ltr'>tu</span> <span class='ocrx_word' id='word_1_395' title='bbox 953 2102 970 2120; x_wconf 86' lang='lat' dir='ltr'>a</span> <span class='ocrx_word' id='word_1_396' title='bbox 983 2091 1168 2121; x_wconf 76' lang='lat' dir='ltr'>Jove.-—2·23</span> <span class='ocrx_word' id='word_1_397' title='bbox 1192 2090 1378 2129; x_wconf 73' lang='lat' dir='ltr'>quibussatis</span> <span class='ocrx_word' id='word_1_398' title='bbox 1391 2100 1446 2128; x_wconf 90' lang='lat' dir='ltr'>pro</span> <span class='ocrx_word' id='word_1_399' title='bbox 1461 2100 1606 2118; x_wconf 85' lang='lat' dir='ltr'>successu</span> 
     </span>
     <span class='ocr_line' id='line_1_68' title="bbox 903 2128 1607 2165; baseline -0.001 -7"><span class='ocrx_word' id='word_1_400' title='bbox 903 2139 1004 2158; x_wconf 88' lang='lat' dir='ltr'>rerum</span> <span class='ocrx_word' id='word_1_401' title='bbox 1030 2134 1061 2158; x_wconf 87' lang='lat' dir='ltr'>et</span> <span class='ocrx_word' id='word_1_402' title='bbox 1082 2132 1191 2158; x_wconf 78' lang='lat' dir='ltr'>eventu</span> <span class='ocrx_word' id='word_1_403' title='bbox 1214 2129 1313 2165; x_wconf 82' lang='lat' dir='ltr'>fatali3</span> <span class='ocrx_word' id='word_1_404' title='bbox 1340 2133 1369 2157; x_wconf 85' lang='lat' dir='ltr'>et</span> <span class='ocrx_word' id='word_1_405' title='bbox 1389 2128 1448 2157; x_wconf 79' lang='lat' dir='ltr'>acti</span> <span class='ocrx_word' id='word_1_406' title='bbox 1471 2128 1499 2156; x_wconf 80' lang='lat' dir='ltr'>li.</span> <span class='ocrx_word' id='word_1_407' title='bbox 1523 2128 1544 2156; x_wconf 90' lang='lat' dir='ltr'>l.</span> <span class='ocrx_word' id='word_1_408' title='bbox 1559 2133 1607 2157; x_wconf 82' lang='lat' dir='ltr'>est</span> 
     </span>
     <span class='ocr_line' id='line_1_69' title="bbox 904 2167 1606 2202; baseline -0.001 -5"><span class='ocrx_word' id='word_1_409' title='bbox 904 2168 1019 2202; x_wconf 78' lang='lat' dir='ltr'>vexati,</span> <span class='ocrx_word' id='word_1_410' title='bbox 1042 2167 1263 2196; x_wconf 81' lang='lat' dir='ltr'>calamitatibus</span> <span class='ocrx_word' id='word_1_411' title='bbox 1297 2167 1518 2196; x_wconf 53' lang='lat' dir='ltr'>amica—225.</span> <span class='ocrx_word' id='word_1_412' title='bbox 1537 2168 1606 2196; x_wconf 78' lang='lat'>220.</span> 
     </span>
     <span class='ocr_line' id='line_1_70' title="bbox 903 2205 1606 2244; baseline -0.003 -8"><span class='ocrx_word' id='word_1_413' title='bbox 903 2209 960 2236; x_wconf 77' lang='lat'>‘227</span> <span class='ocrx_word' id='word_1_414' title='bbox 975 2211 1090 2241; x_wconf 87' lang='lat' dir='ltr'>ornate,</span> <span class='ocrx_word' id='word_1_415' title='bbox 1106 2216 1160 2244; x_wconf 91' lang='lat' dir='ltr'>pro</span> <span class='ocrx_word' id='word_1_416' title='bbox 1169 2206 1305 2235; x_wconf 85' lang='lat' dir='ltr'>omnibus</span> <span class='ocrx_word' id='word_1_417' title='bbox 1321 2205 1510 2244; x_wconf 65' lang='lat' dir='ltr'>gentibus-si</span> <span class='ocrx_word' id='word_1_418' title='bbox 1542 2216 1606 2234; x_wconf 79' lang='lat' dir='ltr'>uem</span> 
     </span>
     <span class='ocr_line' id='line_1_71' title="bbox 901 2244 1608 2282; baseline -0.003 -8"><span class='ocrx_word' id='word_1_419' title='bbox 901 2245 1213 2278; x_wconf 64' lang='lat' dir='ltr'>sumrnovct-diriznst,</span> <span class='ocrx_word' id='word_1_420' title='bbox 1230 2249 1350 2282; x_wconf 86' lang='lat' dir='ltr'>separat</span> <span class='ocrx_word' id='word_1_421' title='bbox 1361 2244 1463 2282; x_wconf 88' lang='lat' dir='ltr'>simpl.</span> <span class='ocrx_word' id='word_1_422' title='bbox 1475 2244 1512 2273; x_wconf 89' lang='lat' dir='ltr'>de</span> <span class='ocrx_word' id='word_1_423' title='bbox 1533 2245 1608 2273; x_wconf 65' lang='lat' dir='ltr'>rabi&lt;</span> 
     </span>
     <span class='ocr_line' id='line_1_72' title="bbox 901 2283 1607 2321; baseline -0.001 -8"><span class='ocrx_word' id='word_1_424' title='bbox 901 2285 1013 2314; x_wconf 80' lang='lat' dir='ltr'>tatione</span> <span class='ocrx_word' id='word_1_425' title='bbox 1028 2285 1057 2313; x_wconf 91' lang='lat' dir='ltr'>in</span> <span class='ocrx_word' id='word_1_426' title='bbox 1081 2284 1148 2313; x_wconf 82' lang='lat' dir='ltr'>loco</span> <span class='ocrx_word' id='word_1_427' title='bbox 1171 2283 1334 2321; x_wconf 70' lang='lat' dir='ltr'>longinquo</span> <span class='ocrx_word' id='word_1_428' title='bbox 1359 2288 1389 2312; x_wconf 82' lang='lat' dir='ltr'>et</span> <span class='ocrx_word' id='word_1_429' title='bbox 1410 2287 1543 2319; x_wconf 81' lang='lat' dir='ltr'>remoto3</span> <span class='ocrx_word' id='word_1_430' title='bbox 1565 2289 1607 2318; x_wconf 79' lang='lat' dir='ltr'>et,</span> 
     </span>
     <span class='ocr_line' id='line_1_73' title="bbox 904 2322 1606 2362; baseline -0.001 -10"><span class='ocrx_word' id='word_1_431' title='bbox 904 2324 1027 2362; x_wconf 62' lang='lat' dir='ltr'>pokitico</span> <span class='ocrx_word' id='word_1_432' title='bbox 1051 2333 1144 2356; x_wconf 89' lang='lat' dir='ltr'>more,</span> <span class='ocrx_word' id='word_1_433' title='bbox 1160 2322 1274 2360; x_wconf 75' lang='lat' dir='ltr'>signate</span> <span class='ocrx_word' id='word_1_434' title='bbox 1294 2326 1446 2351; x_wconf 81' lang='lat' dir='ltr'>extremas</span> <span class='ocrx_word' id='word_1_435' title='bbox 1461 2326 1606 2351; x_wconf 77' lang='lat' dir='ltr'>terrarum</span> 
     </span>
     <span class='ocr_line' id='line_1_74' title="bbox 904 2360 1608 2398; baseline -0.003 -7"><span class='ocrx_word' id='word_1_436' title='bbox 904 2373 971 2391; x_wconf 84' lang='lat' dir='ltr'>oras</span> <span class='ocrx_word' id='word_1_437' title='bbox 985 2362 1021 2391; x_wconf 83' lang='lat' dir='ltr'>ad</span> <span class='ocrx_word' id='word_1_438' title='bbox 1036 2362 1200 2394; x_wconf 82' lang='lat' dir='ltr'>Oceanum,</span> <span class='ocrx_word' id='word_1_439' title='bbox 1217 2364 1247 2389; x_wconf 85' lang='lat' dir='ltr'>et</span> <span class='ocrx_word' id='word_1_440' title='bbox 1259 2361 1377 2389; x_wconf 81' lang='lat' dir='ltr'>deserta</span> <span class='ocrx_word' id='word_1_441' title='bbox 1393 2360 1499 2398; x_wconf 67' lang='lat' dir='ltr'>Libyan</span> <span class='ocrx_word' id='word_1_442' title='bbox 1514 2362 1608 2389; x_wconf 80' lang='lat' dir='ltr'>nomi-</span> 
     </span>
     <span class='ocr_line' id='line_1_75' title="bbox 903 2399 1607 2443; baseline -0.001 -13"><span class='ocrx_word' id='word_1_443' title='bbox 903 2404 1130 2439; x_wconf 78' lang='lat' dir='ltr'>nat.—refu.sum</span> <span class='ocrx_word' id='word_1_444' title='bbox 1159 2400 1314 2433; x_wconf 79' lang='lat' dir='ltr'>oceanum,</span> <span class='ocrx_word' id='word_1_445' title='bbox 1339 2399 1392 2443; x_wconf 78' lang='lat' dir='ltr'>qui</span> <span class='ocrx_word' id='word_1_446' title='bbox 1413 2400 1451 2428; x_wconf 86' lang='lat' dir='ltr'>de</span> <span class='ocrx_word' id='word_1_447' title='bbox 1471 2403 1549 2429; x_wconf 83' lang='lat' dir='ltr'>aestu</span> <span class='ocrx_word' id='word_1_448' title='bbox 1575 2403 1607 2429; x_wconf 79' lang='lat' dir='ltr'>et</span> 
     </span>
     <span class='ocr_line' id='line_1_76' title="bbox 906 2437 1608 2477; baseline -0.004 -7"><span class='ocrx_word' id='word_1_449' title='bbox 906 2450 1029 2470; x_wconf 85' lang='lat' dir='ltr'>recessu</span> <span class='ocrx_word' id='word_1_450' title='bbox 1056 2439 1147 2468; x_wconf 86' lang='lat' dir='ltr'>maris</span> <span class='ocrx_word' id='word_1_451' title='bbox 1175 2438 1296 2477; x_wconf 87' lang='lat' dir='ltr'>proprie</span> <span class='ocrx_word' id='word_1_452' title='bbox 1325 2437 1445 2472; x_wconf 79' lang='lat' dir='ltr'>dicitur,</span> <span class='ocrx_word' id='word_1_453' title='bbox 1479 2439 1608 2477; x_wconf 82' lang='lat' dir='ltr'>accipies</span> 
     </span>
     <span class='ocr_line' id='line_1_77' title="bbox 906 2476 1608 2518; baseline -0.001 -11"><span class='ocrx_word' id='word_1_454' title='bbox 906 2479 1083 2518; x_wconf 82' lang='lat' dir='ltr'>simpliciter</span> <span class='ocrx_word' id='word_1_455' title='bbox 1110 2477 1252 2506; x_wconf 83' lang='lat' dir='ltr'>diffusum</span> <span class='ocrx_word' id='word_1_456' title='bbox 1280 2476 1340 2505; x_wconf 85' lang='lat' dir='ltr'>late</span> <span class='ocrx_word' id='word_1_457' title='bbox 1377 2481 1408 2505; x_wconf 85' lang='lat' dir='ltr'>et</span> <span class='ocrx_word' id='word_1_458' title='bbox 1440 2481 1608 2506; x_wconf 81' lang='lat' dir='ltr'>extentum.</span> 
     </span>
     <span class='ocr_line' id='line_1_78' title="bbox 900 2515 1607 2557; baseline -0.004 -10"><span class='ocrx_word' id='word_1_459' title='bbox 900 2518 990 2557; x_wconf 74' lang='lat' dir='ltr'>playa</span> <span class='ocrx_word' id='word_1_460' title='bbox 1004 2517 1072 2546; x_wconf 72' lang='lat' dir='ltr'>solis</span> <span class='ocrx_word' id='word_1_461' title='bbox 1083 2516 1186 2555; x_wconf 80' lang='lat' dir='ltr'>iniqui,</span> <span class='ocrx_word' id='word_1_462' title='bbox 1201 2525 1273 2544; x_wconf 80' lang='lat' dir='ltr'>zona</span> <span class='ocrx_word' id='word_1_463' title='bbox 1287 2515 1411 2550; x_wconf 86' lang='lat' dir='ltr'>torrida,</span> <span class='ocrx_word' id='word_1_464' title='bbox 1426 2515 1515 2544; x_wconf 85' lang='lat' dir='ltr'>nimis</span> <span class='ocrx_word' id='word_1_465' title='bbox 1524 2527 1607 2554; x_wconf 80' lang='lat' dir='ltr'>mag-</span> 
     </span>
     <span class='ocr_line' id='line_1_79' title="bbox 905 2555 1604 2593; baseline -0.004 -8"><span class='ocrx_word' id='word_1_466' title='bbox 905 2566 954 2590; x_wconf 81' lang='lat' dir='ltr'>no,</span> <span class='ocrx_word' id='word_1_467' title='bbox 978 2557 1086 2585; x_wconf 77' lang='lat' dir='ltr'>infesto</span> <span class='ocrx_word' id='word_1_468' title='bbox 1109 2555 1181 2583; x_wconf 82' lang='lat' dir='ltr'>solis</span> <span class='ocrx_word' id='word_1_469' title='bbox 1212 2559 1300 2588; x_wconf 77' lang='lat' dir='ltr'>aestu,</span> <span class='ocrx_word' id='word_1_470' title='bbox 1329 2558 1453 2589; x_wconf 72' lang='lat' dir='ltr'>extenta,</span> <span class='ocrx_word' id='word_1_471' title='bbox 1484 2560 1604 2593; x_wconf 71' lang='lat' dir='ltr'>patens,</span> 
     </span>
     <span class='ocr_line' id='line_1_80' title="bbox 906 2594 1605 2634; baseline -0.003 -11"><span class='ocrx_word' id='word_1_472' title='bbox 906 2600 1031 2634; x_wconf 84' lang='lat' dir='ltr'>propter</span> <span class='ocrx_word' id='word_1_473' title='bbox 1055 2603 1226 2631; x_wconf 84' lang='lat' dir='ltr'>camporum</span> <span class='ocrx_word' id='word_1_474' title='bbox 1249 2603 1364 2629; x_wconf 86' lang='lat' dir='ltr'>arenas,</span> <span class='ocrx_word' id='word_1_475' title='bbox 1381 2594 1411 2622; x_wconf 78' lang='lat' dir='ltr'>in</span> <span class='ocrx_word' id='word_1_476' title='bbox 1429 2594 1519 2623; x_wconf 80' lang='lat' dir='ltr'>medio</span> <span class='ocrx_word' id='word_1_477' title='bbox 1535 2604 1605 2633; x_wconf 76' lang='grc' dir='ltr'><em>ιμιιι-</em></span> 
     </span>
     <span class='ocr_line' id='line_1_81' title="bbox 906 2633 1311 2671; baseline -0.002 -9"><span class='ocrx_word' id='word_1_478' title='bbox 906 2640 972 2663; x_wconf 79' lang='lat' dir='ltr'>tuor</span> <span class='ocrx_word' id='word_1_479' title='bbox 984 2633 1147 2671; x_wconf 71' lang='lat' dir='ltr'>playrtrum,</span> <span class='ocrx_word' id='word_1_480' title='bbox 1160 2642 1311 2661; x_wconf 77' lang='lat' dir='ltr'>zonarum.</span> 
     </span>
    </p>

    <p class='ocr_par' dir='ltr' id='par_1_21' title="bbox 900 2670 1603 2788">
     <span class='ocr_line' id='line_1_82' title="bbox 936 2670 1600 2710; baseline -0.005 -9"><span class='ocrx_word' id='word_1_481' title='bbox 936 2674 1004 2701; x_wconf 62' lang='lat'>225.</span> <span class='ocrx_word' id='word_1_482' title='bbox 1032 2673 1099 2700; x_wconf 73' lang='lat'>220.</span> <span class='ocrx_word' id='word_1_483' title='bbox 1124 2672 1183 2700; x_wconf 74' lang='lat'>230</span> <span class='ocrx_word' id='word_1_484' title='bbox 1207 2682 1272 2709; x_wconf 76' lang='lat' dir='ltr'>sqq.</span> <span class='ocrx_word' id='word_1_485' title='bbox 1292 2671 1351 2700; x_wconf 65' lang='lat' dir='ltr'>Dis</span> <span class='ocrx_word' id='word_1_486' title='bbox 1365 2671 1472 2710; x_wconf 71' lang='lat' dir='ltr'>patriis</span> <span class='ocrx_word' id='word_1_487' title='bbox 1493 2681 1509 2699; x_wconf 85' lang='lat' dir='ltr'>a</span> <span class='ocrx_word' id='word_1_488' title='bbox 1531 2670 1600 2699; x_wconf 79' lang='lat' dir='ltr'>reli·</span> 
     </span>
     <span class='ocr_line' id='line_1_83' title="bbox 901 2709 1601 2749; baseline -0.004 -10"><span class='ocrx_word' id='word_1_489' title='bbox 901 2712 986 2749; x_wconf 53' lang='lat' dir='ltr'>silone</span> <span class='ocrx_word' id='word_1_490' title='bbox 1001 2710 1161 2739; x_wconf 73' lang='lat' dir='ltr'>Penatium</span> <span class='ocrx_word' id='word_1_491' title='bbox 1184 2710 1329 2748; x_wconf 73' lang='lat' dir='ltr'>praeclarc</span> <span class='ocrx_word' id='word_1_492' title='bbox 1345 2711 1415 2739; x_wconf 79' lang='lat' dir='ltr'>facit</span> <span class='ocrx_word' id='word_1_493' title='bbox 1430 2710 1546 2739; x_wconf 81' lang='lat' dir='ltr'>initium</span> <span class='ocrx_word' id='word_1_494' title='bbox 1566 2709 1601 2737; x_wconf 82' lang='lat' dir='ltr'>ad</span> 
     </span>
     <span class='ocr_line' id='line_1_84' title="bbox 900 2748 1603 2788; baseline -0.006 -9"><span class='ocrx_word' id='word_1_495' title='bbox 900 2748 1064 2779; x_wconf 79' lang='lat' dir='ltr'>movendos</span> <span class='ocrx_word' id='word_1_496' title='bbox 1081 2749 1203 2779; x_wconf 84' lang='lat' dir='ltr'>animos.</span> <span class='ocrx_word' id='word_1_497' title='bbox 1221 2752 1338 2788; x_wconf 70' lang='lat' dir='ltr'>seretur</span> <span class='ocrx_word' id='word_1_498' title='bbox 1361 2760 1417 2787; x_wconf 88' lang='lat' dir='ltr'>pro</span> <span class='ocrx_word' id='word_1_499' title='bbox 1440 2748 1520 2777; x_wconf 78' lang='lat' dir='ltr'>tenui</span> <span class='ocrx_word' id='word_1_500' title='bbox 1537 2757 1603 2776; x_wconf 77' lang='lat' dir='ltr'>voc.</span> 
     </span>
    </p>
   </div>
  </div>
 </body>
</html>
