1796 3077
536 169 875 208 GEORGICON.
933 171 1031 208 LIB.
1064 171 1116 208 II.

117 290 208 333 Aut
225 291 304 332 illae
325 290 467 346 pecori
486 290 678 333 frondem
699 299 772 333 aut
791 293 1028 347 pastoribus
1048 293 1214 333 umbras

1467 174 1551 218 131

1475 289 1559 329 435

121 349 352 398 Sufficiunt,
383 363 622 402 saepemque
643 350 754 398 satis,
785 356 827 390 et
847 349 1003 403 pabula
1021 348 1144 390 melli.

119 405 179 446 Et
192 406 312 459 juvat
331 407 557 447 undantem
579 407 693 446 buxo
713 414 903 460 spectare
924 406 1138 460 Cytorum,

118 461 397 516 Naryciaeque
420 463 524 516 picis
543 462 658 504 lucos
675 480 684 511 3
709 464 831 517 juvat
851 477 949 504 arva
968 463 1109 503 videre

117 517 219 559 Non
239 521 394 569 rastris,
424 519 638 560 hominum
658 534 742 560 non
762 518 834 560 ulli
853 520 1034 560 obnoxia
1054 534 1179 561 curae.

120 575 229 628 Ipsae
251 575 455 617 Caucasio
477 576 635 617 steriles
656 576 697 616 in
718 577 870 617 vertice
891 576 1015 626 silvae,

1479 571 1563 612 440

119 632 238 678 Quas
260 634 431 673 animosi
454 633 560 681 Euri
580 633 745 674 assidue
765 632 1047 688 franguntque
1069 633 1305 687 feruntque,

122 688 240 730 Dant
259 690 359 730 alios
380 690 470 730 aliae
489 690 622 731 fetus:
653 690 755 730 dant
775 689 874 730 utile
894 690 1051 744 lignum

120 745 312 801 Navigiis
332 747 465 801 pinos,
496 747 689 787 domibus
708 746 963 800 cedrumque
984 761 1286 801 cupressosque
1304 761 1313 793 3

122 803 236 844 Hine
257 804 394 844 radios
415 804 567 844 trivere
588 803 702 850 rotis,
734 802 829 843 hinc
851 810 1049 857 tympana
1068 803 1262 856 plaustris

119 859 346 914 Agricolae,
377 867 418 901 et
437 859 596 914 pandas
617 858 776 899 ratibus
795 873 975 912 posuere
995 861 1179 900 carinas:

121 915 359 957 Viminibus
377 915 520 957 salices
541 916 745 964 fecundae,
777 914 995 956 frondibus
1013 915 1136 965 ulmi;

122 972 183 1013 At
201 981 360 1028 myrtus
380 973 525 1014 validis
544 972 776 1021 hastilibus,
806 980 848 1013 et
867 973 978 1013 bona
998 972 1108 1013 bello

122 1029 311 1079 Cornus3
343 1030 519 1071 Ituraeos
538 1030 626 1070 taxi
645 1036 893 1083 torquentur
912 1030 953 1069 in
973 1043 1092 1070 arcus
1108 1045 1117 1071 3

121 1086 218 1128 Nec
238 1087 336 1128 tiliae
353 1086 464 1128 leves
485 1094 557 1127 aut
578 1094 699 1127 torno
718 1085 838 1127 rasile
858 1087 1020 1128 buxum

122 1204 205 1234 pem,
235 1195 304 1225 mel.
331 1200 454 1235 yenesloe
482 1207 510 1226 v.
541 1206 610 1236 sup.
639 1207 669 1226 v.
700 1197 748 1226 12.
782 1196 829 1226 H.

119 1238 246 1273 yenesm,
260 1235 374 1264 broom.
393 1236 523 1265 S.--435
540 1237 596 1265 illoe
617 1246 656 1265 ex
679 1237 827 1265 sermonis

122 1277 277 1302 venustate
309 1275 553 1304 abundem—436
585 1279 651 1303 sata
683 1279 752 1304 sunt
780 1285 826 1304 ar-

124 1312 239 1346 boreta,
267 1312 371 1348 vineae,
399 1313 524 1343 oliveta.
552 1314 590 1343 cf.
619 1313 707 1343 modo
734 1314 771 1343 ad
796 1324 826 1343 v.

125 1351 193 1380 423.
225 1350 331 1388 pabula
355 1352 466 1390 apibus,
494 1353 609 1381 variata
638 1352 771 1381 oratione
799 1357 830 1382 et

123 1388 331 1427 exquisitiore,
357 1401 390 1429 P·
422 1390 498 1419 melli
528 1391 728 1421 dixin—437
761 1391 829 1420 Pri-

127 1437 207 1456 mum
230 1429 358 1457 notanda
380 1430 507 1459 formula
530 1431 618 1459 docte
640 1430 756 1458 variata
775 1440 830 1468 pro

127 1466 260 1504 vulgari:
284 1468 381 1496 Porro
401 1469 491 1497 etiam
515 1470 614 1497 buxus
638 1473 721 1506 grata
743 1470 831 1498 arbor

125 1509 172 1534 est
185 1509 215 1533 et
227 1505 497 1545 picea.--Cytorus,
518 1507 732 1545 Paphlagoniae
748 1517 831 1535 mons

126 1543 155 1572 in
174 1547 274 1573 tractu
294 1545 451 1579 maritimo,
472 1546 555 1574 buxo
577 1545 696 1573 nobilis.
736 1545 831 1582 Adja-

126 1583 214 1611 cebat
238 1584 310 1612 urbs
337 1585 471 1621 ejusdem
496 1583 635 1612 nominis.
655 1583 695 1611 cf.
720 1582 831 1611 Catull.

126 1622 157 1656 4,
179 1622 228 1652 13.
259 1622 319 1651 Pro
329 1623 412 1651 buxo
425 1623 554 1651 undante
566 1623 595 1650 in
607 1622 731 1659 Cytoro,
751 1631 832 1650 more

127 1669 192 1693 suc,
213 1659 421 1689 dixitdoctius
436 1661 575 1700 Cytorum
585 1661 736 1689 undantem
747 1659 831 1695 buxo,

128 1699 336 1733 fluctuantem;
359 1709 417 1736 qua
433 1699 562 1737 imagine
581 1703 724 1737 segetum,
746 1699 832 1727 fruti-

127 1746 207 1770 cum,
227 1741 258 1765 et
279 1737 469 1766 arbustorum
489 1738 560 1766 laeta
580 1738 670 1766 facies
691 1737 831 1775 frequen-

127 1775 244 1804 tissime
267 1785 284 1804 a
304 1776 402 1814 poetis
422 1776 592 1805 exhibetur.
612 1776 656 1804 H.
696 1775 744 1803 Ad
763 1785 833 1804 con-

128 1813 321 1842 structionem
336 1814 411 1843 conf.
432 1815 500 1843 val.
520 1815 602 1843 Flac.
624 1814 651 1846 I,
672 1815 740 1842 539.
754 1814 833 1851 reqio

129 1852 216 1881 undat
229 1852 308 1890 equis
314 1853 456 1891 floretque
470 1853 551 1888 viris,
573 1853 653 1891 quod
669 1853 704 1880 ad
716 1853 834 1890 copiam

129 1895 210 1920 recte
224 1890 330 1919 retulit
342 1891 513 1920 Forcellini.
527 1898 557 1920 et
570 1892 620 1920 inf.
636 1891 701 1926 ΙΙΙ,
716 1892 765 1919 28.
786 1890 833 1919 W.

131 1929 210 1957 Buxi
223 1934 321 1957 autem
336 1934 444 1967 quanta
462 1930 492 1958 in
513 1930 577 1959 aliis
597 1930 686 1959 terris
706 1930 834 1958 altitudo

130 1967 181 2002 sit,
202 1977 242 1996 ex
256 1978 292 1996 eo
306 1967 416 2003 diseas,
437 1969 517 2007 quod
537 1969 614 1997 Bion
634 1968 726 2006 Idyll.
747 1969 794 2000 II,
814 1970 833 1997 3

131 2015 253 2048 parvum
269 2007 408 2036 Amorem
420 2017 474 2045 per
487 2009 552 2046 ejus
571 2017 667 2036 ramos
687 2008 744 2035 huc
763 2007 834 2036 illuc

131 2044 310 2074 msilientem
320 2045 498 2075 facin—438
511 2046 570 2075 Pix
583 2057 598 2075 e
610 2046 738 2084 plurium
748 2046 833 2074 arbo-

132 2092 198 2111 rum
213 2083 311 2112 resina
324 2084 367 2117 fit,
388 2085 514 2114 maxime
533 2095 571 2114 ex
593 2085 665 2122 pinu
687 2095 720 2113 ac
740 2085 836 2121 picea.

133 2121 213 2149 Plin.
234 2121 327 2155 XIV,
348 2124 386 2151 20
407 2133 431 2151 5.
452 2125 500 2152 25.
535 2123 652 2162 Naryx,
673 2123 722 2152 vel
736 2122 837 2161 Nary-

133 2169 208 2193 cum,
229 2163 261 2188 et
284 2159 455 2198 Naryciam,
478 2163 641 2191 Locrorum
665 2161 837 2200 Epicnemi-

132 2197 250 2226 diorum
271 2199 355 2231 urbs,
380 2200 483 2237 Ajacis
502 2201 610 2238 patria.
649 2201 717 2230 Jam
736 2201 772 2228 ab
791 2200 838 2228 his

134 2236 238 2266 Locris
258 2236 374 2265 colonia
391 2237 421 2265 in
441 2239 560 2268 Italiam
581 2239 709 2268 deducta
726 2240 837 2268 Locros

135 2274 279 2303 condidit.
307 2275 345 2303 cf.
371 2275 438 2304 AEn.
466 2278 531 2312 ΙΙΙ,
559 2279 627 2307 399.
667 2278 713 2306 Ad
742 2281 839 2306 utram

135 2314 285 2351 regionem
295 2313 349 2351 pix
364 2313 505 2350 Narycia,
526 2317 613 2354 cujus
626 2320 657 2345 et
675 2316 841 2345 Columella

137 2351 182 2385 X,
205 2353 264 2381 386
284 2357 314 2380 et
328 2352 408 2380 Pliu.
429 2347 521 2387 XIV,
542 2356 580 2383 20
595 2365 620 2383 5.
640 2357 677 2384 25
696 2354 839 2383 memine-

135 2394 216 2425 runt,
237 2391 387 2419 reserenda
399 2396 491 2425 esset,
510 2393 641 2421 dubitari
654 2397 767 2432 posset,
782 2392 839 2421 nisi

132 2429 207 2467 picis
223 2429 350 2457 Bruttiae
370 2429 444 2458 satis
460 2429 597 2468 frequens
611 2432 688 2460 inter
704 2432 839 2469 antiquos

138 2468 248 2496 mentio
261 2468 354 2496 fieret.
370 2468 432 2496 vid.
447 2468 552 2497 Heius.
562 2470 599 2498 ad
610 2470 700 2498 Ovid.
714 2470 840 2498 Remed.

135 2507 205 2535 264.
244 2506 409 2535 Petebatur
428 2516 464 2535 ea
483 2506 512 2534 in
536 2507 640 2544 primis
662 2518 679 2536 e
700 2512 797 2536 monte
811 2512 841 2536 et

138 2544 214 2573 silva
232 2544 308 2578 Sila,
330 2545 367 2573 de
411 2555 448 2573 ua
469 2545 508 2573 cf.
529 2545 599 2575 AEn.
619 2545 701 2581 XII,
721 2547 790 2574 715.
810 2556 841 2575 v.

140 2582 240 2611 Strab.
260 2584 318 2611 VI.
339 2593 369 2621 p.
410 2585 447 2612 00
469 2584 507 2611 Β.

179 2621 246 2649 433.
266 2623 325 2650 »139
345 2632 416 2650 arva
437 2622 523 2651 silvis
546 2621 667 2654 consita,
689 2633 712 2650 5.
738 2623 841 2657 silvas,

141 2668 208 2699 quae
234 2660 315 2688 nullo
342 2660 466 2689 humano
489 2660 571 2689 cultu
594 2660 843 2698 insligent.—-n0n

140 2696 272 2732 οέτησκία,
300 2698 371 2727 nihil
395 2699 492 2728 labori
513 2703 613 2728 nostro
635 2699 783 2733 debentia,
810 2704 843 2727 ut

591 2740 608 2752 ξε

865 1197 1001 1232 Servius,
1032 1208 1088 1227 non
1116 1198 1234 1237 egentia
1261 1208 1333 1227 cura
1363 1193 1572 1224 nostrae—<140

865 1237 1032 1266 Caucasum
1060 1242 1132 1275 puta
1158 1237 1276 1275 poetice
1309 1246 1362 1275 pro
1394 1242 1572 1275 quocunque

865 1281 964 1304 monte
992 1275 1105 1305 silvoso
1133 1276 1296 1312 nominari3
1318 1273 1430 1303 steriles
1452 1271 1569 1300 sclvoe—

866 1314 1031 1351 danefeluS,
1045 1314 1176 1353 intellige
1187 1315 1306 1343 arbores
1317 1314 1379 1342 sine
1388 1312 1488 1339 fructu
1497 1309 1569 1351 edus-

867 1352 899 1380 li.
920 1353 964 1382 H.
1004 1353 1163 1391 Oppositae
1179 1357 1241 1381 tum
1257 1356 1327 1381 sunt
1341 1350 1460 1380 arbores
1473 1350 1574 1386 frugin

860 1392 940 1429 feroe
966 1391 995 1419 h.
1024 1402 1050 1420 e.
1080 1391 1181 1420 edulia
1200 1392 1382 1429 praebentes,
1410 1388 1448 1417 cf.
1470 1387 1573 1415 Germ.

869 1430 967 1459 Tacit.
986 1440 1014 1458 0.
1033 1432 1062 1459 5.
1088 1429 1249 1467 IV.—-fetus
1269 1439 1340 1457 vero
1352 1431 1420 1456 sunt
1435 1435 1523 1469 usu-s,
1539 1427 1574 1451 ut

871 1469 973 1497 statim
996 1468 1065 1497 utile
1090 1468 1196 1506 liyunm
1222 1467 1390 1505 subjicitur.
1429 1464 1574 1493 Similiter

870 1506 1022 1534 viminibus
1034 1506 1134 1534 salices
1139 1506 1270 1543 fecunda?
1281 1504 1575 1541 dictae.-—fran9unl-

870 1555 925 1582 que
943 1546 1100 1583 feruntque
1127 1544 1155 1572 in
1174 1544 1277 1572 -animo
1304 1542 1409 1571 habuit
1434 1550 1518 1579 (tyere
1541 1549 1576 1566 ac

863 1585 957 1619 farre,
979 1583 1007 1610 ll.
1028 1583 1243 1611 venum-4⁴3
1264 1580 1400 1618 Juniperi
1419 1584 1502 1608 certo
1523 1587 1574 1614 ge-

870 1621 946 1655 neri,
968 1621 1142 1654 Oxvcedro,
1163 1630 1268 1649 nomen
1284 1620 1371 1648 Cedri
1381 1619 1444 1647 fere
1456 1620 1576 1646 veteres
1619 1640 1621 1642 .

872 1654 1049 1688 tribuerunt.
1070 1670 1098 1687 v.
1118 1659 1171 1687 ins.
1191 1659 1228 1687 ad
1242 1658 1312 1687 AEn.
1326 1657 1403 1691 VII,
1418 1655 1577 1686 13.-1-14.

870 1699 928 1728 445
951 1699 997 1727 De
1011 1698 1168 1726 arboribus
1190 1696 1296 1725 rustici
1315 1695 1474 1725 conficiunt
1496 1697 1576 1722 rota-

870 1747 937 1765 rum
964 1736 1061 1765 radios
1090 1740 1121 1764 et
1145 1736 1347 1774 plaustrorum
1372 1738 1519 1772 tympana,
1546 1731 1578 1759 h.

869 1779 952 1803 rotas
966 1785 1005 1803 ex
1026 1774 1131 1803 solidis
1150 1773 1261 1802 tabulis
1279 1777 1458 1810 compactaS‚
1479 1775 1509 1800 et
1528 1779 1579 1798 na-

870 1814 953 1842 vium
981 1812 1222 1846 οαι·ιίι(ι.ς.-Ιιίιιι·,
1253 1821 1291 1840 ex
1318 1811 1379 1839 illis
1408 1810 1578 1842 arboribus,

872 1862 911 1880 ex
927 1852 985 1880 illis
1002 1852 1122 1885 fetibus,
1143 1861 1173 1879 v.
1192 1851 1261 1879 412.
1281 1850 1362 1879 Add.
1383 1849 1450 1882 III,
1470 1849 1578 1877 308.—

872 1891 988 1924 trivere,
1010 1891 1038 1919 h.
1066 1895 1161 1918 terere
1192 1889 1298 1923 solent,
1324 1888 1490 1920 atterendo,
1518 1890 1579 1914 tor-

873 1930 969 1958 nando
980 1929 1124 1957 conficere
1138 1938 1145 1963 ;
1161 1932 1250 1957 terere
1262 1937 1317 1965 pro
1329 1931 1445 1955 tornare
1457 1925 1579 1954 dicitur.

874 1977 1040 2005 -120sztere,
1061 1968 1185 2001 faciunt,
1207 1976 1245 1995 ex
1264 1969 1364 1994 τιθέναι
1388 1974 1443 2002 pro
1463 1966 1580 1998 ποιῆσα-

875 2011 950 2039 σθιιι,
972 2011 1004 2035 ut
1019 2006 1189 2034 sexcenties
1203 2005 1282 2042 apud
1306 2003 1483 2032 Homerum.
1521 2003 1581 2030 446

864 2045 1022 2082 frondibus
1042 2043 1123 2072 ulmi.
1157 2043 1263 2072 Ulmus
1276 2041 1412 2079 frondem
1426 2040 1580 2079 jucundio-

876 2094 936 2112 rem
964 2083 1053 2111 bubus
1074 2082 1196 2119 prcebet,
1222 2085 1279 2109 etc.
1303 2089 1331 2108 v.
1352 2079 1470 2108 Colum.
1490 2078 1530 2110 V,
1549 2079 1580 2111 6,

876 2123 905 2150 3.
943 2123 1001 2150 447
1029 2124 1139 2159 myrtus
1165 2120 1205 2148 cf.
1234 2119 1303 2147 AEn.
1332 2117 1398 2152 III,
1425 2118 1475 2146 23.
1502 2117 1582 2149 Vll,

876 2162 944 2189 817.
984 2160 1057 2188 bona
1083 2157 1153 2186 bello
1178 2167 1292 2191 cornus,
1320 2156 1350 2184 h.
1377 2155 1487 2190 armis·,
1514 2155 1582 2184 scil.

879 2198 1008 2237 sagittis,
1030 2197 1152 2234 jaculis,
1179 2195 1292 2224 hastis:
1321 2198 1382 2223 tota
1402 2195 1479 2223 enim
1501 2204 1583 2222 ossea

878 2242 925 2266 est
950 2237 1042 2266 Plinii
1068 2236 1159 2264 verbo
1186 2234 1281 2268 XVI,
1314 2234 1353 2262 38
1382 2243 1407 2261 5.
1434 2233 1484 2261 73.
1523 2233 1583 2261 448

877 2275 1000 2310 fluraea,
1021 2274 1100 2303 ultra
1112 2273 1284 2307 Jordanem,
1302 2272 1352 2300 vel
1362 2272 1442 2306 inde,
1455 2271 1536 2310 quod
1547 2280 1582 2299 ea

879 2313 1013 2352 Philippi
1030 2312 1187 2341 tetrarchia
1208 2312 1287 2349 apud
1310 2311 1422 2340 Lucam
1444 2314 1475 2339 et
1494 2310 1582 2340 Jose-

878 2353 973 2391 phum
1002 2352 1096 2380 fuisse
1124 2354 1315 2383 memoratur,
1344 2352 1423 2377 nota.
1463 2347 1580 2377 Incole-

879 2392 951 2419 bant
974 2400 1038 2419 eam
1062 2389 1176 2418 Arabes
1198 2387 1363 2416 latrociniis
1385 2386 1523 2421 infames,
1552 2390 1584 2414 et

881 2429 1040 2466 sagittandi
1055 2432 1117 2456 arte
1131 2427 1204 2455 clari
1216 2435 1224 2460 3
1243 2426 1283 2454 cf.
1300 2426 1414 2455 Lucan.
1426 2425 1501 2454 VII.
1514 2426 1583 2453 230.

879 2466 956 2496 514:
978 2467 1076 2495 Cicer.
1098 2465 1230 2503 Philipp.
1250 2464 1297 2497 ΙΙ,
1318 2466 1338 2494 8
1357 2468 1388 2493 et
1406 2465 1455 2492 44.
1472 2474 1501 2494 v.
1514 2463 1581 2492 Cel-

879 2507 934 2535 lar.
965 2506 1078 2541 Geogr.
1107 2509 1166 2532 ant.
1195 2503 1231 2531 T.
1263 2503 1311 2537 II,
1345 2512 1376 2540 p.
1409 2503 1478 2531 5:29.
1516 2501 1582 2530 hino

880 2542 1145 2584 praestantissimos
1164 2551 1250 2570 arcus
1267 2542 1358 2579 poeta
1376 2541 1412 2569 ab
1432 2541 1469 2570 iis
1483 2539 1581 2575 desig-

877 2589 939 2613 nat.
978 2584 994 2611 -1
1004 2583 1036 2610 19
1058 2581 1120 2610 Nec
1134 2584 1224 2608 nont.
1245 2580 1335 2609 etiam
1349 2579 1412 2607 tilia
1432 2583 1462 2608 et
1482 2579 1582 2619 buxus

880 2622 990 2652 tornai-i
1010 2624 1037 2650 el
1061 2619 1154 2656 scalpi
1173 2618 1451 2656 possunt.——⁵⁴bu.x·um
1465 2617 1583 2644 doctius

882 2663 971 2700 pocta
996 2655 1084 2691 (lixit,
1106 2668 1141 2686 ea
1164 2657 1268 2689 forma.
1290 2662 1324 2686 ut
1346 2656 1447 2685 malus.
1469 2652 1582 2695 malum.

883 2702 937 2729 451
961 2698 1056 2727 Alnus
1070 2695 1195 2734 navigiis
1218 2696 1300 2725 utilis
1318 2699 1374 2723 est.
1414 2693 1490 2722 Padi
1508 2701 1583 2730 πψτη.
