1796 3077
290 216 352 258 43
728 209 771 245 P.
802 205 1034 245 VIRGILII
1070 205 1318 244 MARONIS

287 347 354 371 nos
373 329 594 384 perveniret,
624 329 687 379 qui
708 341 838 365 versus
860 327 1129 365 Macedonicos
1151 327 1243 365 fines
1270 340 1346 365 non
1374 328 1485 377 longe
1515 341 1535 365 a
1564 326 1733 377 Dyrrha.

286 387 370 424 chio
389 386 496 424 sedes
514 384 689 420 habuere.
750 381 810 417 Ad
829 389 998 418 extrema
1017 381 1115 418 enim
1138 381 1249 431 hujus
1268 382 1365 424 anni,
1396 395 1470 431 quo
1496 380 1617 418 Pollio
1646 392 1734 416 con·-

287 440 450 477 sulatum
466 436 592 487 gessit,
617 434 812 471 referenda
828 447 909 470 esse
925 447 983 470 res
1004 433 1175 477 videtur3
1207 447 1294 471 nam
1312 435 1482 483 sequenti
1502 447 1598 471 anno
1619 432 1741 470 VIII.-

288 492 373 529 Kal.
416 491 516 528 Nov.
557 487 786 537 triumphum
823 487 870 523 de
906 486 1095 523 Parthinis
1131 486 1262 523 habuit
1298 486 1466 524 Asinius.
1511 486 1565 523 H.
1623 485 1735 523 Ruaei

285 545 498 595 opinionem
518 541 595 579 vid.
626 541 662 577 in
684 540 772 576 Vita
792 539 899 588 Virg.
922 552 955 576 a.
976 539 1437 577 714.-——Commem0ratio
1455 541 1597 590 lyncum
1615 552 1651 576 v.
1683 542 1734 582 3.,

285 612 378 647 quas
397 599 434 634 in
457 595 562 633 [talia
582 606 765 642 nusquam
785 593 902 628 fuisse
923 601 1079 629 testatur
1100 593 1243 629 Plinius
1264 596 1326 636 28,
1357 597 1407 638 8,,
1437 606 1523 629 cum
1543 606 1614 629 usu
1633 591 1734 628 tibiae

286 655 348 688 321.
379 663 490 699 quam
516 647 729 698 pastoribus
760 644 901 681 Italicis
931 654 1149 694 usurpatam
1179 659 1260 682 esse
1289 654 1439 694 negant,
1470 646 1569 690 fecit,
1608 653 1649 682 ut
1679 644 1733 682 H.

285 704 443 741 Vossius
464 715 541 738 rem
562 701 598 736 in
618 709 716 736 terra
735 698 933 748 peregrina
951 698 1012 746 agi
1027 697 1267 747 judicaverit.
1318 698 1413 735 Eam
1433 707 1559 736 autem
1578 698 1615 734 in
1629 697 1734 747 jugis

283 757 394 794 Pindi
414 753 671 792 collocandam
691 765 783 795 esse,
815 751 912 787 idem
934 758 970 787 et
990 764 1038 787 ex
1057 758 1138 787 ortu
1161 751 1289 788 OEtaeo
1308 751 1471 801 Hesperi
1492 765 1527 788 v.
1555 755 1617 796 30,
1647 764 1733 801 quae

283 812 396 847 verba
414 806 564 858 proprie
583 806 630 843 ab
650 805 714 841 illo
734 804 978 853 accipiuntur,
1009 811 1047 840 et
1067 817 1113 840 ex.
1133 804 1266 842 ritibus
1286 805 1454 854 magicis,
1484 805 1623 854 quippe
1650 804 1732 853 qui-

281 863 352 900 bus
371 860 566 899 Thessalia
585 859 738 901 famosa,
769 856 939 907 conjecit.
980 856 1033 892 W.

620 971 867 1015 DAMON.
917 972 1393 1015 ALPHESIBOEUS.

281 1090 501 1131 Pastorum
523 1088 690 1129 Musam
709 1087 911 1127 Damonis
933 1094 974 1127 et
995 1086 1274 1141 Alphesiboei.

282 1147 502 1187 Immemor
522 1145 749 1186 herbarum
772 1159 877 1197 quos
898 1151 960 1183 est
981 1144 1127 1184 miratu
1142 1145 1322 1198 juvenca

281 1204 513 1251 Cen-tames,
546 1217 722 1256 quorum
746 1200 992 1254 stupefactae
1014 1203 1193 1242 carmine
1216 1202 1369 1256 lynces,

280 1259 340 1301 Et
359 1266 517 1301 mutata
535 1274 631 1299 suos
652 1258 893 1311 requierunt
914 1256 1083 1297 flumina
1105 1273 1250 1299 cursus
1267 1277 1275 1302 ;

280 1316 483 1357 Damonis
499 1315 666 1355 Musam
688 1315 873 1355 dicemus
893 1320 934 1354 et
954 1312 1232 1367 Alphesiboei.

279 1373 348 1414 Tu
369 1373 480 1421 mihi,
513 1387 587 1412 seu
607 1372 746 1425 magni
766 1385 938 1424 superas
954 1371 1042 1423 jam
1063 1386 1163 1411 saxa
1183 1372 1359 1413 Timavi.

279 1429 375 1471 Sive
397 1444 511 1470 oram
534 1428 685 1481 Illyrici
705 1427 807 1482 legis
830 1427 1008 1481 aequoris
1025 1442 1158 1477 3—en,
1191 1429 1268 1469 erit
1289 1443 1471 1483 unquam

278 1485 352 1527 Ille
372 1487 475 1534 dies,
505 1484 604 1526 mihi
624 1499 751 1538 quum
772 1484 892 1525 liceat
913 1490 985 1524 tua
1006 1483 1146 1526 dicere
1167 1484 1306 1526 facta?

1703 1315 1729 1354 U!

1019 1596 1067 1621 tus
1088 1593 1124 1621 ab
1144 1593 1324 1622 invocatione
1344 1593 1482 1622 deorum:
1507 1602 1680 1630 quocunque
1700 1592 1727 1620 in

315 1594 389 1622 1—-1
414 1594 524 1622 Cantus
547 1591 748 1631 pra‘stantiam
772 1592 813 1620 ita
833 1592 981 1620 declarant

1018 1630 1082 1659 loco
1111 1636 1144 1660 tu
1171 1633 1308 1661 versaris.
1337 1642 1366 1659 v.
1395 1643 1420 1660 o.
1450 1632 1574 1660 Theocr.
1605 1631 1631 1665 Ι,
1662 1631 1728 1659 123.

276 1633 383 1670 poe‘ttP,
406 1636 437 1660 ut
452 1632 591 1670 pecudes,
612 1632 698 1665 feras,
720 1631 875 1659 inanimata
892 1630 979 1659 etiam

276 1671 326 1699 illo
341 1670 451 1699 moveri
464 1674 494 1699 et
508 1670 649 1699 delectari
665 1670 770 1697 dicant.
793 1669 837 1703 X,
859 1670 887 1697 8.
910 1668 979 1698 Cal-

276 1719 360 1747 purn.
376 1709 422 1742 ΙΙ,
438 1709 482 1737 10.
504 1709 596 1745 (imm.
617 1707 695 1736 herb.
717 1708 793 1735 Hor.
810 1708 868 1736 Od.
886 1707 914 1740 I,
931 1709 977 1740 15,

274 1749 322 1778 30.
341 1746 482 1785 qraminis
499 1747 657 1774 immemor.
683 1745 757 1779 W.).
780 1745 916 1773 Flumina
933 1756 978 1774 re-

273 1787 409 1825 quierunt
433 1789 542 1814 mutata
563 1793 779 1817 snos—cursus,
807 1793 904 1825 graece
926 1793 980 1820 pro

275 1828 387 1852 mutato
406 1834 459 1852 suo
477 1833 584 1857 cursu3
610 1832 786 1860 quamquam
806 1831 981 1859 reqnzascere

274 1872 342 1891 cum
357 1871 428 1890 casu
444 1865 548 1899 quarto
562 1870 762 1898 nonnunquam
773 1860 857 1897 jungi
876 1859 981 1887 docent

274 1899 460 1938 interprete5‚
482 1904 515 1928 ut
530 1899 558 1927 in
578 1899 639 1927 Cir.
661 1900 727 1927 233.
743 1897 864 1934 flumina
883 1897 979 1936 requi-

273 1942 370 1967 escunt
390 1948 501 1966 cursus.
542 1937 682 1975 Calpurn.
704 1936 768 1966 Ecl.
796 1936 841 1970 11,
870 1937 914 1964 15.
940 1935 981 1964 ita

273 1977 437 2015 expressit:
468 1976 507 2004 Et
518 1979 631 2004 tenuere
642 1985 708 2004 suos
718 1973 907 2013 properantia
919 1974 979 2011 flu-

273 2016 352 2044 mina
367 2014 632 2053 cursns.——Lynctts
646 2023 714 2042 vero
730 2014 757 2042 in
775 2014 824 2042 tali
841 2013 979 2047 carmine,

273 2055 352 2091 qnod
376 2054 412 2082 ad
433 2053 562 2082 Siciliam
580 2052 719 2091 pertinet,
745 2052 818 2081 nolis
834 2061 899 2080 esse
916 2061 976 2080 me-

273 2096 411 2121 moratas.

309 2132 405 2160 6—123
426 2129 564 2163 Pollioni,
586 2139 602 2158 a
616 2139 673 2167 quo
683 2130 786 2166 jussus
799 2132 861 2157 erat
879 2139 908 2156 v.
930 2129 977 2157 11.

272 2179 387 2198 carmen
410 2168 579 2197 bucolicum
602 2168 726 2196 condere
747 2168 881 2205 eclogam
903 2167 977 2195 hane

271 2207 404 2236 inscribit
429 2207 525 2239 Maro,
557 2206 698 2244 pollicens
727 2215 841 2234 carmen
872 2206 978 2242 majus,

270 2255 329 2283 quo
345 2247 408 2283 ejus
423 2245 525 2273 laudes
538 2244 780 2283 comprehendam
802 2254 869 2282 quae
880 2243 976 2281 dupli-

272 2284 316 2312 cis
332 2283 445 2321 generis
464 2287 540 2316 sunt,
562 2287 591 2311 et
611 2293 707 2312 rerum
730 2287 878 2321 gestarum
899 2292 928 2310 v.
948 2285 976 2310 δ.

271 2326 302 2351 et
315 2331 436 2365 operum
451 2321 635 2359 poeticorum
650 2331 678 2349 v.
693 2322 723 2349 9.
744 2322 787 2349 10.
821 2320 974 2358 Inceptum

272 2364 430 2389 orationem
436 2360 555 2394 deserit,
565 2360 751 2398 interponens
759 2362 899 2387 ἐνθουσιῶν
907 2358 956 2388 illa
965 2369 972 2387 ι

269 2408 305 2427 en
337 2398 393 2426 erit
424 2397 639 2436 unquam—tibi
668 2397 786 2426 desinet.
832 2397 971 2436 Junges:

276 2437 319 2465 Τιι
331 2436 534 2474 milti—accipe
554 2436 692 2465 carmina.
712 2436 756 2465 H.
796 2436 972 2474 Interpunc-

270 2475 377 2504 tionem
390 2479 459 2513 post
473 2475 563 2503 verba
581 2475 625 2504 Τιι
637 2475 715 2510 miliat,
735 2474 853 2512 Heynio
864 2475 973 2512 impro-

272 2514 379 2546 batam.
402 2513 518 2547 retinui,
539 2524 605 2542 culn
621 2518 651 2542 et
666 2514 809 2542 sententia
821 2512 872 2541 illa
889 2514 978 2541 verba

270 2552 307 2581 ad
331 2552 425 2589 accipe
449 2551 550 2580 referri
574 2552 713 2589 postulet,
743 2556 773 2580 et
796 2551 976 2580 constructio

269 2590 363 2629 accipe
378 2589 446 2618 milti
460 2590 565 2618 Gracco
588 2599 643 2618 usu
662 2591 802 2619 firmetur.
824 2589 914 2617 Hom.
936 2589 974 2617 Il.

269 2634 299 2664 β,
325 2630 389 2658 186.
410 2632 506 2659 δέξατό
529 2630 552 2655 ol
575 2633 708 2662 σκῆπτρον
730 2628 835 2666 accepi!
856 2628 892 2656 ab
916 2627 974 2655 illo.

269 2668 345 2696 conf.
373 2667 560 2696 Hermannus
585 2666 614 2694 in
637 2668 800 2696 Comment.
828 2665 864 2694 de
889 2670 973 2694 metr.

272 2706 358 2734 Pind.
379 2716 445 2744 quac
465 2704 585 2733 collerit
625 2725 631 2732 .
652 2706 719 2734 273.
749 2705 792 2734 W.
835 2705 973 2733 Abundat

269 2755 305 2773 ex·
320 2754 399 2773 more
416 2743 494 2771 mihi.
554 2753 569 2771 n
586 2743 602 2772 il
618 2743 641 2771 is
661 2754 793 2771 sem—seu
808 2743 888 2772 color
902 2743 972 2771 duc-

1018 1670 1047 1697 4.
1072 1669 1217 1699 Timavus.
1258 1671 1294 1699 In
1320 1670 1481 1698 Carnorum
1507 1670 1624 1703 finibus,
1652 1669 1728 1698 inter

1019 1708 1184 1746 Aquileiam
1207 1713 1237 1737 et
1257 1709 1411 1745 Tergeste,
1438 1708 1488 1746 qui
1513 1712 1624 1736 tractus
1647 1711 1728 1737 totus

1020 1756 1127 1775 saxeus
1151 1752 1180 1775 et
1203 1747 1377 1786 scopulosus
1399 1750 1455 1780 est,
1476 1746 1555 1784 apud
1576 1746 1674 1774 vicum
1695 1746 1729 1775 S.

1020 1784 1150 1818 Joannis,
1171 1795 1226 1813 non
1238 1785 1323 1823 longe
1340 1795 1356 1813 a
1368 1785 1490 1814 castello
1509 1784 1728 1823 Duin0('1'yw-

1020 1822 1095 1859 ein),
1108 1823 1401 1860 complures—modo
1410 1823 1615 1861 septemmodo
1623 1833 1727 1852 novem

1020 1861 1437 1900 numerantur—ingentesque
1455 1862 1532 1889 inter
1545 1861 1662 1898 rupium
1677 1871 1727 1889 un-

1022 1901 1066 1926 tra
1090 1908 1232 1936 aquarum
1259 1899 1355 1927 fontes
1380 1899 1547 1936 prosiliunt,
1580 1899 1628 1936 qui
1658 1905 1727 1936 post

1021 1937 1141 1965 brevem
1166 1946 1286 1966 cursum
1309 1937 1337 1964 iu
1364 1947 1451 1965 unum
1475 1937 1582 1965 flumen
1607 1938 1725 1972 coeunt,

1019 1975 1108 2012 quod,
1130 1975 1181 2003 vix
1207 1975 1286 2003 mille
1308 1985 1450 2013 passuum
1477 1975 1554 2004 viam
1575 1984 1725 2004 emensum

1018 2012 1110 2041 latum
1137 2013 1287 2052 altumque
1314 2023 1370 2041 uno
1397 2014 1473 2042 ostio
1497 2012 1525 2041 in
1548 2023 1627 2042 mare
1651 2014 1728 2042 exit.

1018 2051 1098 2080 Hinc
1115 2061 1235 2090 maynus
1257 2051 1399 2080 Timavus.
1440 2051 1499 2080 Vid
1520 2051 1587 2080 AEn.
1610 2052 1637 2080 Ι.
1656 2053 1725 2081 244.

1018 2094 1047 2118 et
1072 2091 1107 2119 ad
1132 2099 1199 2118 eum
1222 2090 1318 2119 locum
1346 2091 1477 2118 Excurs.
1504 2090 1581 2119 VII.
1608 2100 1638 2127 p.
1668 2091 1723 2121 157

1017 2138 1083 2166 sqq.
1109 2138 1229 2166 superas
1254 2128 1282 2156 h.
1309 2140 1334 2158 e.
1360 2128 1550 2161 transcendis,
1577 2128 1631 2158 Ge.
1658 2129 1723 2162 111.

1016 2169 1085 2195 270.
1126 2167 1160 2195 In
1175 2167 1285 2195 bellum
1300 2167 1435 2195 Asinium
1450 2167 1492 2195 ire
1507 2167 1536 2194 in
1551 2172 1724 2204 argumento

1017 2209 1158 2234 notatum.
1180 2206 1247 2243 (Ex
1263 2205 1362 2240 Ruaei,
1384 2204 1546 2234 Pollionem
1557 2204 1652 2234 redire
1664 2209 1723 2234 sta-

1016 2245 1134 2277 tuentis,
1155 2243 1403 2281 interpretatione,
1424 2254 1511 2281 quam
1534 2243 1576 2272 H.
1598 2243 1724 2273 Vossius

1018 2282 1164 2320 sequitur,
1183 2292 1303 2320 superas
1314 2282 1461 2321 signifieat
1471 2282 1633 2321 navigando
1644 2292 1721 2320 prae-

1015 2320 1176 2349 terveheris
1192 2320 1329 2357 Istriam3
1351 2321 1388 2349 cf.
1410 2321 1478 2349 sEn.
1500 2321 1528 2355 I,
1546 2321 1615 2350 244.
1645 2321 1722 2350 Tum

1014 2359 1105 2387 verba
1123 2368 1205 2387 oram
1227 2358 1297 2396 quis
1317 2363 1417 2387 notant
1436 2369 1488 2388 seu
1506 2359 1622 2398 longius
1640 2360 1722 2388 abes.

1013 2397 1090 2426 Nam
1104 2407 1121 2425 a
1136 2397 1286 2426 Parthinis
1298 2398 1431 2427 redeunti
1446 2397 1573 2441 primum
1586 2407 1637 2426 ora
1647 2397 1720 2435 Illy-

1014 2436 1075 2469 rici,
1097 2435 1201 2464 deinde
1218 2436 1329 2469 Istriae,
1351 2436 1401 2464 ubi
1422 2437 1573 2470 Timavus,
1598 2435 1721 2474 legenda

1012 2474 1087 2509 fuit3
1108 2474 1145 2502 cf.
1167 2474 1271 2503 Claud.
1300 2475 1375 2503 VII.
1401 2476 1466 2504 119.
1495 2474 1564 2503 AEn.
1592 2474 1619 2506 Ι,
1651 2474 1719 2503 243.

1016 2513 1083 2540 244.
1116 2511 1180 2549 W.)
1208 2513 1316 2541 Verbis
1346 2523 1427 2542 oram
1457 2512 1527 2550 Ieyis
1557 2512 1719 2541 seeundum

1016 2550 1086 2579 litus
1100 2550 1312 2588 navigationem
1332 2561 1398 2580 esse
1415 2552 1521 2580 factam
1542 2551 1719 2585 ostenditur,

1016 2599 1109 2626 neque
1131 2588 1216 2617 aliter
1244 2600 1281 2618 ex
1310 2590 1394 2619 Ionio
1418 2589 1489 2617 mari
1516 2588 1545 2616 in
1576 2588 1719 2617 interiora

1015 2628 1116 2655 Adria*
1138 2627 1351 2666 navigationem
1368 2627 1482 2656 institui
1497 2637 1595 2664 posse,
1617 2627 1719 2656 docuit

1013 2666 1116 2694 VVood
1132 2666 1200 2694 Ess.
1222 2676 1251 2703 p.
1272 2669 1309 2695 54
1325 2677 1358 2704 sq
1383 2687 1390 2694 .
1411 2666 1448 2694 cf.
1472 2665 1539 2694 AEn.
1560 2665 1588 2699 I,
1610 2665 1717 2694 244.—

1012 2705 1029 2732 7
1051 2714 1094 2738 en,
1111 2704 1166 2732 erit
1188 2715 1323 2743 unquam.
1345 2676 1382 2733 cil.
1404 2705 1439 2732 ad
1454 2703 1520 2732 Ecl.
1542 2703 1569 2737 I,
1593 2702 1718 2732 58.-10

1012 2742 1083 2771 Sola
1098 2742 1455 2781 Snpf10ele0--1ragoedias
1474 2746 1551 2776 tuas,
1573 2741 1718 2780 Sophocle
