<?xml version="1.0" encoding="UTF-8"?>
<!DOCTYPE html PUBLIC "-//W3C//DTD XHTML 1.0 Transitional//EN"
    "http://www.w3.org/TR/xhtml1/DTD/xhtml1-transitional.dtd">
<html xmlns="http://www.w3.org/1999/xhtml" xml:lang="en" lang="en">
 <head>
  <title>
</title>
<meta http-equiv="Content-Type" content="text/html;charset=utf-8" />
  <meta name='ocr-system' content='tesseract 3.04.00' />
  <meta name='ocr-capabilities' content='ocr_page ocr_carea ocr_par ocr_line ocrx_word'/>
</head>
<body>
  <div class='ocr_page' id='page_1' title='image "./operahey00virguoft_0277.png"; bbox 0 0 1796 3077; ppageno 0'>
   <div class='ocr_carea' id='block_1_1' title="bbox 667 214 937 255">
    <p class='ocr_par' dir='ltr' id='par_1_1' title="bbox 667 214 937 255">
     <span class='ocr_line' id='line_1_1' title="bbox 667 214 937 255; baseline 0.007 -3"><span class='ocrx_word' id='word_1_1' title='bbox 667 214 937 255; x_wconf 86' lang='lat' dir='ltr'>AENEIDOS.</span> 
     </span>
    </p>
   </div>
   <div class='ocr_carea' id='block_1_2' title="bbox 995 217 1651 271">
    <p class='ocr_par' dir='ltr' id='par_1_2' title="bbox 995 217 1651 271">
     <span class='ocr_line' id='line_1_2' title="bbox 995 217 1651 271; baseline 0.002 -17"><span class='ocrx_word' id='word_1_2' title='bbox 995 217 1097 254; x_wconf 74' lang='lat' dir='ltr'>LIB-</span> <span class='ocrx_word' id='word_1_3' title='bbox 1127 217 1178 255; x_wconf 94' lang='grc' dir='ltr'>ΙΙ.</span> <span class='ocrx_word' id='word_1_4' title='bbox 1557 228 1651 271; x_wconf 74' lang='lat'>209</span> 
     </span>
    </p>
   </div>
   <div class='ocr_carea' id='block_1_3' title="bbox 195 333 1298 449">
    <p class='ocr_par' dir='ltr' id='par_1_3' title="bbox 195 333 1298 449">
     <span class='ocr_line' id='line_1_3' title="bbox 197 333 1247 392; baseline 0.003 -16"><span class='ocrx_word' id='word_1_5' title='bbox 197 333 411 390; x_wconf 86' lang='lat' dir='ltr'><strong>Raptatus</strong></span> <span class='ocrx_word' id='word_1_6' title='bbox 432 336 541 391; x_wconf 82' lang='lat' dir='ltr'>bigis</span> <span class='ocrx_word' id='word_1_7' title='bbox 562 343 609 378; x_wconf 88' lang='lat' dir='ltr'>ut</span> <span class='ocrx_word' id='word_1_8' title='bbox 627 337 853 391; x_wconf 86' lang='lat' dir='ltr'>quondam,</span> <span class='ocrx_word' id='word_1_9' title='bbox 875 345 1050 392; x_wconf 88' lang='lat' dir='ltr'>aterque</span> <span class='ocrx_word' id='word_1_10' title='bbox 1072 345 1247 380; x_wconf 89' lang='lat' dir='ltr'>cruento</span> 
     </span>
     <span class='ocr_line' id='line_1_4' title="bbox 195 391 1298 449; baseline 0.004 -16"><span class='ocrx_word' id='word_1_11' title='bbox 195 391 391 441; x_wconf 88' lang='lat' dir='ltr'>Pulvere,</span> <span class='ocrx_word' id='word_1_12' title='bbox 412 408 571 449; x_wconf 84' lang='lat' dir='ltr'>perque</span> <span class='ocrx_word' id='word_1_13' title='bbox 592 394 723 449; x_wconf 90' lang='lat' dir='ltr'>pedes</span> <span class='ocrx_word' id='word_1_14' title='bbox 744 395 945 449; x_wconf 86' lang='lat' dir='ltr'>trajectus</span> <span class='ocrx_word' id='word_1_15' title='bbox 965 395 1055 436; x_wconf 88' lang='lat' dir='ltr'>lora</span> <span class='ocrx_word' id='word_1_16' title='bbox 1075 402 1298 437; x_wconf 84' lang='lat' dir='ltr'><strong>tumentes.</strong></span> 
     </span>
    </p>
   </div>
   <div class='ocr_carea' id='block_1_4' title="bbox 143 448 1653 562">
    <p class='ocr_par' dir='ltr' id='par_1_4' title="bbox 143 448 1653 562">
     <span class='ocr_line' id='line_1_5' title="bbox 143 448 1309 506; baseline 0.003 -16"><span class='ocrx_word' id='word_1_17' title='bbox 143 503 147 506; x_wconf 16' lang='grc' dir='ltr'><strong><em>Δ</em></strong></span> <span class='ocrx_word' id='word_1_18' title='bbox 196 448 283 490; x_wconf 89' lang='lat' dir='ltr'>Hei</span> <span class='ocrx_word' id='word_1_19' title='bbox 301 450 416 500; x_wconf 87' lang='lat' dir='ltr'>mihi,</span> <span class='ocrx_word' id='word_1_20' title='bbox 439 451 573 506; x_wconf 89' lang='lat' dir='ltr'>qualis</span> <span class='ocrx_word' id='word_1_21' title='bbox 594 453 704 492; x_wconf 84' lang='lat' dir='ltr'>erat!</span> <span class='ocrx_word' id='word_1_22' title='bbox 737 460 941 505; x_wconf 89' lang='lat' dir='ltr'>quantum</span> <span class='ocrx_word' id='word_1_23' title='bbox 961 460 1145 493; x_wconf 89' lang='lat' dir='ltr'>mutatus</span> <span class='ocrx_word' id='word_1_24' title='bbox 1166 454 1219 494; x_wconf 87' lang='lat' dir='ltr'>ab</span> <span class='ocrx_word' id='word_1_25' title='bbox 1239 452 1309 494; x_wconf 87' lang='lat' dir='ltr'>illo</span> 
     </span>
     <span class='ocr_line' id='line_1_6' title="bbox 180 505 1653 562; baseline 0.005 -16"><span class='ocrx_word' id='word_1_26' title='bbox 180 505 400 557; x_wconf 60' lang='lat' dir='ltr'>*Hectore,</span> <span class='ocrx_word' id='word_1_27' title='bbox 422 509 495 562; x_wconf 89' lang='lat' dir='ltr'>qui</span> <span class='ocrx_word' id='word_1_28' title='bbox 514 509 624 549; x_wconf 90' lang='lat' dir='ltr'>redit</span> <span class='ocrx_word' id='word_1_29' title='bbox 645 509 818 550; x_wconf 86' lang='lat' dir='ltr'>exuvias</span> <span class='ocrx_word' id='word_1_30' title='bbox 839 509 1012 550; x_wconf 88' lang='lat' dir='ltr'>indutus</span> <span class='ocrx_word' id='word_1_31' title='bbox 1033 509 1203 559; x_wconf 83' lang='lat' dir='ltr'>Achilli,</span> <span class='ocrx_word' id='word_1_32' title='bbox 1569 513 1653 554; x_wconf 76' lang='lat'>275</span> 
     </span>
    </p>
   </div>
   <div class='ocr_carea' id='block_1_5' title="bbox 192 562 1399 736">
    <p class='ocr_par' dir='ltr' id='par_1_5' title="bbox 192 562 1399 736">
     <span class='ocr_line' id='line_1_7' title="bbox 194 562 1348 621; baseline 0.003 -16"><span class='ocrx_word' id='word_1_33' title='bbox 194 562 279 605; x_wconf 83' lang='lat' dir='ltr'>Vel</span> <span class='ocrx_word' id='word_1_34' title='bbox 301 564 499 606; x_wconf 89' lang='lat' dir='ltr'>Danaum</span> <span class='ocrx_word' id='word_1_35' title='bbox 521 565 731 621; x_wconf 86' lang='lat' dir='ltr'>Phrygios</span> <span class='ocrx_word' id='word_1_36' title='bbox 745 565 957 621; x_wconf 86' lang='lat' dir='ltr'>jaculatus</span> <span class='ocrx_word' id='word_1_37' title='bbox 979 568 1195 621; x_wconf 88' lang='lat' dir='ltr'>puppibus</span> <span class='ocrx_word' id='word_1_38' title='bbox 1217 568 1348 621; x_wconf 84' lang='lat' dir='ltr'>ignes,</span> 
     </span>
     <span class='ocr_line' id='line_1_8' title="bbox 195 619 1376 678; baseline 0.003 -17"><span class='ocrx_word' id='word_1_39' title='bbox 195 619 469 675; x_wconf 88' lang='lat' dir='ltr'>Squalentem</span> <span class='ocrx_word' id='word_1_40' title='bbox 489 624 677 672; x_wconf 83' lang='lat' dir='ltr'>barbam,</span> <span class='ocrx_word' id='word_1_41' title='bbox 699 630 742 663; x_wconf 92' lang='lat' dir='ltr'>et</span> <span class='ocrx_word' id='word_1_42' title='bbox 762 630 982 665; x_wconf 85' lang='lat' dir='ltr'>concretos</span> <span class='ocrx_word' id='word_1_43' title='bbox 1004 624 1207 678; x_wconf 82' lang='lat' dir='ltr'>sanguine</span> <span class='ocrx_word' id='word_1_44' title='bbox 1228 625 1376 673; x_wconf 83' lang='lat' dir='ltr'>crines,</span> 
     </span>
     <span class='ocr_line' id='line_1_9' title="bbox 192 676 1399 736; baseline 0.002 -17"><span class='ocrx_word' id='word_1_45' title='bbox 192 676 469 734; x_wconf 81' lang='lat' dir='ltr'>Vulneraque</span> <span class='ocrx_word' id='word_1_46' title='bbox 489 679 558 720; x_wconf 88' lang='lat' dir='ltr'>illa</span> <span class='ocrx_word' id='word_1_47' title='bbox 577 695 741 736; x_wconf 86' lang='lat' dir='ltr'>gerens,</span> <span class='ocrx_word' id='word_1_48' title='bbox 764 695 859 734; x_wconf 83' lang='lat' dir='ltr'>quae</span> <span class='ocrx_word' id='word_1_49' title='bbox 880 681 1036 722; x_wconf 85' lang='lat' dir='ltr'>circum</span> <span class='ocrx_word' id='word_1_50' title='bbox 1056 681 1236 734; x_wconf 85' lang='lat' dir='ltr'>plurima</span> <span class='ocrx_word' id='word_1_51' title='bbox 1256 697 1399 723; x_wconf 79' lang='lat' dir='ltr'>muros</span> 
     </span>
    </p>
   </div>
   <div class='ocr_carea' id='block_1_6' title="bbox 194 733 580 792">
    <p class='ocr_par' dir='ltr' id='par_1_6' title="bbox 194 733 580 792">
     <span class='ocr_line' id='line_1_10' title="bbox 194 733 580 792; baseline 0.003 -16"><span class='ocrx_word' id='word_1_52' title='bbox 194 733 378 790; x_wconf 85' lang='lat' dir='ltr'>Accepit</span> <span class='ocrx_word' id='word_1_53' title='bbox 399 737 557 792; x_wconf 86' lang='lat' dir='ltr'>patrios</span> <span class='ocrx_word' id='word_1_54' title='bbox 572 739 580 778; x_wconf 78' lang='lat'><strong>1</strong></span> 
     </span>
    </p>
   </div>
   <div class='ocr_carea' id='block_1_7' title="bbox 143 736 1653 849">
    <p class='ocr_par' dir='ltr' id='par_1_7' title="bbox 143 736 1653 849">
     <span class='ocr_line' id='line_1_11' title="bbox 644 736 1198 792; baseline 0.002 -15"><span class='ocrx_word' id='word_1_55' title='bbox 644 736 768 777; x_wconf 84' lang='lat' dir='ltr'>Ultro</span> <span class='ocrx_word' id='word_1_56' title='bbox 789 737 893 778; x_wconf 87' lang='lat' dir='ltr'>flens</span> <span class='ocrx_word' id='word_1_57' title='bbox 910 738 1001 792; x_wconf 89' lang='lat' dir='ltr'>ipse</span> <span class='ocrx_word' id='word_1_58' title='bbox 1021 738 1198 779; x_wconf 86' lang='lat' dir='ltr'>videbar</span> 
     </span>
     <span class='ocr_line' id='line_1_12' title="bbox 143 792 1653 849; baseline 0.002 -16"><span class='ocrx_word' id='word_1_59' title='bbox 143 839 145 841; x_wconf 43' lang='grc'><strong>,</strong></span> <span class='ocrx_word' id='word_1_60' title='bbox 196 792 462 847; x_wconf 87' lang='lat' dir='ltr'>Compellare</span> <span class='ocrx_word' id='word_1_61' title='bbox 483 793 630 843; x_wconf 85' lang='lat' dir='ltr'>virum,</span> <span class='ocrx_word' id='word_1_62' title='bbox 647 800 690 834; x_wconf 90' lang='lat' dir='ltr'>et</span> <span class='ocrx_word' id='word_1_63' title='bbox 712 801 879 834; x_wconf 82' lang='lat' dir='ltr'>maestas</span> <span class='ocrx_word' id='word_1_64' title='bbox 901 809 1152 849; x_wconf 79' lang='lat' dir='ltr'>expromere</span> <span class='ocrx_word' id='word_1_65' title='bbox 1174 810 1296 836; x_wconf 85' lang='lat' dir='ltr'>voces</span> <span class='ocrx_word' id='word_1_66' title='bbox 1315 812 1323 835; x_wconf 91' lang='lat'><strong>:</strong></span> <span class='ocrx_word' id='word_1_67' title='bbox 1568 797 1653 836; x_wconf 68' lang='lat'>280</span> 
     </span>
    </p>
   </div>
   <div class='ocr_carea' id='block_1_8' title="bbox 191 848 1652 1702">
    <p class='ocr_par' dir='ltr' id='par_1_8' title="bbox 195 848 1239 904">
     <span class='ocr_line' id='line_1_13' title="bbox 195 848 1239 904; baseline 0.001 -14"><span class='ocrx_word' id='word_1_68' title='bbox 195 849 236 890; x_wconf 92' lang='lat' dir='ltr'>O</span> <span class='ocrx_word' id='word_1_69' title='bbox 256 848 330 890; x_wconf 85' lang='lat' dir='ltr'>lux</span> <span class='ocrx_word' id='word_1_70' title='bbox 351 850 595 899; x_wconf 83' lang='lat' dir='ltr'>Dardaniae,</span> <span class='ocrx_word' id='word_1_71' title='bbox 619 864 714 904; x_wconf 92' lang='lat' dir='ltr'>spes</span> <span class='ocrx_word' id='word_1_72' title='bbox 736 865 760 890; x_wconf 94' lang='lat' dir='ltr'>o</span> <span class='ocrx_word' id='word_1_73' title='bbox 787 850 990 891; x_wconf 83' lang='lat' dir='ltr'>fidissima</span> <span class='ocrx_word' id='word_1_74' title='bbox 1010 851 1239 900; x_wconf 85' lang='lat' dir='ltr'>Teucrum,</span> 
     </span>
    </p>

    <p class='ocr_par' dir='ltr' id='par_1_9' title="bbox 195 906 1383 1018">
     <span class='ocr_line' id='line_1_14' title="bbox 195 906 1383 961; baseline 0.002 -14"><span class='ocrx_word' id='word_1_75' title='bbox 195 906 306 952; x_wconf 84' lang='lat' dir='ltr'>Quae</span> <span class='ocrx_word' id='word_1_76' title='bbox 327 913 455 947; x_wconf 87' lang='lat' dir='ltr'>tantae</span> <span class='ocrx_word' id='word_1_77' title='bbox 478 913 651 948; x_wconf 87' lang='lat' dir='ltr'>tenuere</span> <span class='ocrx_word' id='word_1_78' title='bbox 672 909 831 947; x_wconf 70' lang='lat' dir='ltr'>morae?</span> <span class='ocrx_word' id='word_1_79' title='bbox 864 908 1017 961; x_wconf 89' lang='lat' dir='ltr'>quibus</span> <span class='ocrx_word' id='word_1_80' title='bbox 1040 907 1205 949; x_wconf 85' lang='lat' dir='ltr'>Hector</span> <span class='ocrx_word' id='word_1_81' title='bbox 1226 909 1280 949; x_wconf 88' lang='lat' dir='ltr'>ab</span> <span class='ocrx_word' id='word_1_82' title='bbox 1302 909 1383 949; x_wconf 80' lang='lat' dir='ltr'>oris</span> 
     </span>
     <span class='ocr_line' id='line_1_15' title="bbox 195 962 1227 1018; baseline 0.002 -15"><span class='ocrx_word' id='word_1_83' title='bbox 195 962 459 1018; x_wconf 80' lang='lat' dir='ltr'>Exspectate</span> <span class='ocrx_word' id='word_1_84' title='bbox 480 965 627 1005; x_wconf 75' lang='lat' dir='ltr'>venis?</span> <span class='ocrx_word' id='word_1_85' title='bbox 659 971 706 1004; x_wconf 87' lang='lat' dir='ltr'>ut</span> <span class='ocrx_word' id='word_1_86' title='bbox 726 971 768 1005; x_wconf 90' lang='lat' dir='ltr'>te</span> <span class='ocrx_word' id='word_1_87' title='bbox 789 972 886 1018; x_wconf 89' lang='lat' dir='ltr'>post</span> <span class='ocrx_word' id='word_1_88' title='bbox 906 963 1037 1005; x_wconf 88' lang='lat' dir='ltr'>multa</span> <span class='ocrx_word' id='word_1_89' title='bbox 1059 972 1227 1005; x_wconf 88' lang='lat' dir='ltr'>tuorum</span> 
     </span>
    </p>

    <p class='ocr_par' dir='ltr' id='par_1_10' title="bbox 192 1019 1377 1075">
     <span class='ocr_line' id='line_1_16' title="bbox 192 1019 1377 1075; baseline 0.002 -15"><span class='ocrx_word' id='word_1_90' title='bbox 192 1019 374 1070; x_wconf 83' lang='lat' dir='ltr'>Funera,</span> <span class='ocrx_word' id='word_1_91' title='bbox 394 1028 492 1075; x_wconf 91' lang='lat' dir='ltr'>post</span> <span class='ocrx_word' id='word_1_92' title='bbox 513 1021 648 1061; x_wconf 89' lang='lat' dir='ltr'>varios</span> <span class='ocrx_word' id='word_1_93' title='bbox 669 1021 967 1074; x_wconf 88' lang='lat' dir='ltr'>hominumque</span> <span class='ocrx_word' id='word_1_94' title='bbox 989 1022 1190 1075; x_wconf 73' lang='lat' dir='ltr'>urbisque</span> <span class='ocrx_word' id='word_1_95' title='bbox 1212 1021 1377 1062; x_wconf 77' lang='lat' dir='ltr'>labores</span> 
     </span>
    </p>

    <p class='ocr_par' dir='ltr' id='par_1_11' title="bbox 191 1077 1652 1176">
     <span class='ocr_line' id='line_1_17' title="bbox 196 1077 1652 1133; baseline 0.001 -15"><span class='ocrx_word' id='word_1_96' title='bbox 196 1077 369 1118; x_wconf 82' lang='lat' dir='ltr'>Defessi</span> <span class='ocrx_word' id='word_1_97' title='bbox 390 1078 639 1132; x_wconf 85' lang='lat' dir='ltr'>aspicimus!</span> <span class='ocrx_word' id='word_1_98' title='bbox 672 1093 768 1132; x_wconf 81' lang='lat' dir='ltr'>quae</span> <span class='ocrx_word' id='word_1_99' title='bbox 789 1092 937 1118; x_wconf 86' lang='lat' dir='ltr'>caussa</span> <span class='ocrx_word' id='word_1_100' title='bbox 956 1079 1130 1133; x_wconf 82' lang='lat' dir='ltr'>indigna</span> <span class='ocrx_word' id='word_1_101' title='bbox 1151 1094 1322 1119; x_wconf 86' lang='lat' dir='ltr'>serenos</span> <span class='ocrx_word' id='word_1_102' title='bbox 1569 1081 1652 1120; x_wconf 74' lang='lat'>285</span> 
     </span>
     <span class='ocr_line' id='line_1_18' title="bbox 191 1133 1254 1176; baseline 0.001 -1"><span class='ocrx_word' id='word_1_103' title='bbox 191 1133 387 1175; x_wconf 89' lang='lat' dir='ltr'>Foedavit</span> <span class='ocrx_word' id='word_1_104' title='bbox 407 1134 545 1175; x_wconf 92' lang='lat' dir='ltr'>vultus</span> <span class='ocrx_word' id='word_1_105' title='bbox 562 1137 578 1175; x_wconf 61' lang='grc' dir='ltr'><strong>ἒ</strong></span> <span class='ocrx_word' id='word_1_106' title='bbox 610 1142 683 1175; x_wconf 90' lang='lat' dir='ltr'>aut</span> <span class='ocrx_word' id='word_1_107' title='bbox 703 1149 778 1175; x_wconf 87' lang='lat' dir='ltr'>cur</span> <span class='ocrx_word' id='word_1_108' title='bbox 797 1134 889 1175; x_wconf 86' lang='lat' dir='ltr'>haec</span> <span class='ocrx_word' id='word_1_109' title='bbox 910 1134 1082 1175; x_wconf 84' lang='lat' dir='ltr'>vulnera</span> <span class='ocrx_word' id='word_1_110' title='bbox 1100 1137 1254 1176; x_wconf 70' lang='lat' dir='ltr'>cerno?</span> 
     </span>
    </p>

    <p class='ocr_par' dir='ltr' id='par_1_12' title="bbox 192 1191 1251 1245">
     <span class='ocr_line' id='line_1_19' title="bbox 192 1191 1251 1245; baseline 0.001 -14"><span class='ocrx_word' id='word_1_111' title='bbox 192 1191 270 1232; x_wconf 90' lang='lat' dir='ltr'>Ille</span> <span class='ocrx_word' id='word_1_112' title='bbox 289 1191 393 1232; x_wconf 91' lang='lat' dir='ltr'>nihil</span> <span class='ocrx_word' id='word_1_113' title='bbox 410 1208 419 1241; x_wconf 91' lang='lat'>;</span> <span class='ocrx_word' id='word_1_114' title='bbox 451 1206 528 1232; x_wconf 90' lang='lat' dir='ltr'>nec</span> <span class='ocrx_word' id='word_1_115' title='bbox 549 1206 615 1232; x_wconf 91' lang='lat' dir='ltr'>me</span> <span class='ocrx_word' id='word_1_116' title='bbox 635 1198 896 1245; x_wconf 77' lang='lat' dir='ltr'>quaerentem</span> <span class='ocrx_word' id='word_1_117' title='bbox 915 1206 1023 1232; x_wconf 85' lang='lat' dir='ltr'>vana</span> <span class='ocrx_word' id='word_1_118' title='bbox 1041 1199 1251 1241; x_wconf 61' lang='lat' dir='ltr'>moratum</span> 
     </span>
    </p>

    <p class='ocr_par' dir='ltr' id='par_1_13' title="bbox 195 1248 1262 1303">
     <span class='ocr_line' id='line_1_20' title="bbox 195 1248 1262 1303; baseline -0.001 -14"><span class='ocrx_word' id='word_1_119' title='bbox 195 1248 283 1300; x_wconf 81' lang='lat' dir='ltr'>Sed.</span> <span class='ocrx_word' id='word_1_120' title='bbox 303 1249 487 1302; x_wconf 82' lang='lat' dir='ltr'>graviter</span> <span class='ocrx_word' id='word_1_121' title='bbox 507 1249 687 1303; x_wconf 81' lang='lat' dir='ltr'>gemitus</span> <span class='ocrx_word' id='word_1_122' title='bbox 709 1248 792 1289; x_wconf 91' lang='lat' dir='ltr'>imo</span> <span class='ocrx_word' id='word_1_123' title='bbox 813 1248 867 1289; x_wconf 88' lang='lat' dir='ltr'>de</span> <span class='ocrx_word' id='word_1_124' title='bbox 888 1255 1062 1303; x_wconf 89' lang='lat' dir='ltr'>pectore</span> <span class='ocrx_word' id='word_1_125' title='bbox 1084 1249 1262 1290; x_wconf 88' lang='lat' dir='ltr'>ducens:</span> 
     </span>
    </p>

    <p class='ocr_par' dir='ltr' id='par_1_14' title="bbox 193 1304 1395 1360">
     <span class='ocr_line' id='line_1_21' title="bbox 193 1304 1395 1360; baseline 0.001 -15"><span class='ocrx_word' id='word_1_126' title='bbox 193 1304 321 1346; x_wconf 88' lang='lat' dir='ltr'>Heu!</span> <span class='ocrx_word' id='word_1_127' title='bbox 355 1304 470 1360; x_wconf 82' lang='lat' dir='ltr'>fuge,</span> <span class='ocrx_word' id='word_1_128' title='bbox 490 1313 586 1347; x_wconf 85' lang='lat' dir='ltr'>nate</span> <span class='ocrx_word' id='word_1_129' title='bbox 608 1305 702 1355; x_wconf 88' lang='lat' dir='ltr'>dea,</span> <span class='ocrx_word' id='word_1_130' title='bbox 723 1313 850 1359; x_wconf 87' lang='lat' dir='ltr'>teque</span> <span class='ocrx_word' id='word_1_131' title='bbox 870 1305 949 1354; x_wconf 90' lang='lat' dir='ltr'>his,</span> <span class='ocrx_word' id='word_1_132' title='bbox 971 1306 1043 1354; x_wconf 89' lang='lat' dir='ltr'>ait,</span> <span class='ocrx_word' id='word_1_133' title='bbox 1066 1307 1182 1360; x_wconf 87' lang='lat' dir='ltr'>eripe</span> <span class='ocrx_word' id='word_1_134' title='bbox 1203 1305 1395 1346; x_wconf 73' lang='lat' dir='ltr'>flammis.</span> 
     </span>
    </p>

    <p class='ocr_par' dir='ltr' id='par_1_15' title="bbox 196 1361 1650 1474">
     <span class='ocr_line' id='line_1_22' title="bbox 197 1361 1650 1416; baseline -0.001 -13"><span class='ocrx_word' id='word_1_135' title='bbox 197 1362 347 1404; x_wconf 92' lang='lat' dir='ltr'>Hostis</span> <span class='ocrx_word' id='word_1_136' title='bbox 361 1362 492 1403; x_wconf 90' lang='lat' dir='ltr'>habet</span> <span class='ocrx_word' id='word_1_137' title='bbox 512 1377 676 1411; x_wconf 85' lang='lat' dir='ltr'>muros;</span> <span class='ocrx_word' id='word_1_138' title='bbox 707 1362 790 1402; x_wconf 91' lang='lat' dir='ltr'>ruit</span> <span class='ocrx_word' id='word_1_139' title='bbox 811 1361 895 1403; x_wconf 91' lang='lat' dir='ltr'>alto</span> <span class='ocrx_word' id='word_1_140' title='bbox 916 1377 941 1403; x_wconf 89' lang='lat' dir='ltr'>a</span> <span class='ocrx_word' id='word_1_141' title='bbox 960 1362 1139 1403; x_wconf 90' lang='lat' dir='ltr'>culmine</span> <span class='ocrx_word' id='word_1_142' title='bbox 1161 1362 1308 1416; x_wconf 87' lang='lat' dir='ltr'>Troja.</span> <span class='ocrx_word' id='word_1_143' title='bbox 1566 1364 1650 1402; x_wconf 69' lang='lat'>9:90</span> 
     </span>
     <span class='ocr_line' id='line_1_23' title="bbox 196 1419 1409 1474; baseline 0.001 -15"><span class='ocrx_word' id='word_1_144' title='bbox 196 1419 274 1460; x_wconf 88' lang='lat' dir='ltr'>Sat</span> <span class='ocrx_word' id='word_1_145' title='bbox 294 1420 444 1473; x_wconf 87' lang='lat' dir='ltr'>patriae</span> <span class='ocrx_word' id='word_1_146' title='bbox 465 1419 718 1473; x_wconf 85' lang='lat' dir='ltr'>Priamoque</span> <span class='ocrx_word' id='word_1_147' title='bbox 740 1419 899 1459; x_wconf 88' lang='lat' dir='ltr'>datum.</span> <span class='ocrx_word' id='word_1_148' title='bbox 961 1420 1007 1459; x_wconf 75' lang='lat' dir='ltr'>Si</span> <span class='ocrx_word' id='word_1_149' title='bbox 1025 1419 1234 1474; x_wconf 83' lang='lat' dir='ltr'>Pergama</span> <span class='ocrx_word' id='word_1_150' title='bbox 1255 1419 1409 1461; x_wconf 80' lang='lat' dir='ltr'>dextra</span> 
     </span>
    </p>

    <p class='ocr_par' dir='ltr' id='par_1_16' title="bbox 193 1474 1247 1530">
     <span class='ocr_line' id='line_1_24' title="bbox 193 1474 1247 1530; baseline -0.001 -14"><span class='ocrx_word' id='word_1_151' title='bbox 193 1475 383 1517; x_wconf 86' lang='lat' dir='ltr'>Defendi</span> <span class='ocrx_word' id='word_1_152' title='bbox 404 1484 590 1530; x_wconf 86' lang='lat' dir='ltr'>possent,</span> <span class='ocrx_word' id='word_1_153' title='bbox 614 1477 739 1517; x_wconf 86' lang='lat' dir='ltr'>etiam</span> <span class='ocrx_word' id='word_1_154' title='bbox 759 1476 840 1516; x_wconf 71' lang='lat' dir='ltr'>hae</span> <span class='ocrx_word' id='word_1_155' title='bbox 863 1474 1037 1516; x_wconf 88' lang='lat' dir='ltr'>defensa</span> <span class='ocrx_word' id='word_1_156' title='bbox 1057 1476 1247 1517; x_wconf 82' lang='lat' dir='ltr'>fuissent.</span> 
     </span>
    </p>

    <p class='ocr_par' dir='ltr' id='par_1_17' title="bbox 197 1532 1289 1586">
     <span class='ocr_line' id='line_1_25' title="bbox 197 1532 1289 1586; baseline -0.001 -13"><span class='ocrx_word' id='word_1_157' title='bbox 197 1533 328 1574; x_wconf 87' lang='lat' dir='ltr'>Sacra</span> <span class='ocrx_word' id='word_1_158' title='bbox 349 1548 531 1586; x_wconf 89' lang='lat' dir='ltr'>suosque</span> <span class='ocrx_word' id='word_1_159' title='bbox 552 1534 629 1573; x_wconf 64' lang='lat' dir='ltr'>tibi</span> <span class='ocrx_word' id='word_1_160' title='bbox 650 1533 914 1573; x_wconf 88' lang='lat' dir='ltr'>commendat</span> <span class='ocrx_word' id='word_1_161' title='bbox 935 1532 1070 1586; x_wconf 88' lang='lat' dir='ltr'>Troja</span> <span class='ocrx_word' id='word_1_162' title='bbox 1087 1532 1289 1581; x_wconf 85' lang='lat' dir='ltr'>Penates3</span> 
     </span>
    </p>

    <p class='ocr_par' dir='ltr' id='par_1_18' title="bbox 196 1589 1265 1644">
     <span class='ocr_line' id='line_1_26' title="bbox 196 1589 1265 1644; baseline -0.002 -14"><span class='ocrx_word' id='word_1_163' title='bbox 196 1590 291 1630; x_wconf 91' lang='lat' dir='ltr'>Hos</span> <span class='ocrx_word' id='word_1_164' title='bbox 312 1604 416 1644; x_wconf 87' lang='lat' dir='ltr'>cape</span> <span class='ocrx_word' id='word_1_165' title='bbox 438 1591 622 1630; x_wconf 83' lang='lat' dir='ltr'>fatorum</span> <span class='ocrx_word' id='word_1_166' title='bbox 642 1590 828 1637; x_wconf 90' lang='lat' dir='ltr'>comites,</span> <span class='ocrx_word' id='word_1_167' title='bbox 850 1589 915 1628; x_wconf 90' lang='lat' dir='ltr'>his</span> <span class='ocrx_word' id='word_1_168' title='bbox 934 1590 1088 1629; x_wconf 89' lang='lat' dir='ltr'>moenia</span> <span class='ocrx_word' id='word_1_169' title='bbox 1109 1603 1265 1643; x_wconf 87' lang='lat' dir='ltr'>quaere,</span> 
     </span>
    </p>

    <p class='ocr_par' dir='ltr' id='par_1_19' title="bbox 196 1645 1651 1702">
     <span class='ocr_line' id='line_1_27' title="bbox 196 1645 1651 1702; baseline -0.001 -14"><span class='ocrx_word' id='word_1_170' title='bbox 196 1646 358 1701; x_wconf 82' lang='lat' dir='ltr'>Magna</span> <span class='ocrx_word' id='word_1_171' title='bbox 376 1654 594 1702; x_wconf 87' lang='lat' dir='ltr'>pererrato</span> <span class='ocrx_word' id='word_1_172' title='bbox 616 1653 776 1687; x_wconf 88' lang='lat' dir='ltr'>statues</span> <span class='ocrx_word' id='word_1_173' title='bbox 795 1661 890 1700; x_wconf 81' lang='lat' dir='ltr'>quae</span> <span class='ocrx_word' id='word_1_174' title='bbox 911 1646 1094 1700; x_wconf 86' lang='lat' dir='ltr'>denique</span> <span class='ocrx_word' id='word_1_175' title='bbox 1115 1653 1259 1701; x_wconf 85' lang='lat' dir='ltr'>ponto.</span> <span class='ocrx_word' id='word_1_176' title='bbox 1567 1645 1651 1686; x_wconf 71' lang='lat'>295</span> 
     </span>
    </p>
   </div>
   <div class='ocr_carea' id='block_1_9' title="bbox 192 1798 907 2758">
    <p class='ocr_par' dir='ltr' id='par_1_20' title="bbox 192 1798 907 2758">
     <span class='ocr_line' id='line_1_28' title="bbox 193 1798 902 1833; baseline 0.001 -6"><span class='ocrx_word' id='word_1_177' title='bbox 193 1801 293 1828; x_wconf 78' lang='lat' dir='ltr'>natus.</span> <span class='ocrx_word' id='word_1_178' title='bbox 305 1798 345 1828; x_wconf 88' lang='lat' dir='ltr'>cf.</span> <span class='ocrx_word' id='word_1_179' title='bbox 365 1810 470 1829; x_wconf 82' lang='lat' dir='ltr'>versus</span> <span class='ocrx_word' id='word_1_180' title='bbox 486 1799 666 1829; x_wconf 84' lang='lat' dir='ltr'>Homericos</span> <span class='ocrx_word' id='word_1_181' title='bbox 685 1799 775 1828; x_wconf 84' lang='lat' dir='ltr'>Iliad.</span> <span class='ocrx_word' id='word_1_182' title='bbox 791 1813 819 1833; x_wconf 86' lang='grc' dir='ltr'>χ,</span> <span class='ocrx_word' id='word_1_183' title='bbox 834 1800 902 1828; x_wconf 78' lang='grc'>401.</span> 
     </span>
     <span class='ocr_line' id='line_1_29' title="bbox 194 1838 903 1878; baseline 0 -12"><span class='ocrx_word' id='word_1_184' title='bbox 194 1847 263 1876; x_wconf 85' lang='lat' dir='ltr'>sqq.</span> <span class='ocrx_word' id='word_1_185' title='bbox 288 1842 447 1868; x_wconf 74' lang='lat' dir='ltr'>tumentes:</span> <span class='ocrx_word' id='word_1_186' title='bbox 481 1842 558 1878; x_wconf 75' lang='grc' dir='ltr'>οὶόᾷν</span> <span class='ocrx_word' id='word_1_187' title='bbox 585 1839 725 1868; x_wconf 85' lang='lat' dir='ltr'>similiter</span> <span class='ocrx_word' id='word_1_188' title='bbox 752 1839 782 1867; x_wconf 89' lang='lat' dir='ltr'>in</span> <span class='ocrx_word' id='word_1_189' title='bbox 804 1838 903 1867; x_wconf 85' lang='lat' dir='ltr'>sabula</span> 
     </span>
     <span class='ocr_line' id='line_1_30' title="bbox 196 1876 374 1915; baseline 0.006 -11"><span class='ocrx_word' id='word_1_190' title='bbox 196 1876 374 1915; x_wconf 85' lang='lat' dir='ltr'>OEdipodis.</span> 
     </span>
     <span class='ocr_line' id='line_1_31' title="bbox 232 1914 905 1945; baseline 0.001 -2"><span class='ocrx_word' id='word_1_191' title='bbox 232 1915 363 1944; x_wconf 85' lang='lat' dir='ltr'>Versum</span> <span class='ocrx_word' id='word_1_192' title='bbox 374 1915 444 1944; x_wconf 73' lang='lat'>274.</span> <span class='ocrx_word' id='word_1_193' title='bbox 472 1915 560 1945; x_wconf 81' lang='lat' dir='ltr'>Ennii</span> <span class='ocrx_word' id='word_1_194' title='bbox 575 1926 640 1944; x_wconf 87' lang='lat' dir='ltr'>esse</span> <span class='ocrx_word' id='word_1_195' title='bbox 655 1914 778 1944; x_wconf 86' lang='lat' dir='ltr'>Servius</span> <span class='ocrx_word' id='word_1_196' title='bbox 792 1915 905 1944; x_wconf 86' lang='lat' dir='ltr'>docuit.</span> 
     </span>
     <span class='ocr_line' id='line_1_32' title="bbox 213 1953 906 1992; baseline 0.001 -10"><span class='ocrx_word' id='word_1_197' title='bbox 213 1953 244 1982; x_wconf 84' lang='lat' dir='ltr'>ui</span> <span class='ocrx_word' id='word_1_198' title='bbox 264 1953 351 1990; x_wconf 82' lang='lat' dir='ltr'>redit,</span> <span class='ocrx_word' id='word_1_199' title='bbox 365 1964 419 1992; x_wconf 90' lang='lat' dir='ltr'>pro</span> <span class='ocrx_word' id='word_1_200' title='bbox 440 1954 537 1992; x_wconf 87' lang='lat' dir='ltr'>qualis</span> <span class='ocrx_word' id='word_1_201' title='bbox 551 1955 681 1987; x_wconf 84' lang='lat' dir='ltr'>redibat,</span> <span class='ocrx_word' id='word_1_202' title='bbox 699 1954 802 1992; x_wconf 88' lang='lat' dir='ltr'>paullo</span> <span class='ocrx_word' id='word_1_203' title='bbox 827 1954 906 1983; x_wconf 89' lang='lat' dir='ltr'>inso-</span> 
     </span>
     <span class='ocr_line' id='line_1_33' title="bbox 192 1964 905 2032; baseline 0 -11"><span class='ocrx_word' id='word_1_204' title='bbox 192 1964 303 2022; x_wconf 51' lang='lat' dir='ltr'>ientius</span> <span class='ocrx_word' id='word_1_205' title='bbox 318 2003 325 2030; x_wconf 80' lang='lat'>3</span> <span class='ocrx_word' id='word_1_206' title='bbox 346 1997 376 2022; x_wconf 88' lang='lat' dir='ltr'>et</span> <span class='ocrx_word' id='word_1_207' title='bbox 398 1993 450 2021; x_wconf 88' lang='lat' dir='ltr'>inf.</span> <span class='ocrx_word' id='word_1_208' title='bbox 464 1994 523 2022; x_wconf 78' lang='lat'>279</span> <span class='ocrx_word' id='word_1_209' title='bbox 534 1993 642 2032; x_wconf 73' lang='lat' dir='ltr'>accepit</span> <span class='ocrx_word' id='word_1_210' title='bbox 661 2003 716 2031; x_wconf 90' lang='lat' dir='ltr'>pro</span> <span class='ocrx_word' id='word_1_211' title='bbox 732 1998 886 2031; x_wconf 85' lang='lat' dir='ltr'>acceperat</span> <span class='ocrx_word' id='word_1_212' title='bbox 899 2004 905 2029; x_wconf 90' lang='grc'>;</span> 
     </span>
     <span class='ocr_line' id='line_1_34' title="bbox 195 2031 906 2069; baseline 0.001 -9"><span class='ocrx_word' id='word_1_213' title='bbox 195 2041 304 2069; x_wconf 85' lang='lat' dir='ltr'>graeca,</span> <span class='ocrx_word' id='word_1_214' title='bbox 317 2032 422 2061; x_wconf 89' lang='lat' dir='ltr'>saltem</span> <span class='ocrx_word' id='word_1_215' title='bbox 431 2031 605 2066; x_wconf 84' lang='lat' dir='ltr'>Homerica,</span> <span class='ocrx_word' id='word_1_216' title='bbox 615 2036 780 2061; x_wconf 77' lang='lat' dir='ltr'>structura.</span> <span class='ocrx_word' id='word_1_217' title='bbox 788 2032 906 2061; x_wconf 51' lang='lat' dir='ltr'>exuvias</span> 
     </span>
     <span class='ocr_line' id='line_1_35' title="bbox 196 2069 904 2105; baseline 0 -6"><span class='ocrx_word' id='word_1_218' title='bbox 196 2069 239 2098; x_wconf 83' lang='lat' dir='ltr'>A.</span> <span class='ocrx_word' id='word_1_219' title='bbox 253 2080 334 2099; x_wconf 80' lang='lat' dir='ltr'>arma</span> <span class='ocrx_word' id='word_1_220' title='bbox 347 2070 492 2105; x_wconf 84' lang='lat' dir='ltr'>Achillea,</span> <span class='ocrx_word' id='word_1_221' title='bbox 510 2071 650 2100; x_wconf 84' lang='lat' dir='ltr'>Patroclo</span> <span class='ocrx_word' id='word_1_222' title='bbox 668 2072 813 2100; x_wconf 81' lang='lat' dir='ltr'>detracta.</span> <span class='ocrx_word' id='word_1_223' title='bbox 829 2071 868 2099; x_wconf 90' lang='grc'>11.</span> <span class='ocrx_word' id='word_1_224' title='bbox 880 2085 904 2104; x_wconf 83' lang='grc' dir='ltr'>ρ,</span> 
     </span>
     <span class='ocr_line' id='line_1_36' title="bbox 196 2108 905 2148; baseline 0.001 -12"><span class='ocrx_word' id='word_1_225' title='bbox 196 2108 443 2138; x_wconf 74' lang='lat' dir='ltr'>194.—Dcmaum</span> <span class='ocrx_word' id='word_1_226' title='bbox 462 2110 618 2148; x_wconf 76' lang='lat' dir='ltr'>puppibus,</span> <span class='ocrx_word' id='word_1_227' title='bbox 643 2110 673 2138; x_wconf 88' lang='lat' dir='ltr'>in</span> <span class='ocrx_word' id='word_1_228' title='bbox 699 2120 792 2138; x_wconf 85' lang='lat' dir='ltr'>naves</span> <span class='ocrx_word' id='word_1_229' title='bbox 815 2110 905 2138; x_wconf 79' lang='lat' dir='ltr'>Achi-</span> 
     </span>
     <span class='ocr_line' id='line_1_37' title="bbox 196 2148 906 2187; baseline 0.004 -13"><span class='ocrx_word' id='word_1_230' title='bbox 196 2155 313 2176; x_wconf 86' lang='lat' dir='ltr'>vorum.</span> <span class='ocrx_word' id='word_1_231' title='bbox 353 2148 492 2186; x_wconf 84' lang='lat' dir='ltr'>Respicit</span> <span class='ocrx_word' id='word_1_232' title='bbox 509 2159 638 2187; x_wconf 84' lang='lat' dir='ltr'>pugnam</span> <span class='ocrx_word' id='word_1_233' title='bbox 656 2148 694 2177; x_wconf 85' lang='lat' dir='ltr'>ad</span> <span class='ocrx_word' id='word_1_234' title='bbox 714 2159 804 2177; x_wconf 78' lang='lat' dir='ltr'>naves</span> <span class='ocrx_word' id='word_1_235' title='bbox 820 2149 906 2177; x_wconf 84' lang='lat' dir='ltr'>Grae-</span> 
     </span>
     <span class='ocr_line' id='line_1_38' title="bbox 195 2186 906 2225; baseline 0.004 -13"><span class='ocrx_word' id='word_1_236' title='bbox 195 2194 300 2213; x_wconf 79' lang='lat' dir='ltr'>corum</span> <span class='ocrx_word' id='word_1_237' title='bbox 324 2186 362 2214; x_wconf 78' lang='lat' dir='ltr'>Il.</span> <span class='ocrx_word' id='word_1_238' title='bbox 377 2200 400 2220; x_wconf 89' lang='grc' dir='ltr'>ν,</span> <span class='ocrx_word' id='word_1_239' title='bbox 423 2196 489 2225; x_wconf 81' lang='lat' dir='ltr'>sqq.</span> <span class='ocrx_word' id='word_1_240' title='bbox 508 2192 539 2216; x_wconf 83' lang='lat' dir='ltr'>et</span> <span class='ocrx_word' id='word_1_241' title='bbox 552 2201 583 2221; x_wconf 84' lang='grc' dir='ltr'>π,</span> <span class='ocrx_word' id='word_1_242' title='bbox 598 2188 664 2216; x_wconf 75' lang='grc'>122.</span> <span class='ocrx_word' id='word_1_243' title='bbox 680 2190 722 2215; x_wconf 79' lang='grc' dir='ltr'>τοὶ</span> <span class='ocrx_word' id='word_1_244' title='bbox 743 2189 765 2216; x_wconf 82' lang='grc' dir='ltr'>δ’</span> <span class='ocrx_word' id='word_1_245' title='bbox 780 2190 906 2223; x_wconf 76' lang='grc' dir='ltr'>ἔμβαλον</span> 
     </span>
     <span class='ocr_line' id='line_1_39' title="bbox 196 2226 907 2265; baseline 0.004 -14"><span class='ocrx_word' id='word_1_246' title='bbox 196 2226 338 2257; x_wconf 77' lang='grc' dir='ltr'>ἀκάματον</span> <span class='ocrx_word' id='word_1_247' title='bbox 364 2228 414 2258; x_wconf 79' lang='grc' dir='ltr'>πῦρ</span> <span class='ocrx_word' id='word_1_248' title='bbox 438 2227 486 2258; x_wconf 58' lang='lat' dir='ltr'>Nn?</span> <span class='ocrx_word' id='word_1_249' title='bbox 507 2229 741 2265; x_wconf 59' lang='lat' dir='ltr'>&amp;off—concretos</span> <span class='ocrx_word' id='word_1_250' title='bbox 768 2227 907 2264; x_wconf 68' lang='lat' dir='ltr'>sanquine</span> 
     </span>
     <span class='ocr_line' id='line_1_40' title="bbox 192 2262 907 2306; baseline 0.004 -16"><span class='ocrx_word' id='word_1_251' title='bbox 192 2262 300 2306; x_wconf 41' lang='lat' dir='ltr'>crines,-</span> <span class='ocrx_word' id='word_1_252' title='bbox 312 2262 425 2291; x_wconf 82' lang='lat' dir='ltr'>foedum</span> <span class='ocrx_word' id='word_1_253' title='bbox 441 2265 569 2302; x_wconf 88' lang='lat' dir='ltr'>quidem,</span> <span class='ocrx_word' id='word_1_254' title='bbox 584 2265 647 2299; x_wconf 87' lang='lat' dir='ltr'>sed,</span> <span class='ocrx_word' id='word_1_255' title='bbox 659 2265 739 2303; x_wconf 89' lang='lat' dir='ltr'>quod</span> <span class='ocrx_word' id='word_1_256' title='bbox 754 2265 907 2293; x_wconf 87' lang='lat' dir='ltr'>horrorem</span> 
     </span>
     <span class='ocr_line' id='line_1_41' title="bbox 195 2303 904 2341; baseline 0.004 -13"><span class='ocrx_word' id='word_1_257' title='bbox 195 2310 252 2329; x_wconf 89' lang='lat' dir='ltr'>non</span> <span class='ocrx_word' id='word_1_258' title='bbox 262 2310 358 2329; x_wconf 79' lang='lat' dir='ltr'>miuus</span> <span class='ocrx_word' id='word_1_259' title='bbox 370 2311 458 2339; x_wconf 86' lang='lat' dir='ltr'>quam</span> <span class='ocrx_word' id='word_1_260' title='bbox 466 2303 683 2332; x_wconf 80' lang='lat' dir='ltr'>miserationem</span> <span class='ocrx_word' id='word_1_261' title='bbox 692 2304 791 2333; x_wconf 86' lang='lat' dir='ltr'>facere</span> <span class='ocrx_word' id='word_1_262' title='bbox 804 2308 904 2341; x_wconf 84' lang='lat' dir='ltr'>queat.</span> 
     </span>
     <span class='ocr_line' id='line_1_42' title="bbox 197 2339 904 2380; baseline 0.004 -13"><span class='ocrx_word' id='word_1_263' title='bbox 197 2339 294 2368; x_wconf 88' lang='lat' dir='ltr'>Porro</span> <span class='ocrx_word' id='word_1_264' title='bbox 308 2339 428 2369; x_wconf 79' lang='lat' dir='ltr'>vulnera</span> <span class='ocrx_word' id='word_1_265' title='bbox 442 2341 557 2370; x_wconf 86' lang='lat' dir='ltr'>omnino</span> <span class='ocrx_word' id='word_1_266' title='bbox 566 2342 595 2370; x_wconf 89' lang='lat' dir='ltr'>in</span> <span class='ocrx_word' id='word_1_267' title='bbox 609 2342 716 2380; x_wconf 84' lang='lat' dir='ltr'>pugnis</span> <span class='ocrx_word' id='word_1_268' title='bbox 729 2352 797 2370; x_wconf 88' lang='lat' dir='ltr'>cum</span> <span class='ocrx_word' id='word_1_269' title='bbox 812 2342 904 2371; x_wconf 85' lang='lat' dir='ltr'>Achi-</span> 
     </span>
     <span class='ocr_line' id='line_1_43' title="bbox 195 2377 904 2418; baseline 0.004 -12"><span class='ocrx_word' id='word_1_270' title='bbox 195 2377 243 2406; x_wconf 87' lang='lat' dir='ltr'>vis</span> <span class='ocrx_word' id='word_1_271' title='bbox 263 2378 349 2407; x_wconf 87' lang='lat' dir='ltr'>factis</span> <span class='ocrx_word' id='word_1_272' title='bbox 364 2383 487 2416; x_wconf 78' lang='lat' dir='ltr'>accepta</span> <span class='ocrx_word' id='word_1_273' title='bbox 509 2380 745 2418; x_wconf 72' lang='lat' dir='ltr'>interpretabar,</span> <span class='ocrx_word' id='word_1_274' title='bbox 766 2391 842 2409; x_wconf 89' lang='lat' dir='ltr'>nunc</span> <span class='ocrx_word' id='word_1_275' title='bbox 860 2381 904 2409; x_wconf 88' lang='lat' dir='ltr'>in-</span> 
     </span>
     <span class='ocr_line' id='line_1_44' title="bbox 194 2416 905 2456; baseline 0.006 -12"><span class='ocrx_word' id='word_1_276' title='bbox 194 2416 309 2456; x_wconf 84' lang='lat' dir='ltr'>telligo,</span> <span class='ocrx_word' id='word_1_277' title='bbox 334 2417 399 2445; x_wconf 84' lang='lat' dir='ltr'>haec</span> <span class='ocrx_word' id='word_1_278' title='bbox 425 2427 481 2445; x_wconf 90' lang='lat' dir='ltr'>non</span> <span class='ocrx_word' id='word_1_279' title='bbox 509 2419 667 2448; x_wconf 87' lang='lat' dir='ltr'>convenire</span> <span class='ocrx_word' id='word_1_280' title='bbox 689 2430 757 2448; x_wconf 84' lang='lat' dir='ltr'>cuin</span> <span class='ocrx_word' id='word_1_281' title='bbox 784 2420 905 2454; x_wconf 71' lang='lat' dir='ltr'>ceteris,</span> 
     </span>
     <span class='ocr_line' id='line_1_45' title="bbox 195 2455 902 2496; baseline 0.006 -13"><span class='ocrx_word' id='word_1_282' title='bbox 195 2465 262 2493; x_wconf 86' lang='lat' dir='ltr'>quae</span> <span class='ocrx_word' id='word_1_283' title='bbox 282 2455 503 2484; x_wconf 82' lang='lat' dir='ltr'>miserationem</span> <span class='ocrx_word' id='word_1_284' title='bbox 522 2456 644 2490; x_wconf 82' lang='lat' dir='ltr'>faciunt,</span> <span class='ocrx_word' id='word_1_285' title='bbox 666 2457 835 2496; x_wconf 84' lang='lat' dir='ltr'>meliusque</span> <span class='ocrx_word' id='word_1_286' title='bbox 857 2468 902 2487; x_wconf 82' lang='lat' dir='ltr'>re-</span> 
     </span>
     <span class='ocr_line' id='line_1_46' title="bbox 193 2494 903 2534; baseline 0.004 -12"><span class='ocrx_word' id='word_1_287' title='bbox 193 2494 274 2523; x_wconf 83' lang='lat' dir='ltr'>ferro</span> <span class='ocrx_word' id='word_1_288' title='bbox 292 2495 329 2523; x_wconf 90' lang='lat' dir='ltr'>ad</span> <span class='ocrx_word' id='word_1_289' title='bbox 350 2498 382 2523; x_wconf 83' lang='grc' dir='ltr'>τὸ</span> <span class='ocrx_word' id='word_1_290' title='bbox 403 2497 564 2529; x_wconf 76' lang='grc' dir='ltr'>αἰκίζεσθαι,</span> <span class='ocrx_word' id='word_1_291' title='bbox 585 2496 748 2524; x_wconf 77' lang='lat' dir='ltr'>vulneribus</span> <span class='ocrx_word' id='word_1_292' title='bbox 760 2497 903 2534; x_wconf 74' lang='lat' dir='ltr'>foedatum</span> 
     </span>
     <span class='ocr_line' id='line_1_47' title="bbox 193 2533 903 2578; baseline 0.004 -17"><span class='ocrx_word' id='word_1_293' title='bbox 193 2543 256 2561; x_wconf 80' lang='lat' dir='ltr'>cum</span> <span class='ocrx_word' id='word_1_294' title='bbox 264 2533 303 2562; x_wconf 81' lang='lat' dir='ltr'>sit</span> <span class='ocrx_word' id='word_1_295' title='bbox 309 2543 412 2578; x_wconf 71' lang='lat' dir='ltr'>corpus</span> <span class='ocrx_word' id='word_1_296' title='bbox 420 2533 488 2562; x_wconf 85' lang='lat' dir='ltr'>caesi</span> <span class='ocrx_word' id='word_1_297' title='bbox 499 2533 635 2562; x_wconf 72' lang='lat' dir='ltr'>Hectoris</span> <span class='ocrx_word' id='word_1_298' title='bbox 645 2534 680 2562; x_wconf 88' lang='lat' dir='ltr'>ab</span> <span class='ocrx_word' id='word_1_299' title='bbox 687 2535 903 2564; x_wconf 76' lang='lat' dir='ltr'>accurrentibus</span> 
     </span>
     <span class='ocr_line' id='line_1_48' title="bbox 194 2571 903 2612; baseline 0.003 -12"><span class='ocrx_word' id='word_1_300' title='bbox 194 2571 327 2606; x_wconf 75' lang='lat' dir='ltr'>Achivis,</span> <span class='ocrx_word' id='word_1_301' title='bbox 339 2573 401 2601; x_wconf 83' lang='lat' dir='ltr'>vid.</span> <span class='ocrx_word' id='word_1_302' title='bbox 416 2571 504 2600; x_wconf 87' lang='lat' dir='ltr'>Iliad.</span> <span class='ocrx_word' id='word_1_303' title='bbox 516 2574 734 2609; x_wconf 70' lang='lat' dir='ltr'>x‚369—375.·,</span> <span class='ocrx_word' id='word_1_304' title='bbox 754 2573 903 2612; x_wconf 87' lang='lat' dir='ltr'>simulque</span> 
     </span>
     <span class='ocr_line' id='line_1_49' title="bbox 196 2610 904 2650; baseline 0.006 -12"><span class='ocrx_word' id='word_1_305' title='bbox 196 2610 232 2638; x_wconf 88' lang='lat' dir='ltr'>ad</span> <span class='ocrx_word' id='word_1_306' title='bbox 247 2610 424 2640; x_wconf 82' lang='lat' dir='ltr'>lauiationes</span> <span class='ocrx_word' id='word_1_307' title='bbox 438 2611 527 2639; x_wconf 81' lang='lat' dir='ltr'>tracti</span> <span class='ocrx_word' id='word_1_308' title='bbox 540 2611 620 2639; x_wconf 88' lang='lat' dir='ltr'>circa</span> <span class='ocrx_word' id='word_1_309' title='bbox 632 2621 736 2640; x_wconf 86' lang='lat' dir='ltr'>muros</span> <span class='ocrx_word' id='word_1_310' title='bbox 750 2613 885 2650; x_wconf 86' lang='lat' dir='ltr'>corporis</span> <span class='ocrx_word' id='word_1_311' title='bbox 897 2624 904 2649; x_wconf 75' lang='lat'>3</span> 
     </span>
     <span class='ocr_line' id='line_1_50' title="bbox 193 2649 902 2689; baseline 0.007 -14"><span class='ocrx_word' id='word_1_312' title='bbox 193 2650 437 2688; x_wconf 85' lang='lat' dir='ltr'>quandoquidem</span> <span class='ocrx_word' id='word_1_313' title='bbox 450 2650 608 2687; x_wconf 79' lang='lat' dir='ltr'>adjectum,</span> <span class='ocrx_word' id='word_1_314' title='bbox 622 2649 728 2678; x_wconf 76' lang='lat' dir='ltr'>circam</span> <span class='ocrx_word' id='word_1_315' title='bbox 743 2660 840 2679; x_wconf 75' lang='lat' dir='ltr'>muros</span> <span class='ocrx_word' id='word_1_316' title='bbox 848 2662 902 2689; x_wconf 83' lang='lat' dir='ltr'>pa-</span> 
     </span>
     <span class='ocr_line' id='line_1_51' title="bbox 194 2686 904 2727; baseline 0.006 -13"><span class='ocrx_word' id='word_1_317' title='bbox 194 2686 276 2716; x_wconf 69' lang='lat' dir='ltr'>rrius.</span> <span class='ocrx_word' id='word_1_318' title='bbox 290 2688 332 2717; x_wconf 90' lang='lat' dir='ltr'>H.</span> <span class='ocrx_word' id='word_1_319' title='bbox 343 2699 446 2726; x_wconf 61' lang='lat' dir='ltr'>gerens</span> <span class='ocrx_word' id='word_1_320' title='bbox 466 2689 502 2717; x_wconf 82' lang='lat' dir='ltr'>ad</span> <span class='ocrx_word' id='word_1_321' title='bbox 518 2689 608 2717; x_wconf 79' lang='lat' dir='ltr'>verba</span> <span class='ocrx_word' id='word_1_322' title='bbox 621 2692 759 2727; x_wconf 69' lang='lat' dir='ltr'>qnantum</span> <span class='ocrx_word' id='word_1_323' title='bbox 778 2694 904 2718; x_wconf 65' lang='lat' dir='ltr'>mumius</span> 
     </span>
     <span class='ocr_line' id='line_1_52' title="bbox 193 2727 902 2758; baseline 0.004 -4"><span class='ocrx_word' id='word_1_324' title='bbox 193 2730 256 2754; x_wconf 76' lang='lat' dir='ltr'>crat</span> <span class='ocrx_word' id='word_1_325' title='bbox 278 2727 466 2756; x_wconf 83' lang='lat' dir='ltr'>referendum</span> <span class='ocrx_word' id='word_1_326' title='bbox 488 2732 544 2758; x_wconf 72' lang='lat' dir='ltr'>est.</span> <span class='ocrx_word' id='word_1_327' title='bbox 571 2727 824 2758; x_wconf 72' lang='lat' dir='ltr'>W.-281-286.</span> <span class='ocrx_word' id='word_1_328' title='bbox 867 2730 879 2757; x_wconf 98' lang='grc'>1</span> <span class='ocrx_word' id='word_1_329' title='bbox 887 2739 902 2757; x_wconf 90' lang='lat' dir='ltr'>n</span> 
     </span>
    </p>
   </div>
   <div class='ocr_carea' id='block_1_10' title="bbox 942 1797 1655 2764">
    <p class='ocr_par' dir='ltr' id='par_1_21' title="bbox 942 1797 1655 2486">
     <span class='ocr_line' id='line_1_53' title="bbox 944 1797 1650 1832; baseline 0 -6"><span class='ocrx_word' id='word_1_330' title='bbox 944 1798 989 1827; x_wconf 85' lang='lat' dir='ltr'>his</span> <span class='ocrx_word' id='word_1_331' title='bbox 1016 1799 1155 1828; x_wconf 79' lang='lat' dir='ltr'>versibus</span> <span class='ocrx_word' id='word_1_332' title='bbox 1185 1798 1311 1829; x_wconf 88' lang='lat' dir='ltr'>Ennium</span> <span class='ocrx_word' id='word_1_333' title='bbox 1326 1802 1392 1827; x_wconf 89' lang='lat' dir='ltr'>ante</span> <span class='ocrx_word' id='word_1_334' title='bbox 1418 1798 1521 1828; x_wconf 77' lang='lat' dir='ltr'>oculos</span> <span class='ocrx_word' id='word_1_335' title='bbox 1536 1797 1650 1832; x_wconf 81' lang='lat' dir='ltr'>habuit,</span> 
     </span>
     <span class='ocr_line' id='line_1_54' title="bbox 942 1837 1653 1876; baseline -0.001 -11"><span class='ocrx_word' id='word_1_336' title='bbox 942 1840 1028 1876; x_wconf 86' lang='lat' dir='ltr'>cujus</span> <span class='ocrx_word' id='word_1_337' title='bbox 1057 1847 1162 1866; x_wconf 84' lang='lat' dir='ltr'>versus</span> <span class='ocrx_word' id='word_1_338' title='bbox 1180 1848 1228 1876; x_wconf 82' lang='lat' dir='ltr'>ap.</span> <span class='ocrx_word' id='word_1_339' title='bbox 1250 1838 1385 1866; x_wconf 86' lang='lat' dir='ltr'>Macrob.</span> <span class='ocrx_word' id='word_1_340' title='bbox 1407 1838 1464 1872; x_wconf 89' lang='lat' dir='ltr'>VI,</span> <span class='ocrx_word' id='word_1_341' title='bbox 1484 1839 1514 1866; x_wconf 74' lang='lat'>⁴2.</span> <span class='ocrx_word' id='word_1_342' title='bbox 1557 1838 1583 1866; x_wconf 91' lang='lat' dir='ltr'>O</span> <span class='ocrx_word' id='word_1_343' title='bbox 1603 1837 1653 1865; x_wconf 71' lang='lat' dir='ltr'>lux</span> 
     </span>
     <span class='ocr_line' id='line_1_55' title="bbox 947 1875 1651 1915; baseline 0 -11"><span class='ocrx_word' id='word_1_344' title='bbox 947 1876 1053 1914; x_wconf 80' lang='lat' dir='ltr'>Trojae,</span> <span class='ocrx_word' id='word_1_345' title='bbox 1066 1887 1199 1915; x_wconf 67' lang='lat' dir='ltr'>yet-mane</span> <span class='ocrx_word' id='word_1_346' title='bbox 1210 1876 1323 1905; x_wconf 79' lang='lat' dir='ltr'>Hector</span> <span class='ocrx_word' id='word_1_347' title='bbox 1334 1876 1344 1903; x_wconf 73' lang='grc' dir='ltr'><em>Ι</em></span> <span class='ocrx_word' id='word_1_348' title='bbox 1386 1875 1465 1911; x_wconf 77' lang='lat' dir='ltr'>Quid</span> <span class='ocrx_word' id='word_1_349' title='bbox 1474 1876 1516 1904; x_wconf 83' lang='lat' dir='ltr'>ita</span> <span class='ocrx_word' id='word_1_350' title='bbox 1529 1886 1592 1904; x_wconf 84' lang='lat' dir='ltr'>cum</span> <span class='ocrx_word' id='word_1_351' title='bbox 1602 1881 1651 1904; x_wconf 80' lang='lat' dir='ltr'>tuo</span> 
     </span>
     <span class='ocr_line' id='line_1_56' title="bbox 943 1913 1652 1953; baseline 0 -10"><span class='ocrx_word' id='word_1_352' title='bbox 943 1914 1068 1944; x_wconf 68' lang='lat' dir='ltr'>lacerato</span> <span class='ocrx_word' id='word_1_353' title='bbox 1087 1915 1217 1953; x_wconf 80' lang='lat' dir='ltr'>Corpore</span> <span class='ocrx_word' id='word_1_354' title='bbox 1232 1913 1341 1943; x_wconf 66' lang='lat' dir='ltr'>miser?</span> <span class='ocrx_word' id='word_1_355' title='bbox 1361 1919 1422 1947; x_wconf 85' lang='lat' dir='ltr'>aut,</span> <span class='ocrx_word' id='word_1_356' title='bbox 1437 1914 1488 1953; x_wconf 75' lang='lat' dir='ltr'>qui</span> <span class='ocrx_word' id='word_1_357' title='bbox 1501 1919 1527 1943; x_wconf 72' lang='lat' dir='ltr'>te</span> <span class='ocrx_word' id='word_1_358' title='bbox 1539 1915 1581 1943; x_wconf 84' lang='lat' dir='ltr'>sic</span> <span class='ocrx_word' id='word_1_359' title='bbox 1592 1915 1652 1944; x_wconf 85' lang='lat' dir='ltr'>Re-</span> 
     </span>
     <span class='ocr_line' id='line_1_57' title="bbox 943 1952 1653 1992; baseline 0 -11"><span class='ocrx_word' id='word_1_360' title='bbox 943 1954 1136 1992; x_wconf 73' lang='lat' dir='ltr'>spectantibus</span> <span class='ocrx_word' id='word_1_361' title='bbox 1176 1955 1348 1982; x_wconf 69' lang='lat' dir='ltr'>&#39;l&#39;ractavere</span> <span class='ocrx_word' id='word_1_362' title='bbox 1382 1952 1487 1982; x_wconf 77' lang='lat' dir='ltr'>nobis?</span> <span class='ocrx_word' id='word_1_363' title='bbox 1500 1953 1653 1991; x_wconf 73' lang='lat' dir='ltr'>—defessi</span> 
     </span>
     <span class='ocr_line' id='line_1_58' title="bbox 944 1993 1654 2030; baseline -0.001 -9"><span class='ocrx_word' id='word_1_364' title='bbox 944 1993 1093 2027; x_wconf 80' lang='lat' dir='ltr'>cladibus,</span> <span class='ocrx_word' id='word_1_365' title='bbox 1114 1997 1147 2021; x_wconf 88' lang='lat' dir='ltr'>ut</span> <span class='ocrx_word' id='word_1_366' title='bbox 1161 1993 1308 2030; x_wconf 77' lang='lat' dir='ltr'>eleganter</span> <span class='ocrx_word' id='word_1_367' title='bbox 1324 1994 1434 2030; x_wconf 76' lang='lat' dir='ltr'>poe&#39;tae,</span> <span class='ocrx_word' id='word_1_368' title='bbox 1452 2002 1481 2021; x_wconf 85' lang='lat' dir='ltr'>v.</span> <span class='ocrx_word' id='word_1_369' title='bbox 1500 2003 1528 2021; x_wconf 88' lang='grc'>0.</span> <span class='ocrx_word' id='word_1_370' title='bbox 1542 1993 1654 2021; x_wconf 85' lang='lat' dir='ltr'>Horat.</span> 
     </span>
     <span class='ocr_line' id='line_1_59' title="bbox 945 2031 1654 2068; baseline -0.001 -8"><span class='ocrx_word' id='word_1_371' title='bbox 945 2032 993 2065; x_wconf 82' lang='lat' dir='ltr'>ll,</span> <span class='ocrx_word' id='word_1_372' title='bbox 1018 2032 1117 2060; x_wconf 80' lang='lat' dir='ltr'>Carm.</span> <span class='ocrx_word' id='word_1_373' title='bbox 1140 2033 1170 2065; x_wconf 68' lang='lat'>4,</span> <span class='ocrx_word' id='word_1_374' title='bbox 1194 2033 1239 2059; x_wconf 89' lang='lat'>11.</span> <span class='ocrx_word' id='word_1_375' title='bbox 1282 2031 1416 2059; x_wconf 78' lang='lat' dir='ltr'>Tradidit</span> <span class='ocrx_word' id='word_1_376' title='bbox 1430 2031 1521 2068; x_wconf 70' lang='lat' dir='ltr'>fessis</span> <span class='ocrx_word' id='word_1_377' title='bbox 1546 2031 1654 2059; x_wconf 77' lang='lat' dir='ltr'>leviora</span> 
     </span>
     <span class='ocr_line' id='line_1_60' title="bbox 945 2069 1654 2107; baseline -0.001 -9"><span class='ocrx_word' id='word_1_378' title='bbox 945 2070 1007 2098; x_wconf 68' lang='lat' dir='ltr'>tolli</span> <span class='ocrx_word' id='word_1_379' title='bbox 1030 2071 1174 2107; x_wconf 67' lang='lat' dir='ltr'>Perqama</span> <span class='ocrx_word' id='word_1_380' title='bbox 1199 2069 1456 2098; x_wconf 74' lang='lat' dir='ltr'>Graiis-serenos</span> <span class='ocrx_word' id='word_1_381' title='bbox 1467 2070 1593 2106; x_wconf 73' lang='lat' dir='ltr'>foedavit</span> <span class='ocrx_word' id='word_1_382' title='bbox 1613 2079 1654 2104; x_wconf 87' lang='lat' dir='ltr'>v.,</span> 
     </span>
     <span class='ocr_line' id='line_1_61' title="bbox 946 2108 1653 2146; baseline 0 -9"><span class='ocrx_word' id='word_1_383' title='bbox 946 2109 1082 2145; x_wconf 86' lang='lat' dir='ltr'>quoniam</span> <span class='ocrx_word' id='word_1_384' title='bbox 1098 2113 1128 2137; x_wconf 83' lang='lat' dir='ltr'>et</span> <span class='ocrx_word' id='word_1_385' title='bbox 1134 2108 1217 2146; x_wconf 70' lang='lat' dir='ltr'>foeda</span> <span class='ocrx_word' id='word_1_386' title='bbox 1232 2112 1383 2145; x_wconf 68' lang='lat' dir='ltr'>tempestas</span> <span class='ocrx_word' id='word_1_387' title='bbox 1396 2108 1517 2145; x_wconf 86' lang='lat' dir='ltr'>proprie</span> <span class='ocrx_word' id='word_1_388' title='bbox 1533 2108 1653 2137; x_wconf 87' lang='lat' dir='ltr'>dicitur.</span> 
     </span>
     <span class='ocr_line' id='line_1_62' title="bbox 945 2146 1652 2185; baseline -0.001 -9"><span class='ocrx_word' id='word_1_389' title='bbox 945 2148 989 2176; x_wconf 86' lang='grc' dir='ltr'>ΙΙ.</span> <span class='ocrx_word' id='word_1_390' title='bbox 1014 2149 1071 2176; x_wconf 69' lang='grc'>287</span> <span class='ocrx_word' id='word_1_391' title='bbox 1094 2147 1149 2176; x_wconf 79' lang='lat' dir='ltr'>Ille</span> <span class='ocrx_word' id='word_1_392' title='bbox 1169 2147 1242 2175; x_wconf 78' lang='lat' dir='ltr'>nihil</span> <span class='ocrx_word' id='word_1_393' title='bbox 1255 2147 1291 2174; x_wconf 85' lang='lat' dir='ltr'>ad</span> <span class='ocrx_word' id='word_1_394' title='bbox 1315 2146 1380 2174; x_wconf 82' lang='lat' dir='ltr'>haee</span> <span class='ocrx_word' id='word_1_395' title='bbox 1401 2146 1568 2183; x_wconf 85' lang='lat' dir='ltr'>respondit,</span> <span class='ocrx_word' id='word_1_396' title='bbox 1583 2157 1652 2185; x_wconf 80' lang='lat' dir='ltr'>quae</span> 
     </span>
     <span class='ocr_line' id='line_1_63' title="bbox 946 2183 1654 2224; baseline 0 -10"><span class='ocrx_word' id='word_1_397' title='bbox 946 2186 1125 2224; x_wconf 80' lang='lat' dir='ltr'>interrogata</span> <span class='ocrx_word' id='word_1_398' title='bbox 1145 2189 1237 2214; x_wconf 76' lang='lat' dir='ltr'>erant.</span> <span class='ocrx_word' id='word_1_399' title='bbox 1266 2183 1313 2213; x_wconf 91' lang='lat' dir='ltr'>W.</span> <span class='ocrx_word' id='word_1_400' title='bbox 1326 2185 1384 2213; x_wconf 81' lang='lat'>290</span> <span class='ocrx_word' id='word_1_401' title='bbox 1396 2184 1468 2212; x_wconf 76' lang='lat' dir='ltr'>Ruit</span> <span class='ocrx_word' id='word_1_402' title='bbox 1488 2185 1548 2213; x_wconf 76' lang='lat' dir='ltr'>allo</span> <span class='ocrx_word' id='word_1_403' title='bbox 1563 2196 1581 2214; x_wconf 85' lang='grc' dir='ltr'><em>α</em></span> <span class='ocrx_word' id='word_1_404' title='bbox 1594 2186 1654 2214; x_wconf 82' lang='lat' dir='ltr'>cul-</span> 
     </span>
     <span class='ocr_line' id='line_1_64' title="bbox 946 2222 1653 2263; baseline 0 -10"><span class='ocrx_word' id='word_1_405' title='bbox 946 2225 1025 2254; x_wconf 68' lang='lat' dir='ltr'>mine</span> <span class='ocrx_word' id='word_1_406' title='bbox 1034 2225 1122 2263; x_wconf 78' lang='lat' dir='ltr'>Troja</span> <span class='ocrx_word' id='word_1_407' title='bbox 1142 2224 1247 2261; x_wconf 88' lang='lat' dir='ltr'>(etiam</span> <span class='ocrx_word' id='word_1_408' title='bbox 1270 2222 1323 2250; x_wconf 81' lang='lat' dir='ltr'>inf.</span> <span class='ocrx_word' id='word_1_409' title='bbox 1339 2232 1368 2250; x_wconf 90' lang='lat' dir='ltr'>v.</span> <span class='ocrx_word' id='word_1_410' title='bbox 1382 2224 1467 2261; x_wconf 73' lang='lat'>003.)</span> <span class='ocrx_word' id='word_1_411' title='bbox 1484 2233 1523 2252; x_wconf 83' lang='lat' dir='ltr'>ex</span> <span class='ocrx_word' id='word_1_412' title='bbox 1537 2224 1653 2253; x_wconf 87' lang='lat' dir='ltr'>Home-</span> 
     </span>
     <span class='ocr_line' id='line_1_65' title="bbox 946 2262 1653 2302; baseline -0.004 -10"><span class='ocrx_word' id='word_1_413' title='bbox 946 2263 1019 2298; x_wconf 86' lang='lat' dir='ltr'>rico,</span> <span class='ocrx_word' id='word_1_414' title='bbox 1034 2264 1113 2302; x_wconf 89' lang='lat' dir='ltr'>quod</span> <span class='ocrx_word' id='word_1_415' title='bbox 1139 2262 1251 2300; x_wconf 65' lang='lat' dir='ltr'>saepius</span> <span class='ocrx_word' id='word_1_416' title='bbox 1267 2262 1406 2293; x_wconf 84' lang='lat' dir='ltr'>occurrit,</span> <span class='ocrx_word' id='word_1_417' title='bbox 1420 2265 1477 2290; x_wconf 76' lang='grc' dir='ltr'>κατ’</span> <span class='ocrx_word' id='word_1_418' title='bbox 1493 2266 1582 2296; x_wconf 65' lang='grc' dir='ltr'><strong>ἄκρης.</strong></span> <span class='ocrx_word' id='word_1_419' title='bbox 1604 2264 1653 2292; x_wconf 88' lang='lat' dir='ltr'>Ad</span> 
     </span>
     <span class='ocr_line' id='line_1_66' title="bbox 946 2300 1653 2340; baseline 0 -9"><span class='ocrx_word' id='word_1_420' title='bbox 946 2303 1014 2331; x_wconf 75' lang='lat'>201.</span> <span class='ocrx_word' id='word_1_421' title='bbox 1027 2304 1085 2331; x_wconf 76' lang='lat'>292</span> <span class='ocrx_word' id='word_1_422' title='bbox 1100 2302 1138 2330; x_wconf 86' lang='lat' dir='ltr'>cf.</span> <span class='ocrx_word' id='word_1_423' title='bbox 1156 2301 1207 2329; x_wconf 89' lang='lat' dir='ltr'>inf.</span> <span class='ocrx_word' id='word_1_424' title='bbox 1224 2300 1288 2334; x_wconf 82' lang='lat' dir='ltr'>XI,</span> <span class='ocrx_word' id='word_1_425' title='bbox 1304 2300 1372 2329; x_wconf 81' lang='lat'>288.</span> <span class='ocrx_word' id='word_1_426' title='bbox 1383 2301 1452 2329; x_wconf 73' lang='lat'>289.</span> <span class='ocrx_word' id='word_1_427' title='bbox 1485 2301 1587 2330; x_wconf 86' lang='lat' dir='ltr'>Habet</span> <span class='ocrx_word' id='word_1_428' title='bbox 1601 2312 1653 2340; x_wconf 89' lang='lat' dir='ltr'>pa-</span> 
     </span>
     <span class='ocr_line' id='line_1_67' title="bbox 944 2338 1651 2378; baseline 0 -9"><span class='ocrx_word' id='word_1_429' title='bbox 944 2341 1003 2370; x_wconf 85' lang='lat' dir='ltr'>tria</span> <span class='ocrx_word' id='word_1_430' title='bbox 1017 2346 1047 2370; x_wconf 87' lang='lat' dir='ltr'>et</span> <span class='ocrx_word' id='word_1_431' title='bbox 1072 2341 1210 2369; x_wconf 82' lang='lat' dir='ltr'>Priamus</span> <span class='ocrx_word' id='word_1_432' title='bbox 1229 2338 1335 2371; x_wconf 87' lang='lat' dir='ltr'>omnia,</span> <span class='ocrx_word' id='word_1_433' title='bbox 1350 2349 1416 2377; x_wconf 87' lang='lat' dir='ltr'>quae</span> <span class='ocrx_word' id='word_1_434' title='bbox 1429 2349 1446 2368; x_wconf 90' lang='lat' dir='ltr'>a</span> <span class='ocrx_word' id='word_1_435' title='bbox 1459 2343 1489 2368; x_wconf 91' lang='lat' dir='ltr'>te</span> <span class='ocrx_word' id='word_1_436' title='bbox 1503 2340 1539 2369; x_wconf 89' lang='lat' dir='ltr'>ad</span> <span class='ocrx_word' id='word_1_437' title='bbox 1552 2340 1651 2378; x_wconf 87' lang='lat' dir='ltr'>ipsum</span> 
     </span>
     <span class='ocr_line' id='line_1_68' title="bbox 944 2378 1653 2416; baseline -0.001 -7"><span class='ocrx_word' id='word_1_438' title='bbox 944 2381 1161 2409; x_wconf 86' lang='lat' dir='ltr'>defendendum</span> <span class='ocrx_word' id='word_1_439' title='bbox 1186 2378 1249 2407; x_wconf 79' lang='lat' dir='ltr'>lieri</span> <span class='ocrx_word' id='word_1_440' title='bbox 1270 2387 1303 2405; x_wconf 87' lang='lat' dir='ltr'>ac</span> <span class='ocrx_word' id='word_1_441' title='bbox 1320 2378 1461 2415; x_wconf 80' lang='lat' dir='ltr'>praestari</span> <span class='ocrx_word' id='word_1_442' title='bbox 1480 2382 1653 2416; x_wconf 83' lang='lat' dir='ltr'>potuerunt.</span> 
     </span>
     <span class='ocr_line' id='line_1_69' title="bbox 944 2416 1655 2453; baseline 0 -6"><span class='ocrx_word' id='word_1_443' title='bbox 944 2418 1029 2447; x_wconf 76' lang='lat' dir='ltr'>etiam</span> <span class='ocrx_word' id='word_1_444' title='bbox 1053 2419 1105 2448; x_wconf 78' lang='lat' dir='ltr'>hac</span> <span class='ocrx_word' id='word_1_445' title='bbox 1127 2423 1270 2451; x_wconf 69' lang='grc' dir='ltr'>δεικτικῶς,</span> <span class='ocrx_word' id='word_1_446' title='bbox 1285 2416 1431 2446; x_wconf 82' lang='lat' dir='ltr'>Hectoris</span> <span class='ocrx_word' id='word_1_447' title='bbox 1450 2427 1549 2453; x_wconf 85' lang='lat' dir='ltr'>manu,</span> <span class='ocrx_word' id='word_1_448' title='bbox 1571 2418 1601 2447; x_wconf 92' lang='lat' dir='ltr'>h.</span> <span class='ocrx_word' id='word_1_449' title='bbox 1625 2429 1655 2447; x_wconf 80' lang='lat' dir='ltr'>e.</span> 
     </span>
     <span class='ocr_line' id='line_1_70' title="bbox 945 2467 1560 2486; baseline -0.01 0"><span class='ocrx_word' id='word_1_450' title='bbox 945 2467 1019 2486; x_wconf 83' lang='lat' dir='ltr'>mea.</span> <span class='ocrx_word' id='word_1_451' title='bbox 1557 2477 1560 2480; x_wconf 45' lang='lat'>.</span> 
     </span>
    </p>

    <p class='ocr_par' dir='ltr' id='par_1_22' title="bbox 942 2493 1654 2764">
     <span class='ocr_line' id='line_1_71' title="bbox 980 2493 1649 2533; baseline 0.001 -11"><span class='ocrx_word' id='word_1_452' title='bbox 980 2497 1038 2525; x_wconf 83' lang='grc'>293</span> <span class='ocrx_word' id='word_1_453' title='bbox 1065 2494 1196 2523; x_wconf 82' lang='lat' dir='ltr'>Penates</span> <span class='ocrx_word' id='word_1_454' title='bbox 1230 2497 1300 2522; x_wconf 86' lang='lat' dir='ltr'>sunt</span> <span class='ocrx_word' id='word_1_455' title='bbox 1326 2493 1452 2532; x_wconf 85' lang='lat' dir='ltr'>publici,</span> <span class='ocrx_word' id='word_1_456' title='bbox 1478 2495 1522 2524; x_wconf 85' lang='lat' dir='ltr'>dii</span> <span class='ocrx_word' id='word_1_457' title='bbox 1549 2495 1649 2533; x_wconf 85' lang='lat' dir='ltr'>Trojae</span> 
     </span>
     <span class='ocr_line' id='line_1_72' title="bbox 942 2533 1651 2572; baseline -0.001 -9"><span class='ocrx_word' id='word_1_458' title='bbox 942 2535 1043 2572; x_wconf 87' lang='lat' dir='ltr'>patrii,</span> <span class='ocrx_word' id='word_1_459' title='bbox 1067 2533 1150 2561; x_wconf 83' lang='lat' dir='ltr'>urbis</span> <span class='ocrx_word' id='word_1_460' title='bbox 1175 2533 1279 2561; x_wconf 86' lang='lat' dir='ltr'>tutela.</span> <span class='ocrx_word' id='word_1_461' title='bbox 1320 2534 1366 2562; x_wconf 88' lang='lat' dir='ltr'>De</span> <span class='ocrx_word' id='word_1_462' title='bbox 1380 2534 1476 2562; x_wconf 87' lang='lat' dir='ltr'>forma</span> <span class='ocrx_word' id='word_1_463' title='bbox 1496 2544 1599 2563; x_wconf 85' lang='lat' dir='ltr'>eorum</span> <span class='ocrx_word' id='word_1_464' title='bbox 1618 2544 1651 2562; x_wconf 89' lang='grc'>30</span> 
     </span>
     <span class='ocr_line' id='line_1_73' title="bbox 944 2572 1652 2610; baseline -0.003 -8"><span class='ocrx_word' id='word_1_465' title='bbox 944 2574 1044 2610; x_wconf 83' lang='lat' dir='ltr'>specie</span> <span class='ocrx_word' id='word_1_466' title='bbox 1062 2583 1089 2599; x_wconf 86' lang='lat' dir='ltr'>v.</span> <span class='ocrx_word' id='word_1_467' title='bbox 1103 2572 1156 2600; x_wconf 83' lang='lat' dir='ltr'>lib.</span> <span class='ocrx_word' id='word_1_468' title='bbox 1173 2572 1239 2604; x_wconf 87' lang='lat' dir='ltr'>III,</span> <span class='ocrx_word' id='word_1_469' title='bbox 1256 2572 1323 2600; x_wconf 82' lang='grc'>148.</span> <span class='ocrx_word' id='word_1_470' title='bbox 1338 2573 1403 2600; x_wconf 77' lang='lat'>173.</span> <span class='ocrx_word' id='word_1_471' title='bbox 1423 2573 1610 2601; x_wconf 51' lang='lat' dir='ltr'>lvi—Sarra</span> <span class='ocrx_word' id='word_1_472' title='bbox 1621 2576 1652 2601; x_wconf 86' lang='lat' dir='ltr'>et</span> 
     </span>
     <span class='ocr_line' id='line_1_74' title="bbox 943 2611 1652 2649; baseline -0.001 -9"><span class='ocrx_word' id='word_1_473' title='bbox 943 2613 1069 2641; x_wconf 73' lang='lat' dir='ltr'>Penates</span> <span class='ocrx_word' id='word_1_474' title='bbox 1093 2615 1221 2648; x_wconf 87' lang='lat' dir='ltr'>possunt</span> <span class='ocrx_word' id='word_1_475' title='bbox 1235 2620 1290 2649; x_wconf 87' lang='lat' dir='ltr'>pro</span> <span class='ocrx_word' id='word_1_476' title='bbox 1303 2611 1406 2639; x_wconf 84' lang='lat' dir='ltr'>eadem</span> <span class='ocrx_word' id='word_1_477' title='bbox 1427 2621 1459 2640; x_wconf 86' lang='lat' dir='ltr'>re</span> <span class='ocrx_word' id='word_1_478' title='bbox 1477 2611 1596 2639; x_wconf 88' lang='lat' dir='ltr'>haberi:</span> <span class='ocrx_word' id='word_1_479' title='bbox 1618 2614 1652 2639; x_wconf 89' lang='lat' dir='ltr'>ut</span> 
     </span>
     <span class='ocr_line' id='line_1_75' title="bbox 942 2649 1651 2688; baseline -0.001 -9"><span class='ocrx_word' id='word_1_480' title='bbox 942 2651 1002 2685; x_wconf 86' lang='lat' dir='ltr'>illa,</span> <span class='ocrx_word' id='word_1_481' title='bbox 1018 2651 1127 2688; x_wconf 87' lang='lat' dir='ltr'>quibus</span> <span class='ocrx_word' id='word_1_482' title='bbox 1141 2649 1255 2688; x_wconf 83' lang='lat' dir='ltr'>generis</span> <span class='ocrx_word' id='word_1_483' title='bbox 1269 2649 1349 2679; x_wconf 87' lang='lat' dir='ltr'>notio</span> <span class='ocrx_word' id='word_1_484' title='bbox 1360 2649 1449 2682; x_wconf 86' lang='lat' dir='ltr'>inest,</span> <span class='ocrx_word' id='word_1_485' title='bbox 1463 2650 1651 2678; x_wconf 83' lang='lat' dir='ltr'>declarentur</span> 
     </span>
     <span class='ocr_line' id='line_1_76' title="bbox 942 2688 1650 2727; baseline -0.004 -9"><span class='ocrx_word' id='word_1_486' title='bbox 942 2700 996 2727; x_wconf 85' lang='lat' dir='ltr'>per</span> <span class='ocrx_word' id='word_1_487' title='bbox 1007 2690 1072 2717; x_wconf 80' lang='lat' dir='ltr'>lios.</span> <span class='ocrx_word' id='word_1_488' title='bbox 1087 2689 1137 2717; x_wconf 87' lang='lat' dir='ltr'>Sic</span> <span class='ocrx_word' id='word_1_489' title='bbox 1147 2698 1228 2726; x_wconf 66' lang='lat' dir='ltr'>saepe</span> <span class='ocrx_word' id='word_1_490' title='bbox 1239 2689 1465 2718; x_wconf 83' lang='lat' dir='ltr'>sacraun&#39;rverse</span> <span class='ocrx_word' id='word_1_491' title='bbox 1477 2688 1515 2716; x_wconf 91' lang='lat' dir='ltr'>de</span> <span class='ocrx_word' id='word_1_492' title='bbox 1525 2689 1650 2716; x_wconf 84' lang='lat' dir='ltr'>deorum</span> 
     </span>
     <span class='ocr_line' id='line_1_77' title="bbox 943 2726 1654 2764; baseline -0.003 -7"><span class='ocrx_word' id='word_1_493' title='bbox 943 2728 1121 2762; x_wconf 82' lang='lat' dir='ltr'>simulacris,</span> <span class='ocrx_word' id='word_1_494' title='bbox 1151 2727 1241 2756; x_wconf 79' lang='lat' dir='ltr'>etiam</span> <span class='ocrx_word' id='word_1_495' title='bbox 1259 2728 1297 2756; x_wconf 89' lang='lat' dir='ltr'>de</span> <span class='ocrx_word' id='word_1_496' title='bbox 1316 2727 1363 2756; x_wconf 81' lang='lat' dir='ltr'>his</span> <span class='ocrx_word' id='word_1_497' title='bbox 1377 2727 1452 2764; x_wconf 83' lang='lat' dir='ltr'>ipsis</span> <span class='ocrx_word' id='word_1_498' title='bbox 1474 2726 1654 2762; x_wconf 73' lang='lat' dir='ltr'>Penatibus3</span> 
     </span>
    </p>
   </div>
  </div>
 </body>
</html>
