1796 3077
129 217 225 262 256

567 212 610 249 P.
640 208 873 248 VIRGILII
905 207 1155 246 MARONIS

132 333 460 389 Myrmidonum,
483 332 766 386 Dolopumve,
787 339 861 373 aut
881 330 977 371 duri
997 329 1115 370 miles
1132 327 1262 377 Ulixi,

131 392 363 447 Temperet
383 407 407 432 a
426 390 627 431 lacrimis!
662 389 721 430 Et
743 389 832 444 jam
852 403 936 429 nox
956 386 1131 427 humida
1150 385 1258 428 coelo

133 448 389 503 Praecipitat,
411 447 674 500 suadentque
696 446 891 488 cadentia
911 445 1049 486 sidera
1070 457 1249 483 somnos.

134 506 236 555 Sed,
258 507 291 546 si
311 511 450 546 tantus
467 518 583 544 amor
598 518 719 544 casus
740 516 996 558 cognoscere
1016 507 1195 548 nostros,

1532 496 1583 536 10

133 563 193 604 Et
212 563 397 604 breviter
415 560 561 616 Trojae
578 575 819 616 supremum
839 560 986 601 audire
1006 558 1209 605 laborem,

133 620 402 673 Quamquam
422 617 583 658 animus
603 618 837 659 meminisse
858 617 1018 665 horret,
1046 614 1248 668 luctuque
1268 611 1439 667 refugit,

133 676 348 730 Incipiam.

408 675 551 716 Fracti
569 674 696 725 bello,
718 675 899 729 fatisque
916 672 1074 728 repulsi

133 734 347 774 Ductores
369 731 580 782 Danaum,
602 739 665 773 tot
675 733 764 787 jam
783 731 1024 773 labentibus
1039 729 1172 778 annis,

132 789 269 831 Instar
284 790 435 832 mont1s
456 805 612 844 equum
629 790 770 831 divina
790 788 976 830 Palladis
995 795 1087 828 arte

133 847 383 897 AEdificant,
400 854 599 901 sectaque
620 847 814 888 intexunt
834 847 973 887 abiete
993 852 1145 886 costas.

134 904 295 946 Votum
315 919 393 959 pro
413 904 553 945 reditu
575 903 794 953 simulant,
827 918 877 944 ea
896 902 1006 943 fama
1027 910 1218 956 vagatur.

134 961 233 1004 Huc
253 961 418 1003 delecta
437 962 570 1002 virum
591 962 725 1002 sortiti
745 975 924 1015 corpora
943 959 1085 1000 furtim

134 1018 357 1060 Includent
377 1033 489 1060 caeco
510 1018 642 1067 lateri,
662 1018 915 1072 penitusque
935 1030 1136 1057 cavernas

134 1075 333 1130 Ingentes
349 1083 599 1129 uterumque
620 1081 780 1116 armato
796 1073 925 1116 milite
946 1072 1172 1127 complent.

194 1133 271 1173 Est
290 1134 332 1174 in
349 1141 580 1186 conspectu
600 1131 816 1180 Tenedos,
838 1131 1053 1171 notissima
1072 1130 1183 1170 fama

136 1189 293 1239 Insula,
316 1190 433 1230 dives
454 1203 597 1242 opum,
621 1188 777 1228 Priami
797 1187 898 1227 dum
918 1201 1050 1240 regna
1069 1186 1317 1234 manebant3

136 1246 265 1287 Nunc
286 1253 448 1287 tantum
469 1246 582 1286 sinus
602 1252 645 1285 et
665 1245 789 1285 statio
809 1242 916 1284 male
936 1243 1024 1283 fida
1043 1243 1217 1284 carinis:

137 1303 237 1345 Huc
259 1317 303 1344 se
323 1303 512 1357 provecti
531 1302 700 1343 deserto
719 1302 761 1342 in
790 1300 912 1341 litore
935 1300 1137 1341 condunt.

136 1411 228 1429 soevus
240 1399 305 1435 ΙΙΙ,
316 1400 385 1428 273.
395 1398 518 1437 (melius
529 1398 556 1426 h.
569 1398 589 1426 l.
604 1407 690 1436 quam
699 1397 843 1436 patiens).

137 1439 181 1468 H.
206 1439 285 1467 miles
316 1437 408 1471 Ulixi,
433 1438 462 1466 h.
490 1448 516 1465 e.
549 1436 644 1466 militu
662 1446 677 1464 ,1
706 1436 842 1474 Ulyssis3

137 1488 205 1506 nam
228 1477 432 1515 compluribus
452 1476 517 1504 aliis
536 1480 647 1513 praeter
669 1475 843 1504 Itliacenses

138 1517 260 1554 populis
287 1516 464 1553 imperabat.
503 1514 541 1542 cf.
566 1514 660 1543 Hom.
681 1514 765 1550 1143,
785 1515 841 1543 631

137 1557 224 1584 -35-
242 1554 288 1583 W.
330 1554 442 1583 Mirum
455 1557 513 1586 est,
527 1553 607 1591 quod
622 1553 677 1581 hoc
689 1552 727 1581 de
744 1553 842 1582 Ache-

138 1594 253 1623 menide
281 1592 369 1631 (vide
402 1592 454 1620 lib.
483 1592 549 1626 III,
583 1593 658 1625 614)
692 1592 845 1630 accepisse

138 1633 279 1662 Asinium
301 1631 479 1664 Pollionem,
495 1635 658 1659 memorant
678 1631 802 1659 Servius
816 1634 846 1659 ct

140 1671 336 1710 Pomponius.
356 1670 497 1699 Imitatus
518 1670 546 1698 11.
562 1669 582 1697 l.
603 1669 696 1698 Silius
714 1669 761 1703 II,
777 1670 844 1698 050.

140 1711 277 1749 sqq.—8.
303 1711 323 1738 9
348 1709 419 1738 Nox
455 1708 611 1737 descendit
635 1708 663 1737 in
690 1718 844 1742 oceanum,

140 1749 225 1786 quasi
238 1758 330 1778 cursu
345 1758 398 1786 per
410 1747 479 1775 eoeli
492 1748 594 1776 orbem
611 1747 740 1775 medium
755 1750 844 1777 facto.

141 1789 215 1817 Inde
230 1792 261 1816 et
275 1787 375 1816 sidera
392 1786 498 1814 cadunt
517 1795 572 1823 pro
593 1785 744 1813 occidunt.
766 1786 843 1813 conf.

140 1827 199 1862 IV,
226 1827 275 1855 81.
303 1824 432 1853 suadent
454 1823 550 1852 sidera
574 1823 703 1852 cadentia
729 1833 843 1851 somnos

139 1864 320 1903 elegantius,
341 1873 440 1901 quam,
460 1862 587 1890 invitant
607 1863 645 1890 ad
659 1871 843 1890 somnum.—

143 1905 178 1931 ll
193 1912 358 1941 supremum
378 1901 516 1933 laborem,
535 1900 663 1934 cladem,
677 1900 775 1938 ipsum
795 1910 845 1928 ur-

140 1942 188 1970 bis
202 1940 484 1971 excidium.-—Mox
503 1939 612 1977 resuyit
624 1938 787 1977 exquisite,
808 1940 846 1967 ad

142 1980 268 2009 formam
285 1978 387 2008 aoristi
401 1989 456 2017 pro
476 1982 637 2016 praesente.
660 1979 772 2006 Locum
792 1988 847 2006 ex-

140 2028 278 2057 pressere
293 2017 354 2051 alii,
369 2028 398 2046 v.
415 2027 442 2047 c,
458 2017 571 2046 Seneca
582 2018 688 2054 Agam.
700 2017 768 2045 417.
779 2026 846 2055 sqq.

141 2058 211 2096 (ubi
236 2057 363 2086 verbum
381 2056 488 2093 refuyit
511 2065 575 2084 cum
598 2055 743 2084 infinitivo
768 2054 848 2094 loqui

144 2096 259 2134 pariter
279 2095 473 2128 construitur,
486 2101 519 2122 ut
535 2094 564 2122 11.
578 2094 597 2122 l.
611 2094 723 2123 animas
740 2095 847 2133 resuyc't

140 2145 205 2164 cum
215 2134 362 2163 infinitivo
375 2133 543 2162 meminisse.
566 2132 632 2171 W.)

182 2175 218 2203 13
241 2172 329 2202 Fatis
345 2172 470 2211 repulsi:
492 2172 631 2210 quoniam
660 2171 747 2200 fatale
771 2175 846 2205 erat,

143 2221 200 2240 non
217 2212 272 2240 nisi
293 2216 363 2250 post
387 2221 492 2240 novem
514 2220 603 2240 annos
623 2211 742 2248 Trojam
758 2210 848 2248 capi3

145 2261 176 2279 v.
198 2250 238 2278 11.
262 2255 293 2285 β,
317 2251 385 2278 328.
409 2251 527 2279 9.-15,
546 2249 648 2278 Instar
672 2249 786 2284 ouantis,
812 2249 849 2278 ad

144 2288 255 2317 montis
280 2288 531 2327 magnitudinem,
558 2289 692 2317 breviter
716 2298 849 2326 magnam

145 2327 306 2366 imaginem
332 2327 375 2356 rei
402 2327 499 2356 animo
534 2327 655 2364 objecit,
683 2327 784 2355 statim
812 2327 849 2355 ab

144 2366 239 2395 initio.
266 2365 301 2401 (I
302 2370 384 2393 ustar
394 2366 531 2394 montium
538 2365 663 2394 educatae
670 2365 851 2404 Pyrmnitlis.

145 2405 216 2432 Tac.
250 2404 326 2433 Ann.
358 2405 407 2438 II,
438 2406 487 2433 61.
527 2404 591 2441 W.)
614 2404 749 2433 Palladis
776 2408 851 2439 arte,

145 2446 470 2477 ὑποθημοσύνησι.--τὸν
503 2445 606 2472 Ἐπειὸς
638 2445 767 2476 ἐποίησεν
800 2447 848 2471 σὺν

146 2484 241 2523 Αθὴνῃ.
283 2481 343 2509 Od.
365 2484 391 2510 θ.
413 2483 483 2515 493,
506 2481 635 2510 intexunt
651 2487 746 2511 costas
760 2482 849 2510 abiete

145 2525 234 2555 secta,
256 2519 285 2548 h.
300 2529 327 2548 e.
350 2520 487 2549 trabibus
509 2520 657 2559 abiegnis,
681 2524 796 2550 tantum
813 2521 849 2549 ad

148 2558 376 2588 declarationem
404 2559 575 2588 ulteriorem
604 2559 685 2588 vocis
710 2559 851 2596 aedificant

149 2601 277 2637 spectat.
303 2596 431 2625 intexunt
458 2598 560 2636 simpl.
581 2602 629 2626 est
647 2603 756 2632 texunt,
782 2607 849 2626 con-

149 2636 355 2665 struunt.—17
389 2636 566 2673 sparserant
591 2637 711 2671 famam,
744 2647 852 2674 equum

149 2675 226 2704 hunc
248 2673 366 2704 Palladi
381 2683 446 2703 esse
467 2675 609 2713 positum,
631 2675 710 2707 votis
729 2685 784 2714 pro
807 2685 853 2705 re-

733 2775 756 2808 8

882 1397 946 1425 ditu
975 1397 1137 1435 susceptis.
1170 1396 1251 1430 Hoc,
1281 1399 1314 1424 ut
1337 1395 1437 1434 poeta,
1468 1394 1591 1424 extulit.

883 1435 1009 1464 Servius
1027 1440 1118 1464 volum
1133 1446 1187 1474 pro
1198 1434 1357 1474 participio
1373 1434 1473 1468 habet,
1490 1434 1521 1462 id
1542 1439 1589 1463 est

883 1474 1007 1503 vovisse
1030 1485 1085 1513 pro
1111 1475 1221 1503 reditu.
1261 1474 1396 1502 Ibidem:
1428 1473 1536 1502 Accius
1560 1473 1590 1501 in

884 1513 1033 1551 Deiphobo
1044 1514 1213 1552 inscriptum
1226 1512 1310 1541 ‹lic-ic.-
1333 1512 1366 1540 M
1371 1512 1475 1540 inervoe
1487 1512 1590 1540 (Ionum

883 1552 1067 1590 omnipotenti
1093 1552 1193 1581 Danai
1225 1552 1359 1580 abeuntes
1391 1550 1497 1580 (licum.
1550 1551 1591 1579 cs.

886 1591 1000 1629 Hygin.
1015 1591 1034 1618 f.
1050 1592 1116 1619 108.
1127 1595 1158 1620 et
1168 1591 1210 1619 ihi
1223 1591 1294 1619 Not.
1309 1590 1400 1626 Quod
1412 1589 1460 1619 hic
1470 1600 1508 1618 ex
1522 1594 1591 1619 voto

885 1640 980 1668 equus
1004 1630 1122 1659 dicatus
1148 1630 1270 1662 dicitur,
1295 1639 1351 1657 nox.
1374 1633 1521 1666 repugnat
1542 1629 1591 1663 iis,

885 1669 935 1706 qui
962 1669 998 1697 ad
1027 1668 1180 1698 Palladem
1208 1668 1384 1706 placandam
1400 1671 1590 1696 exstructum

885 1708 998 1741 dicunt,
1017 1707 1122 1743 Quint.
1144 1707 1227 1741 XII,
1251 1708 1300 1736 38.
1321 1707 1389 1735 379.
1404 1706 1439 1734 ln
1453 1706 1484 1734 id
1499 1706 1589 1735 etiam

885 1746 1036 1775 consentit
1049 1746 1158 1784 virgil.
1178 1746 1254 1775 infra
1273 1757 1302 1775 v.
1317 1746 1385 1775 162.
1406 1746 1590 1783 δρψ-18-

880 1786 919 1813 20
927 1785 1078 1814 Ductores
1088 1786 1220 1814 Danaum
1226 1784 1494 1818 sorciei‚sortitione
1504 1784 1595 1819 sacta,

880 1823 1026 1851 includunt
1038 1825 1090 1852 lm(-
1102 1834 1174 1852 coeco
1188 1823 1284 1859 lateri,
1299 1824 1327 1852 h.
1341 1834 1367 1853 e.
1376 1823 1405 1852 in
1418 1823 1510 1856 latus,
1522 1823 1551 1852 h.
1567 1834 1594 1854 e.

882 1871 991 1899 corpus
1003 1863 1072 1900 equi
1087 1863 1249 1896 occultum,
1263 1863 1292 1890 in
1303 1872 1363 1900 quo
1379 1862 1487 1891 occulti
1501 1863 1595 1892 latere

885 1903 1031 1938 poterant,
1048 1900 1155 1929 delecta
1169 1901 1296 1929 virorum
1307 1911 1430 1938 covporct
1440 1901 1592 1939 exquisite

886 1947 941 1975 pro
964 1939 1041 1966 viros
1061 1938 1199 1974 delectos3
1233 1939 1289 1967 hoc
1310 1939 1387 1967 idem
1408 1939 1590 1969 declarative

886 1977 1044 2006 exornavit
1057 1977 1086 2005 in
1101 1977 1147 2011 iis,
1170 1987 1237 2014 quae
1262 1977 1401 2014 subjicit:
1418 1977 1591 2017 penitusque

885 2016 1074 2054 —vompleuh
1088 2016 1203 2044 Ornata
1216 2016 1314 2044 omnia
1326 2025 1382 2053 pro
1394 2026 1400 2044 ε
1422 2026 1500 2053 equo
1522 2017 1593 2047 huic

884 2053 1040 2083 includunt
1054 2054 1187 2083 delectos
1210 2054 1302 2083 viros.
1342 2054 1480 2084 Fuerunt
1493 2059 1592 2085 autem

886 2093 1007 2131 Ulyssis
1033 2093 1195 2131 praecipuae
1227 2103 1263 2122 ea
1282 2093 1313 2121 in
1334 2103 1365 2122 re
1386 2098 1497 2131 parteS.
1528 2095 1591 2125 vid.

886 2133 988 2172 Odyaes
1021 2136 1045 2166 θ,
1071 2133 1140 2161 494.
1163 2135 1193 2160 ὅν
1213 2134 1272 2161 ποτ’
1293 2135 1320 2162 ἒς·
1340 2136 1489 2166 ἀκρόπολιν
1510 2139 1593 2164 δόλον

888 2174 971 2206 ἤγαγε
993 2174 1048 2200 δῖος
1073 2173 1226 2204 'obvanam
1251 2171 1341 2205 (luxit,
1363 2172 1392 2200 11.
1413 2183 1439 2201 e.
1456 2173 1541 2210 ficit,
1561 2179 1594 2202 ut

887 2211 1038 2239 duceretur
1049 2210 1077 2238 vin
1085 2220 1187 2238 arcem.
1199 2210 1238 2238 Ei
1251 2210 1294 2238 sic
1306 2210 1409 2244 ceteri,
1419 2214 1453 2239 ut
1463 2211 1593 2247 Quintus

889 2249 972 2285 XII,
988 2250 1036 2278 22.
1053 2259 1130 2286 sqq.¹
1146 2249 1226 2286 apud
1246 2259 1334 2287 quem
1359 2250 1486 2279 Calchas
1510 2255 1594 2280 vates

887 2288 1001 2326 primus
1014 2288 1126 2316 fraudis
1143 2292 1247 2316 auctor
1261 2291 1317 2321 est,
1328 2288 1451 2317 modum
1463 2294 1493 2318 et
1503 2290 1594 2319 ratio-

890 2337 955 2355 nem
982 2326 1095 2355 fraudis
1120 2326 1230 2364 Ulysse
1255 2326 1449 2364 subjiciente;
1483 2332 1514 2357 at
1541 2338 1592 2366 ap.

889 2365 1042 2403 Tryphod.
1067 2365 1115 2394 44.
1136 2375 1202 2404 sqq.
1224 2364 1360 2394 Helenus
1380 2366 1472 2403 Troja
1490 2367 1594 2405 profu-

899 2414 956 2432 rus.

890 2415 906 2442 ὃ
925 2443 1042 2472 21-23
1060 2441 1186 2471 Tenedos
1198 2442 1385 2475 insula,olim
1396 2441 1593 2480 Leucophrys,

889 2491 958 2520 agro
972 2482 1102 2519 Trojano
1117 2485 1274 2519 praetenta,
1292 2481 1354 2510 XL
1375 2481 1480 2509 stadiis
1493 2491 1509 2509 a
1522 2491 1592 2510 con-

888 2520 997 2549 tinente
1011 2522 1105 2549 abest.
1118 2520 1196 2549 dives
1205 2530 1288 2558 opum
1298 2522 1421 2558 propter
1430 2519 1593 2549 incolarum

888 2559 1019 2587 divitias.
1051 2560 1137 2587 Nunc
1153 2563 1266 2588 tantum
1279 2559 1359 2586 sinus
1371 2562 1398 2585 et
1410 2558 1507 2593 statio,
1521 2559 1549 2587 h.
1565 2570 1592 2588 e.

890 2607 925 2626 ea
946 2597 1081 2627 vastities
1093 2598 1123 2626 in
1135 2598 1232 2626 insula
1245 2598 1331 2631 facta,
1350 2600 1381 2625 ut
1398 2596 1449 2625 illa
1462 2597 1519 2626 hoc
1535 2608 1591 2626 uno

892 2640 962 2665 nota
974 2637 1024 2671 sit,
1039 2637 1120 2675 quod
1139 2646 1225 2665 naves
1237 2639 1414 2674 tempestate
1427 2636 1550 2673 jactatae
1565 2637 1595 2666 in

891 2675 1012 2706 litorem
1044 2685 1177 2711 recessu,
1212 2684 1299 2713 quem
1332 2674 1425 2703 sinum
1455 2675 1597 2714 appellat,
