1796 3077
589 243 861 283 AENEIDO'S.

917 244 1018 283 LIB.
1050 244 1101 282 X.
1508 255 1602 299 579

141 362 242 408 Quo
264 376 400 416 neque
421 377 487 403 me
509 362 676 413 Rutuli,
698 379 775 406 nec
795 365 1327 421 consciafamasequatur.

140 417 250 460 Haec
271 434 518 469 memoranS,
532 421 669 461 animo
685 436 796 462 nunc
816 422 915 470 huc,
933 437 1045 463 nunc
1063 422 1241 464 fluctuat
1259 423 1356 465 illuc
1373 440 1382 473 3

1514 424 1599 464 680

137 474 210 514 An
232 490 322 516 sese
342 491 540 518 mucrone
562 478 617 517 ob
639 484 802 518 tantum
823 478 1010 519 dedecus
1026 494 1169 520 amens

138 530 308 580 Induat,
330 540 373 572 et
392 532 570 573 crudum
590 548 667 586 per
685 541 823 574 costas
841 534 986 587 exigat
1006 549 1171 585 ense1n3

138 585 358 628 Fluctibus
379 603 431 628 an
446 588 578 641 jaciat
598 589 760 638 mediis,
782 597 825 631 et
844 589 967 630 litora
987 591 1127 631 nando

138 642 280 683 Curva
298 652 432 697 petat,
455 644 757 699 Teucrumque
778 647 930 686 iterum
952 661 996 687 se
1017 647 1170 687 reddat
1190 647 1233 687 in
1254 662 1383 688 arma.

138 697 229 739 Ter
249 708 423 740 conatus
445 708 667 754 utramque
687 702 814 742 viam:
848 710 913 742 ter
933 703 1115 743 maxima
1134 703 1250 744 Juno

1512 705 1596 745 685

139 754 380 804 Continuit3
407 757 692 810 juvenemque
713 759 838 798 animi
858 759 1056 799 miserata
1076 761 1295 813 repressit.-

136 810 318 851 Labitur
338 811 424 852 alta
444 826 589 852 secans
611 814 830 866 fluctuque
851 822 1041 867 aestuque
1064 816 1250 856 secundo
1269 833 1278 865 ;

136 866 197 906 Et
218 868 348 920 patris
368 869 583 920 antiquam
605 868 751 908 Dauni
771 869 962 909 defertur
982 871 1036 910 ad
1058 872 1219 911 urbem.

190 922 253 963 At
271 923 391 963 Jovis
411 924 572 964 interea
592 925 759 964 monitis
782 924 1024 965 Mezentius
1046 927 1199 967 ardens

134 978 336 1020 Succedit
356 994 526 1033 pugnae,
549 980 833 1034 Teucrosque
855 981 1015 1022 invadit
1034 990 1223 1023 ovantes.

1512 984 1596 1023 690

136 1035 407 1076 Concurrunt
425 1036 464 1075 T
468 1036 662 1089 yrrhenae
684 1038 808 1085 acies,
832 1044 958 1090 atque
979 1039 1172 1078 omnibus
1192 1038 1279 1087 uni,

135 1091 224 1131 Uni
244 1092 436 1146 odiisque
457 1092 545 1133 viro
566 1092 744 1146 telisque
766 1093 1058 1146 frequentibus
1079 1095 1250 1134 instant.

132 1146 221 1195 lue,
244 1147 359 1188 velut
378 1162 520 1201 rupes,
542 1156 706 1189 vastum
727 1164 822 1201 quae
843 1150 986 1202 prodit
1008 1151 1049 1189 in
1070 1165 1231 1202 aequor,

133 1203 276 1243 Obvia
294 1210 514 1244 ventorum
536 1203 669 1252 furiis,
692 1212 957 1258 expostaque
979 1213 1110 1258 ponto

132 1258 231 1299 Vim
251 1267 445 1300 cunctam
465 1267 592 1313 atque
614 1261 745 1300 minas
767 1260 927 1313 perfert
946 1260 1127 1314 coelique
1148 1262 1372 1315 marisque,

1506 1262 1591 1302 695

132 1314 233 1369 Ipsa
252 1316 421 1356 immota
441 1331 637 1356 manens:
669 1315 831 1370 prolem
853 1316 1132 1358 Dolichaonis
1154 1317 1351 1358 Hebrum

132 1371 293 1412 Sternit
313 1371 443 1420 humi,
465 1386 560 1412 cum
581 1387 666 1424 quo
692 1372 916 1425 Latagum,
940 1372 1217 1425 Palmumque
1238 1373 1456 1427 fugacem:

132 1428 220 1468 Sed
243 1427 455 1481 Latagum
476 1442 578 1467 saxo
597 1435 724 1481 atque
744 1428 905 1480 ingenti
926 1428 1131 1481 fragmine
1153 1430 1305 1469 montis

131 1483 330 1537 Occupat
352 1499 398 1524 os
419 1484 653 1537 faciemque
675 1483 917 1533 adversam;
950 1484 1111 1537 poplite
1133 1484 1326 1526 Palmum

131 1540 305 1581 Succiso
326 1539 435 1580 volvi
454 1555 626 1594 segnem
646 1540 766 1588 sinit3
798 1555 998 1593 armaque
1021 1540 1164 1580 Lauso

1507 1542 1590 1582 700

128 1596 277 1638 Donat
297 1596 455 1636 habere
475 1596 673 1644 humeris,
694 1603 737 1636 et
756 1596 912 1638 vertice
933 1596 1065 1649 figere
1086 1597 1245 1637 cristas,

130 1652 228 1693 Nec
249 1667 334 1693 non
358 1652 585 1693 Evanthen
607 1651 855 1706 Phrygium,

877 1651 1129 1706 Paridisque
1152 1653 1360 1694 Mimanta

131 1708 361 1762 AEqualem
380 1709 681 1762 comitemque:
715 1723 798 1748 una
819 1717 943 1761 quein
964 1717 1087 1749 nocte
1109 1709 1290 1750 Theano

129 1764 179 1805 In
200 1765 337 1806 lucem
358 1765 540 1820 genitori
559 1764 724 1818 Amyco
745 1765 878 1814 dedit,
901 1772 944 1805 et
964 1765 1055 1805 face
1077 1780 1303 1820 praegnans

130 1878 244 1908 Africae
258 1880 386 1917 cogites,
402 1880 457 1909 sed
470 1880 507 1909 de
526 1889 703 1918 quocunque
718 1879 838 1907 cumulo

129 1928 258 1947 arenoso
274 1919 476 1948 maris—679
489 1918 602 1947 conscia
615 1920 700 1955 sama
714 1927 773 1946 esse
784 1928 838 1955 po<

130 1960 197 1991 test,
221 1957 302 1994 cnjus
332 1957 449 1985 Turnus
472 1957 539 1995 ipse
559 1956 688 1984 conscius
715 1960 773 1988 est,
795 1956 838 1983 sic

129 1995 244 2024 conscia
256 1995 350 2024 virtus
370 1995 409 2029 V,
424 1996 482 2023 455
496 2005 552 2032 pro
570 1994 700 2032 vulgari,
715 1993 839 2022 virtutis

129 2033 324 2063 conscientia.
343 2033 415 2062 item
430 2033 514 2067 XII,
528 2034 597 2062 668.
638 2032 718 2060 Haeo
738 2036 835 2060 tamen

129 2071 316 2100 conscientia
334 2072 466 2100 Turnum
487 2081 542 2100 nec
562 2071 592 2098 in
607 2071 689 2108 Syrti
705 2070 837 2099 deseret.

130 2109 208 2137 Tum
224 2110 405 2139 antecedunt
419 2109 534 2138 Rutuli.
554 2109 630 2137 Vult
643 2119 676 2137 se
693 2109 836 2137 abscondi

130 2146 160 2174 in
181 2147 249 2176 loco
263 2152 392 2181 remoto,
408 2158 468 2186 quo
489 2158 545 2176 nec
567 2147 677 2176 Rutuli
697 2157 764 2176 eum
788 2157 837 2175 se-

131 2189 274 2223 quantur,
288 2195 344 2214 nec
365 2186 444 2214 fama
460 2186 498 2215 de
512 2195 548 2215 eo
562 2186 729 2224 perveniat,
745 2185 787 2213 ita
803 2189 837 2213 ut

130 2233 148 2251 a
162 2223 277 2252 nemine
289 2228 480 2261 agnoscatur.
521 2224 603 2262 Ergo
616 2224 836 2261 pra-serendum

128 2261 269 2295 alterum,
297 2266 331 2290 ut
357 2262 472 2290 conscia
498 2262 539 2292 sit
564 2262 720 2300 epitheton
747 2262 835 2290 samae

129 2299 308 2344 simpliciter
332 2309 461 2336 ornans3
483 2300 579 2329 omnis
601 2301 679 2329 fama
694 2301 761 2337 ejus
778 2300 833 2333 rei,

127 2338 210 2372 sacti,
232 2336 370 2372 hominis,
392 2338 429 2366 de
449 2348 510 2376 quo
526 2338 641 2376 aliquid
667 2338 784 2367 nuntiat
804 2343 834 2366 et

129 2376 260 2414 spargit,
282 2381 331 2405 est
351 2376 475 2410 conscia,
499 2376 543 2404 ita
561 2377 590 2404 h.
604 2376 626 2406 l.
639 2376 743 2405 Turni.
784 2376 834 2404 Sic

128 2415 241 2443 conscia
259 2414 356 2443 sidera
377 2424 468 2450 supra
480 2414 543 2448 IX,
557 2415 626 2443 419.
639 2414 756 2451 agmina
768 2425 832 2442 con*

127 2453 189 2481 scia
215 2452 281 2481 scil.
305 2452 370 2481 doli
391 2452 439 2483 ΙΙ.
459 2453 626 2481 267.--681
642 2453 770 2481 Solenne
785 2456 834 2481 est

128 2490 248 2528 poetis:
270 2491 386 2519 induere
407 2500 438 2518 se
457 2490 513 2518 telo
536 2494 568 2518 et.
589 2490 619 2518 in
642 2490 746 2519 telum:
767 2500 832 2519 mu-

128 2539 217 2558 crone
232 2530 337 2563 infixo,
351 2528 403 2567 qui
424 2539 441 2557 a
456 2528 627 2556 visceribus
653 2533 684 2558 et
706 2539 833 2566 corpore

128 2572 272 2605 receptus
286 2568 425 2595 conditur
444 2570 475 2595 et
497 2566 719 2603 tegitur.—-683
746 2577 781 2595 an
803 2568 832 2595 in

130 2605 252 2640 fluctus,
267 2606 398 2639 med'mm
414 2605 442 2633 h.
462 2604 555 2633 altum
574 2614 666 2637 mare,
686 2615 718 2633 se
738 2606 831 2643 proji-

127 2644 199 2671 ciat.
251 2644 309 2672 686
332 2643 421 2672 animi
444 2643 580 2671 miseram
604 2642 691 2671 Serv.
717 2648 737 2660 ‘¹
754 2653 830 2682 pro:

131 2682 229 2713 animo
244 2691 295 2717 m.,
308 2681 389 2711 sicut
403 2681 472 2711 XII
479 2704 486 2717 ,
500 2682 538 2710 19
554 2681 580 2709 0
589 2686 735 2719 pram-cans
746 2683 833 2710 animi

869 1878 1021 1916 juvenis.‘’
1061 1879 1160 1907 Immo
1182 1889 1255 1908 vero
1276 1883 1341 1908 est:
1362 1879 1504 1908 miserata
1525 1879 1585 1908 ani-

879 1927 971 1951 mum,
987 1917 1120 1946 dolorem
1143 1917 1253 1954 animi3
1275 1927 1340 1946 nam
1366 1919 1439 1946 ordo
1458 1922 1519 1946 est:
1534 1918 1587 1954 ju-

878 1965 972 1984 venem
995 1956 1144 1994 repressit,
1164 1956 1300 1984 miserata
1323 1958 1411 1987 (cum)
1432 1955 1532 1988 animi,
1553 1959 1587 1983 ut

880 2003 925 2031 gr.
947 1997 1030 2027 θυμοῦ
1045 2004 1087 2022 sc.
1102 1996 1189 2022 ἕνεκα.
1216 1995 1313 2022 Casus
1330 1995 1483 2023 secundus
1497 1994 1588 2022 verbo

876 2031 1010 2060 miserari
1029 2037 1059 2060 et
1082 2032 1234 2060 similibus
1250 2033 1370 2061 additus
1384 2043 1446 2061 rem
1461 2033 1584 2060 misera-

877 2069 951 2097 tioni
966 2071 1115 2107 objectam
1132 2070 1275 2099 denotare
1294 2071 1478 2099 solet.—GST
1499 2074 1583 2103 aesffl,

876 2107 1006 2136 fortasse
1020 2108 1049 2136 h.
1064 2108 1084 2136 l.
1099 2112 1200 2136 vento.
1240 2108 1307 2141 Usu
1323 2112 1421 2137 tamen
1437 2117 1584 2146 gramma-

876 2146 935 2174 tico
943 2146 1053 2182 fluctus
1061 2150 1108 2174 est
1121 2156 1158 2174 ex
1169 2149 1270 2180 vento,
1281 2151 1369 2175 (estus
1377 2150 1476 2174 motus
1488 2145 1582 2175 maris

876 2194 916 2212 ex
932 2187 1036 2212 natura
1047 2194 1112 2212 sua.
1153 2184 1237 2221 Ergo
1259 2188 1347 2213 cestus
1360 2184 1498 2212 secundus
1517 2184 1547 2213 h.
1562 2183 1584 2212 l.

875 2231 933 2250 non
955 2222 985 2250 in
1007 2222 1098 2250 altum
1128 2223 1312 2260 abripiebat,
1336 2223 1391 2251 sed
1410 2221 1508 2250 littori
1528 2231 1580 2250 ua·

875 2270 941 2289 vem
958 2261 1246 2289 admovebat.——(ij
1260 2261 1369 2294 urbem,
1386 2261 1529 2290 Ardeam.

913 2298 1501 2336 GSSJovismonitis,impulsu‚cont'.IX,
1512 2297 1582 2327 184.

874 2338 941 2366 185.
970 2337 1087 2369 Po'eitae,
1110 2337 1134 2364 si
1156 2337 1282 2366 deorum
1298 2337 1474 2366 ministeriis
1489 2341 1578 2365 utun-

873 2380 923 2404 tur
935 2374 971 2404 ad
983 2375 1186 2412 expediendas
1198 2385 1256 2408 res,
1269 2385 1326 2403 non
1337 2384 1580 2413 sempermorum

874 2417 905 2443 et
919 2413 1084 2442 animorum
1099 2413 1280 2450 probitatem
1296 2417 1444 2451 spectant.
1476 2413 1577 2442 Multo

872 2451 970 2480 minus
991 2452 1022 2480 id
1043 2451 1228 2488 antiquiores
1244 2453 1345 2490 poetae
1358 2455 1510 2485 curarunt,
1525 2451 1576 2489 qui

872 2490 967 2518 multa
981 2489 1075 2526 impia
1091 2493 1122 2517 et
1136 2490 1278 2524 scelesta,
1292 2490 1492 2518 intercedente
1505 2490 1577 2517 deo-

872 2537 938 2556 rum
962 2537 1063 2565 opera,
1076 2527 1156 2555 facta
1178 2533 1316 2563 narrant3
1337 2537 1404 2556 curn
1426 2528 1457 2556 id
1478 2528 1575 2556 solum

872 2570 1059 2603 reputarent,
1073 2569 1107 2592 ut
1126 2565 1168 2593 rei
1188 2566 1272 2594 mirae
1292 2571 1321 2595 et
1343 2565 1470 2597 insolitae
1485 2575 1576 2593 causa

871 2608 901 2633 et
917 2608 1021 2632 auctor
1033 2603 1229 2631 inveniretur.

909 2643 1065 2673 702—706
1076 2641 1282 2670 Commentum
1295 2643 1392 2680 poetae
1408 2642 1443 2670 ad
1459 2641 1574 2671 varian-

872 2680 940 2709 dam
954 2679 1172 2717 narrationem3
1194 2681 1278 2719 quale
1290 2690 1337 2719 ap.
1352 2681 1519 2709 Homerum
1535 2680 1574 2711 de
