1796 3077
567 281 836 320 AENEIDOS.

129 402 305 445 Fecerat
325 410 368 446 et
387 405 507 445 viridi
528 405 655 447 fetam
677 406 882 448 Mavortis
902 406 944 446 in
964 414 1084 448 antro

894 283 995 320 LIB.
1030 283 1143 320 vm.
1482 291 1575 335 507

1490 407 1574 447 630

128 461 411 503 Procubuisse
432 462 574 517 lupam
591 479 599 503 :
633 465 817 518 geminos
838 463 937 504 huic
958 465 1091 504 ubera
1110 464 1264 508 circum

128 517 302 561 Ludere
324 519 556 573 pendentes
576 535 745 573 pueros,
770 528 812 561 et
831 519 1015 561 lambere
1033 528 1206 562 matrem

126 572 369 628 Impavidos
389 593 399 625 ;
430 575 542 616 illam
563 578 685 618 tereti
705 578 865 618 cervice
891 577 1092 618 reflexam

126 630 320 673 Mulcere
342 632 538 683 alternos,
559 642 601 674 ct
621 649 799 688 corpora
819 633 979 688 fingere
1000 633 1154 688 lingua.

126 687 224 729 Nec
245 690 394 742 procul
415 690 512 731 hinc
534 690 726 740 Romam,
747 698 788 731 et
808 699 949 744 raptas
971 691 1058 731 sine
1079 706 1193 732 more
1216 692 1393 735 Sabinas
1491 696 1517 735 6
1551 711 1558 733 .’

1521 695 1546 735 03

1556 695 1576 735 »ἲ

126 744 339 787 Consessu
355 761 508 795 caveae,
536 749 696 802 magnis
719 748 988 789 Circensibus
1008 749 1124 797 actis,

124 801 381 853 Addiderat,
405 805 628 857 subitoque
649 819 803 844 novum
823 819 1078 858 consurgere
1098 805 1256 847 bellum

125 857 378 907 Romulidis,
402 860 615 913 Tatioque
637 861 739 910 seni,
763 861 1032 914 Curibusque
1055 863 1221 903 severis.

125 914 231 956 Post
251 915 377 964 idem,
399 916 504 956 inter
523 930 567 956 se
586 918 726 971 posito
746 917 985 966 certamine,
1007 932 1128 971 reges

124 971 292 1013 Armati
312 972 430 1013 Jovis
452 980 549 1014 ante
570 989 697 1022 aram,
720 981 973 1027 paterasque
994 982 1200 1025 tenentes,

1495 979 1578 1020 6⁴10

123 1029 319 1078 Stabant,
341 1037 385 1070 et
405 1030 763 1084 caesajungebant
783 1030 947 1071 foedera
966 1046 1109 1084 porca.

123 1084 258 1126 Haud
277 1085 426 1140 procul
446 1087 544 1127 inde
566 1087 661 1127 citae
680 1086 847 1128 Metum
868 1088 909 1127 in
931 1088 1094 1129 diversa
1115 1090 1336 1145 quadrigae

124 1141 392 1183 Distulerant
413 1143 472 1196 (at
493 1150 539 1184 tu
558 1144 696 1192 dictis,
716 1143 898 1193 Albane,
916 1159 1105 1186 maneres
1124 1148 1151 1198 Σ)

123 1197 428 1253 Raptabatque
449 1199 525 1239 viri
544 1201 756 1240 mendacis
778 1201 937 1241 viscera
959 1201 1111 1242 Tullus

120 1253 208 1295 Per
228 1255 384 1303 silvam,
406 1264 449 1296 et
470 1256 603 1310 sparsi
623 1257 824 1296 rorabant
845 1258 1047 1311 sanguine
1068 1272 1233 1311 vepres.

1494 1262 1578 1303 645

122 1311 217 1353 Nec
238 1327 323 1353 non
343 1312 622 1366 Tarquinium
644 1314 824 1367 ejectum
846 1313 1035 1354 Porsena
1052 1315 1233 1368 jubebat

120 1368 345 1423 Accipere,
367 1370 610 1423 ingentique
629 1371 778 1410 urbem
799 1370 1016 1411 obsidione
1037 1372 1281 1424 premebat3

122 1425 335 1466 AEneadae
351 1426 393 1465 in
414 1426 571 1466 ferrum
587 1440 665 1479 pro
683 1425 880 1466 libertate
901 1428 1096 1467 ruebant.

122 1481 246 1522 Illum
266 1482 504 1536 indignanti
524 1481 708 1531 similem,
732 1481 988 1536 similemque
1009 1484 1182 1524 minanti

120 1538 379 1592 Aspiceres;
412 1546 586 1593 pontem
607 1539 784 1579 auderet
805 1539 919 1593 quod
941 1539 1094 1581 vellere
1116 1540 1280 1590 Cocles,

1492 1545 1577 1585 650

124 1595 186 1636 Et
206 1595 378 1636 fluvium
399 1595 542 1636 vinclis
562 1596 726 1636 innaret
749 1595 899 1636 Cloelia
919 1598 1069 1651 ruptis.

123 1651 175 1692 In
197 1667 356 1693 summo
378 1659 519 1693 custos
539 1651 739 1706 Tarpeiae
762 1651 949 1693 Manlius
970 1655 1075 1694 arcis

123 1708 276 1749 Stabat
295 1724 373 1763 pro
394 1708 566 1764 templo,
588 1715 631 1749 et
652 1708 859 1763 Capitolia
881 1709 991 1750 celsa
1013 1711 1198 1761 tenebat,

123 1764 421 1820 Romuleoque
442 1781 587 1807 recens
608 1765 809 1806 horrebat
829 1767 946 1820 regia
966 1766 1114 1808 culmo.

122 1820 268 1876 Atque
288 1822 358 1863 hic
386 1823 541 1864 auratis
561 1822 736 1863 volitans
758 1830 980 1876 argenteus
1001 1838 1123 1864 anser
1494 1828 1521 1869 6
1553 1845 1560 1867 .’

1524 1827 1548 1868 Cr

1558 1828 1577 1868 nar

124 1878 377 1930 Porticibus,
402 1879 549 1920 Gallos
571 1879 613 1919 in
632 1878 771 1920 limine
792 1879 957 1929 adesse,
979 1881 1183 1931 canebat5

121 2016 287 2046 secundum
307 2027 352 2046 vs.
374 2017 442 2046 626.
462 2016 492 2045 8.
511 2017 656 2046 9.—-634:
692 2022 726 2046 ut
739 2017 831 2045 toties

120 2054 151 2083 in
162 2055 258 2084 uumis
273 2059 304 2085 et
317 2055 411 2094 signis
432 2063 567 2084 veterum
587 2056 713 2094 aliisque
733 2055 832 2093 operi-

121 2093 179 2121 bus
193 2094 291 2123 efficta
306 2097 476 2124 occurrunt.
489 2095 566 2131 feta,
584 2095 683 2129 enixa,
704 2099 737 2123 ut
750 2094 831 2123 alibi.

123 2141 154 2159 v.
185 2132 251 2161 Ecl.
280 2133 309 2167 I,
341 2134 391 2162 50.
454 2132 566 2162 Martis
593 2138 709 2162 antrum
746 2132 833 2162 multi

123 2175 300 2213 memorant,
330 2171 451 2200 obvium
479 2171 554 2200 illud
574 2172 603 2201 in
626 2172 723 2201 numis
751 2181 831 2210 geni-

123 2218 250 2246 misque.

161 2248 317 2276 635-641
333 2248 394 2276 sine
406 2258 493 2283 more,
517 2249 580 2278 sine
594 2249 672 2287 lege,
696 2253 833 2283 ἀκόσμως,

124 2285 335 2324 incomposite,
352 2291 474 2315 temere.
494 2288 573 2316 conf.
590 2288 665 2321 vll,
685 2289 759 2316 377:
797 2288 834 2320 V,

123 2325 293 2353 (iot—636
315 2334 438 2360 caveam,
473 2325 504 2353 h.
528 2326 550 2354 l.
573 2326 601 2354 in
633 2327 712 2355 circo
747 2325 838 2354 dixit.

123 2372 243 2401 'maynos
271 2363 421 2391 Circenses
442 2363 522 2391 ludos
543 2364 636 2399 dixit,
661 2375 729 2402 quae
750 2364 838 2393 Livio

123 2405 154 2430 et
176 2401 242 2430 aliis
257 2401 418 2430 Consualia
436 2406 516 2436 sunt,
538 2403 682 2440 Neptuno
707 2403 839 2441 equestri

123 2439 297 2476 celebrata,
328 2440 456 2468 sortasse
477 2440 506 2468 in
528 2440 633 2469 horum
657 2441 754 2470 locum
770 2441 839 2470 Cir-

123 2488 228 2507 censes
245 2479 565 2508 successerunt.—637
588 2489 759 2518 conszcrqere
781 2479 837 2508 bel-

124 2516 203 2545 lum.-
226 2521 408 2546 structuram
422 2516 545 2545 invertit
557 2527 564 2553 3
587 2518 720 2547 debebat
733 2518 837 2556 sequi:

126 2558 158 2583 et
181 2565 363 2594 consurgens
387 2555 457 2584 iude
486 2555 597 2584 bellum
621 2557 842 2585 novum.—038

127 2592 257 2622 Curibus
269 2594 387 2628 severis,
403 2594 440 2622 ad
460 2593 638 2622 Sabinorum
651 2595 842 2633 disciplinam

127 2636 266 2669 spectare
294 2632 382 2661 facile
408 2631 726 2671 intelligimin—porccr
759 2643 843 2668 coesa,

127 2680 167 2698 ex
183 2680 267 2699 more
289 2675 436 2709 perpetuo
464 2680 615 2699 sacrorum
631 2672 659 2699 in
676 2671 840 2700 foederibus

128 2708 289 2738 faciendis.
303 2720 333 2737 v.
357 2720 384 2738 c.
408 2708 475 2738 Liv.
490 2709 518 2743 I,
533 2711 582 2738 24.
603 2710 684 2747 quod
699 2714 728 2738 et
741 2710 841 2748 ipsum

130 2744 337 2786 argumentum
353 2753 400 2778 est
420 2747 580 2778 inultorum
605 2756 774 2785 numerum,
798 2749 843 2777 in-

871 2013 979 2053 primis
1008 2016 1105 2054 geniis
1131 2014 1285 2053 Sulpiciae,
1302 2015 1448 2051 Veturiae,
1472 2018 1580 2048 Antes-

872 2059 933 2083 tzae.

910 2093 1064 2121 642—645
1097 2093 1163 2121 Liv.
1190 2093 1219 2126 I,
1247 2092 1295 2120 27.
1323 2093 1469 2122 28.—643
1493 2095 1582 2125 docte

872 2141 1038 2169 magnaque
1053 2141 1120 2159 cum
1142 2131 1172 2159 vi
1196 2131 1318 2159 inversa
1339 2132 1432 2159 oratio
1457 2133 1580 2162 inillis:

872 2174 902 2198 at
918 2175 948 2198 ἰιι
963 2170 1058 2204 (lictis,
1072 2169 1198 2202 Albane,
1220 2169 1368 2197 vizanercs!
1399 2180 1453 2207 pro
1467 2181 1473 2198 ε
1501 2174 1584 2209 quod

872 2208 901 2236 in
930 2209 987 2236 lide
1015 2218 1070 2236 non
1098 2211 1257 2235 manserat.
1288 2208 1429 2236 mendacis
1460 2212 1583 2248 proprie

873 2247 993 2285 perfidi.
1044 2246 1178 2275 Foeditas
1202 2245 1368 2283 spectaculi
1389 2247 1427 2275 ad
1449 2253 1584 2279 nostrum

875 2295 993 2320 sensum
1027 2285 1142 2323 ingrata
1174 2284 1290 2322 asperis
1334 2290 1363 2312 et
1398 2286 1584 2323 gladiatori-'e

877 2334 986 2363 p'tgnae
1014 2323 1144 2352 assuetis
1169 2323 1373 2351 Romanorum
1400 2325 1503 2355 animis
1530 2327 1584 2356 mi-

875 2373 932 2391 -nus
953 2362 1114 2400 displicere
1129 2362 1238 2399 potuit.

915 2402 1069 2430 (ilo—(351
1095 2401 1163 2429 Liv.
1184 2401 1231 2434 ΙΙ,
1253 2401 1272 2429 9
1295 2410 1339 2438 sq.
1379 2400 1508 2432 Effictus
1533 2415 1585 2434 au-

879 2444 938 2469 tem
964 2440 1121 2469 Porsenna
1145 2443 1226 2467 stans
1255 2439 1293 2467 ad
1320 2439 1586 2473 Tiberirm—650

872 2483 987 2517 pontem
1001 2478 1171 2509 sublicium,
1196 2477 1325 2506 evellens
1347 2479 1447 2508 trabes
1462 2482 1585 2512 sublicis

879 2517 1046 2555 impositas.
1067 2516 1166 2544 vinclis
1176 2515 1270 2554 ruptis
1280 2515 1378 2554 simpl.
1402 2518 1439 2547 de
1450 2522 1587 2550 custodia

879 2556 1096 2593 accipiendum.

920 2594 1075 2623 652-662
1096 2592 1164 2621 Liv.
1180 2593 1220 2627 V,
1241 2594 1290 2622 47.
1341 2593 1380 2622 In
1399 2605 1510 2626 summo
1530 2608 1587 2627 uon

884 2632 991 2670 clipei3
1014 2631 1112 2659 sedin
1135 2642 1241 2660 summo
1255 2632 1331 2661 arcis
1351 2632 1589 2673 Tarpeia—654

880 2671 1041 2699 visebatur
1058 2679 1148 2708 porro
1170 2670 1199 2698 in
1219 2670 1368 2708 Capitolio
1390 2683 1459 2702 casa
1480 2676 1590 2704 recenti

881 2709 979 2738 culmo
994 2713 1084 2743 tecta,
1100 2708 1180 2747 regia
1193 2709 1315 2738 Romuli
1327 2710 1418 2740 dicta.
1449 2713 1510 2741 Pro
1525 2718 1588 2742 urat

883 2753 984 2777 ornate.
998 2747 1240 2778 horrebas—655
1256 2748 1332 2784 Quae
1346 2755 1519 2788 sequuntur,
1535 2761 1588 2791 po-
