1796 3077
555 275 825 314 AENEmoS.

871 276 973 315 LIB.
1003 278 1095 315 XII.

106 387 332 444 Multaque
348 404 425 445 per
444 401 635 435 maestum
658 395 830 436 demens
851 395 979 436 effata
999 397 1195 445 furorem,

106 444 351 500 Purpureos
373 450 575 490 moritura
594 465 719 491 manu
741 452 938 492 discindit
958 454 1146 502 amictus,

106 500 167 541 Et
187 504 345 543 nodum
366 504 552 546 informis
572 506 644 546 leti
664 508 784 547 trabe
803 508 931 548 nectit
950 509 1003 548 ab
1026 508 1123 549 alta.

102 556 245 601 Quam
266 558 429 600 cladem
448 562 610 602 miserae
632 569 857 616 postquam
878 577 1082 617 accepere
1102 564 1290 606 Latinae:

105 611 211 653 Filia
231 616 365 668 prima
384 631 509 656 manu
529 617 660 658 flavos
682 618 858 658 Lavlnia
879 620 1012 659 crines

1472 619 1555 659 605

106 668 167 708 Et
186 684 328 711 roseas
348 671 502 712 laniata
522 688 667 727 genas,
688 681 776 714 tum
797 680 940 715 cetera
961 676 1117 716 circum

107 723 272 774 Turba,
293 727 416 776 furit;
448 737 646 769 resonant
666 729 747 770 late
768 730 1040 784 plangoribus
1061 732 1189 772 aedes.

105 779 220 821 Hinc
241 789 372 822 totam
391 783 536 824 infelix
556 785 752 838 vulgatur
770 786 880 826 fama
899 801 976 840 per
989 788 1152 828 urbem.

103 835 347 878 Demittunt
367 846 551 888 mentes3
583 841 615 880 it
638 842 767 881 scissa
787 849 901 882 veste
924 843 1117 891 Latinus,

104 891 308 947 Conjugis
329 895 530 935 attonitus
546 895 654 944 fatis,
676 897 877 950 urbisque
898 898 1030 946 ruina,

1471 899 1554 939 610

107 946 315 989 Canitiem
334 950 548 991 immundo
565 951 780 1005 perfusam
798 952 971 1006 pulvere
989 960 1184 1007 turpans3

107 1005 134 1029 ³¹⁵
151 1003 376 1058 BIultaque
398 1020 441 1046 se
461 1007 637 1056 incusat,
659 1009 731 1061 qui
752 1023 834 1048 non
851 1010 1061 1062 acceperit
1081 1017 1177 1050 ante
1195 1014 1218 1034 ί·

105 1065 130 1087 ‘¹'
151 1059 416 1101 Dardanium
436 1061 619 1111 AEnean,
640 1078 926 1117 generumque
948 1066 1140 1106 asciverit
1160 1065 1270 1108 ultro
1288 1066 1324 1106 ᾗ.

161 1115 330 1157 Interea
350 1124 539 1160 extremo
560 1119 738 1160 bellator
758 1120 798 1159 in
819 1135 988 1173 aequore
1009 1121 1181 1162 Turnus

104 1170 302 1212 Palantes
324 1174 513 1226 sequitur
534 1189 705 1227 paucos,
726 1177 816 1228 jam
836 1177 1014 1228 segnior,
1035 1184 1162 1229 atque

1473 1177 1558 1216 615

100 1227 199 1267 Jam
218 1229 352 1268 minus
374 1236 501 1282 atque
514 1230 648 1269 minus
670 1245 869 1270 successu
889 1231 1010 1271 laetus
1027 1245 1244 1284 equorum.

101 1283 261 1324 Attulit
280 1284 393 1325 hunc
413 1284 471 1324 illi
492 1286 612 1326 caecis
635 1286 865 1326 terroribus
893 1301 996 1326 aura

103 1339 388 1380 Commixtum
409 1340 644 1389 clamorem,
668 1348 936 1394 arrectasque
958 1342 1121 1394 impulit
1141 1357 1263 1383 aures

105 1395 305 1435 Confusae
326 1411 453 1436 sonus
474 1397 588 1436 urbis
611 1404 653 1437 et
672 1396 882 1436 illaetabile
902 1411 1103 1436 murmur.

103 1449 190 1490 Hei
206 1451 331 1491 mihi!
364 1452 466 1504 quid
486 1458 602 1492 tanto
624 1452 846 1492 turbantur
866 1452 1021 1492 moenia
1038 1452 1188 1493 luctu?

1470 1453 1557 1493 620

104 1507 265 1552 Quisve
287 1508 371 1547 ruit
390 1514 530 1548 tantus
552 1508 718 1548 diversa
736 1507 891 1549 clamor
911 1509 965 1548 ab
985 1508 1120 1548 urbe?

105 1563 175 1603 Sic
196 1563 267 1611 ait,
288 1563 568 1617 adductisque
589 1578 731 1604 amens
752 1564 941 1604 subsistit
956 1564 1147 1604 habenis.

104 1617 250 1672 Atque
270 1618 384 1667 huic,
405 1620 447 1659 in
467 1619 615 1660 faciem
631 1634 750 1660 soror
775 1627 822 1660 ut
840 1633 1043 1660 conversa
1063 1618 1233 1660 Metisci

104 1674 281 1728 Aurigae
302 1690 555 1728 currumque
576 1683 619 1716 et
638 1690 770 1728 equos
791 1683 833 1716 et
848 1675 937 1715 lora
955 1676 1146 1728 regebat,

107 1729 286 1771 Talibus
309 1732 490 1771 occurrit
508 1731 652 1772 dictis:
687 1731 796 1780 Hac,
817 1730 978 1779 Turne,
1000 1745 1224 1783 sequamur
1470 1731 1497 1770 6

1499 1731 1525 1770 {Q

1528 1730 1553 1769 ἐπ

104 1785 386 1840 Trojugenas,
405 1801 490 1840 qua
507 1787 642 1841 prima
658 1788 768 1827 viam
789 1787 962 1828 victoria
981 1787 1147 1841 pandit3

101 1933 273 1961 ruit—603
294 1932 425 1961 Mortem
441 1933 558 1962 Amatae
570 1936 631 1971 jani
646 1939 811 1971 expectare

104 1980 159 1998 uos
174 1970 287 1999 fecerat
302 1981 364 1999 vss.
376 1973 483 2000 62.63.
526 1973 591 2000 Nec
608 1982 662 2009 pro
675 1973 745 2000 odio
760 1973 811 2000 illa

108 2018 162 2036 suo
175 2009 204 2036 in
217 2009 342 2037 AEneam
357 2014 511 2046 superstes
523 2011 623 2038 Turno
638 2020 706 2039 esse
719 2011 810 2039 debe·

105 2047 168 2074 bat.
191 2047 253 2075 Sed
265 2047 373 2075 infame
388 2047 444 2075 1100
460 2048 565 2075 mortis
581 2058 672 2086 genus
687 2049 808 2085 poetam

104 2084 247 2113 maluisse
261 2086 370 2113 mirum
382 2085 480 2113 videri
492 2086 592 2114 debet.
613 2086 740 2114 Scilicet
755 2096 809 2114 nec

105 2122 161 2150 hoc
176 2123 214 2151 ad
222 2124 268 2151 sui
279 2122 382 2152 saeculi
392 2133 510 2151 sensum
519 2124 740 2161 attemperavit,
756 2134 809 2152 nec

104 2161 142 2188 ad
157 2165 287 2189 nostram
308 2161 475 2198 opinionem
495 2168 542 2189 est
563 2162 810 2198 dijudicandum:

102 2198 242 2226 estenim
254 2199 310 2227 1100
322 2208 414 2236 genus
422 2199 687 2228 mortisheroicum
701 2210 734 2228 ac
748 2204 806 2228 tra-

106 2236 219 2274 gicum,
230 2237 262 2264 h.
278 2247 305 2265 e.
317 2236 497 2265 carminibus
513 2240 543 2265 et
552 2238 710 2276 tragoediis
724 2239 808 2266 Grae-

105 2284 208 2302 corum
220 2275 450 2312 frequentatum.
457 2274 568 2304 Nobile
580 2275 708 2304 ideoleti
718 2286 810 2314 genus

105 2322 148 2340 ex
161 2312 281 2349 antiquo
292 2321 387 2346 more,
401 2312 429 2340 iu
440 2312 545 2350 primis
557 2313 587 2341 in
602 2314 730 2342 feminis.
761 2314 812 2342 Sic

103 2348 485 2388 Jocastalaqueospiritum
494 2350 676 2386 interclusit,
687 2352 812 2389 Epicas-

106 2392 137 2416 te
153 2389 290 2416 Homero
304 2388 386 2416 dicta
407 2388 520 2426 Odyss.
535 2394 565 2422 λ,
577 2391 635 2417 277
651 2400 719 2427 sqq.
757 2390 810 2418 Sic

106 2430 202 2454 mater
214 2426 335 2463 Ulyssis
344 2425 501 2461 Anticlea3
514 2426 593 2455 Clite
602 2437 649 2465 ap.
671 2427 812 2465 Apollon.

110 2464 138 2498 1,
153 2465 240 2493 1063.
260 2464 391 2493 Phaedra
403 2467 435 2492 et
449 2464 525 2492 zdiae.
547 2465 634 2494 Hanc
646 2465 713 2493 ideo
734 2475 812 2493 mor-

111 2507 171 2530 tem
192 2502 330 2539 praetnlit
341 2503 433 2539 poe'ta
446 2501 637 2531 historiarum
653 2504 734 2537 fidei,
756 2513 815 2541 qua

110 2540 193 2578 apud
205 2540 345 2569 Servium
358 2540 471 2568 Fabius
487 2540 592 2568 Pictor
603 2542 739 2569 Amatam
752 2541 814 2569 ine-

108 2579 161 2606 dia
181 2587 213 2606 se
240 2578 428 2607 interemisse
450 2578 626 2606 tradiderat.
672 2580 713 2607 At
740 2579 814 2607 Piso

111 2616 194 2653 apud
208 2615 322 2645 Victor.
337 2616 375 2644 O.
392 2617 428 2645 G.
443 2616 483 2644 R.
499 2617 535 2644 13
549 2616 744 2654 simpliciter:
771 2617 815 2644 in-

112 2655 234 2690 terfecto
257 2653 364 2682 Latino
393 2654 439 2692 (in
460 2663 562 2692 pugna
584 2663 651 2682 cum
677 2654 816 2692 Rutulis)

108 2696 231 2720 mortem
252 2691 389 2723 Amatam
405 2691 517 2722 sibimet
533 2691 712 2721 conscivisse.
753 2692 817 2722 No-

851 1935 919 1963 dum
934 1935 1032 1969 nectit,
1045 1935 1156 1967 funem,
1170 1937 1253 1969 βρύον
1267 1937 1366 1965 ἀνῆψε.
1387 1933 1489 1962 nodum
1504 1933 1554 1962 leti

851 1973 931 2001 dixit
947 1982 1003 2010 pro
1020 1973 1099 2001 nodo
1112 1973 1228 2000 letifero
1245 1982 1252 2007 3
1274 1976 1304 2000 et
1323 1972 1408 2000 letum
1427 1972 1550 2009 informe

850 2020 905 2047 pro
918 2011 1011 2047 turpi,
1027 2011 1120 2045 foedo,
1132 2010 1357 2039 eximiel—6ll
1373 2010 1486 2038 Pathos
1500 2011 1552 2038 ha-

849 2049 899 2076 bet
914 2058 1019 2076 versus
1033 2051 1063 2076 et
1074 2047 1292 2076 miserationem
1302 2047 1375 2075 facit
1387 2056 1396 2082 ¹,
1410 2048 1552 2076 immundo

848 2085 1027 2123 simpliciter
1046 2089 1141 2120 ornat,
1165 2088 1199 2113 ut
1222 2086 1276 2113 Ge.
1299 2084 1327 2118 I,
1350 2086 1409 2121 813
1429 2085 1552 2113 Scilicet

848 2128 918 2151 κόνιν
931 2126 1120 2152 αἰθαλόεσσαν
1143 2122 1286 2155 reddidit,
1309 2132 1376 2159 quae
1391 2133 1447 2151 non
1461 2123 1550 2152 modo

849 2162 886 2190 de
908 2162 1009 2190 cinere
1023 2162 1081 2189 foci
1095 2161 1123 2189 in
1141 2160 1311 2198 propinquo
1325 2161 1433 2189 stantis
1446 2164 1496 2200 (ut
1511 2161 1551 2191 Il.

848 2213 875 2233 σ,
892 2200 930 2228 23
944 2200 981 2228 (10
989 2198 1136 2236 Achille),
1150 2199 1204 2226 sed
1217 2202 1247 2226 et
1260 2198 1297 2226 de
1308 2198 1434 2235 pulvere
1445 2210 1549 2229 occur-

847 2238 888 2266 rit
911 2238 970 2265 Od.
986 2251 1017 2270 ω,
1031 2237 1207 2265 315--612,
1227 2237 1296 2264 613.
1336 2235 1380 2263 Hi
1401 2236 1461 2266 duo
1484 2249 1551 2268 ver—

851 2285 902 2303 sus
916 2275 944 2303 in
959 2275 1081 2312 optimis
1092 2275 1179 2303 codd.
1193 2273 1403 2302 desiderantur
1413 2277 1550 2307 translati

850 2314 907 2342 huc
923 2313 1029 2341 ex‘lib.
1042 2313 1105 2341 XI.
1122 2313 1191 2340 471.
1209 2312 1278 2340 472.

888 2353 948 2380 616
968 2352 1087 2379 'rm-nus
1101 2350 1198 2378 tristis
1212 2354 1242 2378 et
1254 2349 1405 2379 sollicitus
1418 2361 1550 2382 successu

850 2399 1000 2427 equorum,
1022 2398 1096 2426 quos
1119 2388 1234 2416 viribus
1255 2396 1288 2414 ac
1310 2398 1402 2417 cursu
1422 2390 1550 2421 deficere

851 2428 970 2456 tandem
985 2427 1121 2455 videbat.
1162 2425 1245 2463 Ergo
1255 2434 1402 2455 successus
1415 2427 1445 2455 h.
1458 2428 1480 2457 l.
1492 2439 1549 2458 non

852 2469 899 2494 est
921 2465 1060 2498 fortunae,
1096 2463 1149 2492 sed
1179 2472 1352 2500 processus,
1385 2474 1550 2502 procursus

853 2513 1007 2541 equorum,
1028 2502 1115 2538 cujus
1130 2500 1276 2529 velocitas
1299 2502 1410 2530 sensim
1425 2505 1550 2533 sensim-

854 2551 912 2578 que
923 2541 1163 2569 imminuebatur.
1201 2538 1333 2567 videtur
1341 2541 1432 2577 poeta
1445 2551 1550 2570 vocem

854 2578 1080 2616 exquisitiorem
1101 2577 1139 2605 ad
1158 2576 1356 2614 significatum
1376 2578 1474 2607 minus
1494 2580 1552 2607 sre-

875 2620 996 2645 uentem
1021 2615 1300 2644 traduxisse.—ffl7
1320 2615 1403 2644 1:aech
1431 2617 1553 2645 terrori-

855 2628 919 2688 ἕης,
948 2659 1074 2688 terrore,
1095 2654 1182 2690 cujus
1204 2662 1325 2682 causam
1345 2653 1550 2692 ignorabat.—

855 2693 912 2722 621
933 2692 1046 2721 diversa
1060 2691 1096 2722 ab
1114 2691 1195 2727 urbe,
1208 2690 1237 2719 in
1251 2691 1372 2719 diversa
1383 2696 1466 2730 parte
1477 2693 1549 2721 sita:

1242 2730 1326 2769 40
