1796 3077
186 285 283 329 620

611 277 653 313 Ρ.
684 274 914 312 VIRGiLu
950 273 1202 311 MAROle

186 402 371 448 Quicum
392 397 538 454 partiri
558 411 706 445 curas;
738 402 865 449 atque
885 394 979 435 haec
999 394 1057 435 ita
1078 394 1214 435 fatur:

188 459 422 505 Hactenus,
446 455 564 495 Acca
586 468 717 501 soror,
739 453 879 507 potui;
911 466 1022 492 nunc
1041 451 1192 492 vulnus
1213 451 1413 492 acerbum

186 515 381 561 Conficit,
404 520 446 552 et
468 511 653 551 tenebris
674 511 920 564 nigrescunt
941 509 1080 549 onmia
1099 509 1270 549 circum.

186 571 356 623 Effuge,
377 575 419 609 et
439 567 530 608 haec
550 566 700 607 Turno
717 566 915 606 mandata
936 565 1159 605 novissima
1179 565 1347 619 perfer:

185 627 397 667 Succedat
419 639 575 678 pugnae
597 624 897 677 Trojanosque
918 629 1060 662 arceat
1077 622 1198 663 urbe.

182 683 364 736 Jamque
385 681 488 722 vale.
542 680 675 720 Simul
696 680 761 720 his
782 680 905 720 dietis
924 678 1143 732 linquebat
1164 678 1367 727 habenas,

180 739 253 779 Ad
275 747 429 779 terram
449 752 533 777 non
554 744 704 791 sponte
723 736 874 777 fluens.

182 795 407 836 Paullatim
429 793 607 835 exsolvit
628 809 672 834 se
688 807 881 847 corpore,
901 792 1099 845 lentaque
1116 791 1226 832 colla

180 852 240 893 Et
255 859 425 906 captum
445 851 530 892 leto
550 851 691 904 posuit
711 858 853 904 caput,
875 864 989 889 arma
1009 848 1249 902 relinquens
1268 865 1277 897 3

180 908 368 963 Vitaque
385 923 479 949 cum
500 908 660 961 gemitu
681 906 792 961 fugit
811 906 1028 960 indignata
1045 906 1124 946 sub
1142 906 1327 946 umbras.

179 965 294 1006 Tum
316 980 415 1006 vero
435 965 663 1005 immensus
682 978 858 1017 surgens
880 963 977 1003 ferit
994 977 1124 1002 aurea
1143 961 1301 1003 clamor

179 1023 358 1072 Sidera3
391 1022 557 1075 dejecta
578 1021 791 1061 crudescit
812 1034 958 1073 pugna
981 1018 1182 1066 Camilla3

179 1079 405 1119 Incurrunt
422 1078 541 1118 densi
562 1076 683 1117 simul
701 1077 833 1117 omnis
855 1076 977 1129 copia
993 1074 1227 1123 Teucrum,

177 1135 480 1188 Tyrrhenique
501 1135 646 1182 duces,
671 1133 945 1185 Evandrique
962 1131 1155 1172 Arcades
1175 1130 1268 1171 alae.

177 1248 279 1288 Alta
301 1248 420 1288 sedet
440 1247 625 1294 summis,
649 1252 898 1299 spectatque
920 1245 1110 1285 interrita
1126 1259 1306 1298 pugnas.

179 1304 324 1357 thue
346 1303 494 1358 procul
516 1303 655 1343 medio
671 1303 877 1356 juvenum
898 1302 938 1340 in
961 1300 1141 1341 clamore
1162 1300 1377 1341 furentum

176 1360 405 1415 Prospexit
427 1360 532 1400 tristi
553 1358 771 1398 multatam
787 1366 921 1397 morte
943 1356 1184 1396 Camillam:

174 1416 472 1470 Ingemuitque
494 1415 697 1468 deditque
719 1413 795 1453 has
817 1414 899 1453 imo
917 1419 1091 1467 pectore
1111 1427 1236 1453 voces
1255 1428 1266 1452 ε

177 1473 278 1513 Heu
300 1474 483 1520 nimium,
506 1472 638 1525 virgo,
660 1471 832 1510 nimium
852 1468 1025 1510 crudele
1047 1468 1162 1509 luisti

177 1529 457 1583 Supplicium,
475 1528 669 1568 Teucros
691 1534 842 1568 conata
858 1526 1065 1567 lacessere
1082 1525 1192 1567 bello
1210 1527 1220 1565 !

176 1585 271 1626 Nec
289 1586 365 1626 tibi
387 1586 567 1625 desertae
589 1585 631 1624 in
653 1585 791 1624 dumis
810 1582 988 1623 coluisse
1011 1582 1194 1622 Dianam

174 1642 356 1690 Profuit,
375 1650 447 1682 aut
463 1649 628 1682 nostras
644 1641 821 1681 humero
837 1641 1017 1694 gessisse
1037 1639 1274 1692 pharetras.

174 1699 277 1739 Non
298 1707 436 1739 tamen
454 1699 695 1738 indecorem
717 1705 789 1737 tua
809 1704 850 1738 te
873 1697 1019 1751 regina
1039 1695 1209 1750 reliquit

174 1812 259 1853 Per
278 1819 425 1867 gentes
447 1813 538 1860 erit,
559 1820 632 1851 aut
653 1810 805 1850 famam
827 1810 999 1863 patieris
1020 1809 1179 1850 inultae.

172 1868 286 1909 Nam
303 1869 559 1922 quicumque
582 1875 700 1907 tuum
716 1866 884 1906 violavit
904 1865 1076 1906 vulnere
1098 1880 1269 1919 corpus,

170 1924 316 1964 RIorte
337 1924 425 1963 luet
444 1924 604 1963 merita.

934 735 1049 775 Tum
1070 735 1223 789 frigida
1240 742 1330 776 toto

1557 848 1642 888 830

1558 1130 1643 1170 835

238 1192 299 1232 At
322 1192 480 1232 Triviae
500 1198 647 1231 custos
659 1191 747 1243 jam
763 1189 924 1229 d'udum
944 1189 984 1227 in
1001 1188 1215 1228 montibus
1234 1188 1344 1241 Opis

1556 1411 1641 1452 840

1554 1694 1638 1735 845

172 1755 381 1796 Extrema
395 1756 484 1809 jam
506 1756 546 1795 in
568 1762 723 1802 morte3
757 1768 894 1806 neque
915 1753 997 1794 hoc
1019 1753 1106 1793 sine
1128 1753 1294 1793 nomine
1315 1751 1444 1792 letum

665 1922 764 1962 Fuit
784 1922 932 1976 ingens
953 1929 1094 1962 monte
1117 1923 1196 1962 sub
1216 1921 1301 1963 alto

171 1981 306 2034 Regis
328 1980 546 2020 Dercenni
563 1987 732 2020 terreno
754 1993 808 2019 ex
825 1993 982 2033 aggere
1004 1979 1178 2020 bustum

166 2126 349 2155 sinim—823
360 2126 513 2154 Hactenus
522 2126 618 2164 potui,
632 2136 675 2155 sc.
686 2134 820 2164 pugnare
834 2125 879 2154 vi-

170 2166 254 2194 ribus
270 2164 363 2198 valui,
380 2168 412 2192 ut
428 2165 629 2193 recteCerda.
670 2165 733 2193 Pro
747 2164 879 2202 vulgari:

167 2214 241 2232 nunc
256 2204 337 2231 vires
351 2202 508 2236 deliciunt,
526 2203 572 2232 vel
589 2203 695 2232 delicio
705 2203 880 2240 jam.—b'29

165 2242 286 2270 exsolvit
297 2252 338 2270 se.
360 2241 490 2279 Proprie
504 2242 598 2269 anima
613 2251 742 2279 corpore
758 2241 878 2269 exsolvi

168 2280 289 2308 dieitur.
309 2281 421 2308 Tamen
436 2283 466 2308 et
482 2280 539 2313 IV,
553 2281 626 2308 703:
649 2284 732 2318 teque
746 2279 802 2308 isto
813 2289 878 2307 cor-

177 2329 236 2346 ›ore
257 2318 353 2347 solvo:
377 2318 437 2346 Iris
462 2318 591 2346 allocuta
613 2318 765 2348 Didonem
788 2317 880 2346 mori-

161 2330 587 2395 laundam.—S3Ocaptumlet0
599 2360 697 2393 caput,
708 2357 737 2385 h.
753 2356 879 2389 victum,

163 2394 291 2433 ideoque
307 2395 561 2432 languens—831
579 2395 694 2422 Notum
715 2394 791 2423 illud
812 2395 879 2423 Ho-

167 2433 328 2461 mericum:
352 2436 428 2468 ψυχὴ
449 2436 471 2461 ῥ’
492 2436 520 2462 ἐκ
534 2436 634 2471 ῥεθέων
647 2443 693 2470 sq.
709 2433 749 2461 Il.
764 2446 793 2463 π,
809 2434 878 2461 855.

167 2472 333 2500 856.-ἓὲ34
348 2472 443 2500 omnis
451 2472 544 2509 copia,
561 2472 591 2500 h.
605 2472 714 2508 copiae,
725 2475 811 2499 totus
827 2481 880 2500 ex-

168 2509 292 2542 eronus,
308 2514 339 2537 ut
354 2511 430 2538 bene
443 2511 544 2544 Serv„
558 2510 662 2543 utin,
675 2511 744 2538 564.

203 2548 262 2576 836
278 2547 394 2581 Cmtos,
410 2548 516 2577 Dianae
528 2558 640 2583 eomes,
654 2548 775 2580 famula,
791 2551 824 2576 ut
839 2548 881 2584 V,

164 2586 240 2614 546:
263 2585 412 2623 Epytides
433 2591 527 2615 custus
549 2597 695 2625 comesque
716 2586 873 2615 laih—›Tn-

163 2624 270 2652 terrila
282 2633 292 2650 .·
311 2633 378 2651 cum
393 2624 465 2652 alias
487 2625 535 2653 vel
552 2625 616 2653 solo
632 2634 781 2653 armorum
798 2629 873 2653 stre-

920 2124 950 2151 in
979 2123 1074 2152 dumis
1099 2123 1259 2151 venustius
1296 2132 1335 2151 ex
1361 2123 1482 2160 poetica
1507 2123 1634 2158 ratione,

920 2172 1007 2200 quam
1023 2163 1052 2190 iu
1072 2162 1171 2189 dumis
1187 2161 1331 2195 desertis,
1349 2162 1378 2189 h.
1394 2161 1491 2189 silvis.
1505 2166 1634 2196 nostras,

918 2205 952 2228 ut
966 2201 1040 2229 5:36:
1062 2200 1171 2228 nostris
1184 2199 1373 2238 nequicquam
1391 2200 1518 2238 cinyitur
1531 2201 1632 2229 armis.

917 2240 1081 2268 —84611011
1097 2238 1153 2267 erit
1165 2238 1220 2266 linc
1235 2239 1327 2267 letum
1350 2239 1496 2277 ignobile,
1512 2249 1566 2267 nee
1579 2239 1632 2267 ha-

918 2278 1003 2306 bebis
1018 2280 1133 2314 samam
1157 2277 1268 2311 inulloe,
1296 2277 1502 2315 ignominiam,
1523 2278 1552 2306 h.
1573 2287 1630 2306 non

921 2315 1059 2344 morieris
1075 2316 1183 2344 inulta:
1205 2326 1261 2344 non
1277 2316 1448 2345 narrabitur
1469 2317 1506 2344 de
1526 2320 1565 2351 te,
1581 2320 1628 2344 tu-

920 2354 992 2383 lisse
1004 2364 1071 2383 eum
1095 2354 1227 2392 impune,
1251 2355 1303 2392 qui
1323 2360 1352 2383 te
1366 2355 1532 2383 interemit.
1576 2354 1630 2382 Fit

919 2393 975 2422 hoc
990 2403 1026 2422 ex
1043 2392 1148 2421 Dianae
1158 2394 1298 2422 mandato
1311 2394 1480 2422 590—593.

956 2432 1015 2460 849
1028 2431 1158 2460 Devolat
1168 2432 1247 2470 Opis
1259 2432 1287 2460 in
1298 2432 1453 2470 antiquum
1469 2429 1629 2459 tumulum.

921 2469 1115 2498 Tumulorum
1134 2470 1189 2499 hoc
1216 2480 1309 2508 genus
1332 2469 1572 2508 antiquissimum
1587 2478 1627 2497 ex

920 2512 1046 2546 aggesta
1068 2508 1097 2536 in
1119 2508 1207 2537 collis
1223 2509 1412 2537 altitudinem
1428 2508 1528 2541 humo,
1546 2508 1627 2544 apud

920 2556 1023 2575 omnes
1052 2547 1115 2575 fere
1144 2552 1265 2576 veteres
1291 2547 1434 2585 populos.
1480 2545 1630 2583 Exempla

914 2585 1003 2614 etiam
1030 2586 1110 2622 apud
1134 2585 1302 2614 Homerum
1326 2585 1367 2613 Il.
1391 2597 1417 2617 η,
1442 2584 1482 2613 86
1500 2594 1574 2622 sqq:
1595 2587 1628 2619 β,

913 2625 971 2652 603
986 2633 991 2650 :
1014 2628 1048 2657 ψ,
1063 2625 1232 2653 245-248,
1272 2624 1360 2652 Nunc
1375 2622 1451 2650 illud
1464 2623 1626 2651 observan-

165 2662 230 2699 pitu
257 2665 288 2690 et
313 2671 422 2699 pugnae
447 2663 591 2700 adspectu
622 2664 726 2692 terreri
753 2664 870 2691 soleant
909 2663 992 2696 dum,
1009 2663 1087 2700 quod
1098 2663 1270 2700 quercubus
1282 2661 1416 2690 consitus
1427 2664 1485 2689 est.
1508 2661 1627 2697 Regem

166 2700 317 2737 puellares
331 2700 436 2728 animi:
459 2702 589 2731 accedit,
605 2702 683 2738 quod
698 2702 775 2738 Opis
792 2705 867 2732 tuta,
909 2702 1099 2729 Dercennum
1113 2701 1232 2729 aliunde
1248 2710 1304 2727 non
1321 2700 1468 2728 novimus.
1490 2699 1537 2727 Ex
1552 2700 1623 2726 Ser-

164 2749 180 2766 e
197 2743 261 2767 tuto
273 2739 339 2767 loco
359 2748 489 2777 pugnam
504 2740 663 2777 prospicit.
678 2741 735 2769 &13
748 2740 867 2769 deserta·
909 2740 959 2768 vio
984 2744 1127 2778 corrupto
1149 2739 1290 2776 colligas,
1309 2748 1412 2776 regem
1428 2738 1626 2776 Aboriginum
