<?xml version="1.0" encoding="UTF-8"?>
<!DOCTYPE html PUBLIC "-//W3C//DTD XHTML 1.0 Transitional//EN"
    "http://www.w3.org/TR/xhtml1/DTD/xhtml1-transitional.dtd">
<html xmlns="http://www.w3.org/1999/xhtml" xml:lang="en" lang="en">
 <head>
  <title>
</title>
<meta http-equiv="Content-Type" content="text/html;charset=utf-8" />
  <meta name='ocr-system' content='tesseract 3.04.00' />
  <meta name='ocr-capabilities' content='ocr_page ocr_carea ocr_par ocr_line ocrx_word'/>
</head>
<body>
  <div class='ocr_page' id='page_1' title='image "./operahey00virguoft_0154.png"; bbox 0 0 1796 3077; ppageno 0'>
   <div class='ocr_carea' id='block_1_1' title="bbox 179 196 382 370">
    <p class='ocr_par' dir='ltr' id='par_1_1' title="bbox 179 196 382 370">
     <span class='ocr_line' id='line_1_1' title="bbox 182 196 271 243; baseline 0 0"><span class='ocrx_word' id='word_1_1' title='bbox 182 196 271 243; x_wconf 77' lang='lat'><strong>146</strong></span> 
     </span>
     <span class='ocr_line' id='line_1_2' title="bbox 179 314 382 370; baseline -0.005 -13"><span class='ocrx_word' id='word_1_2' title='bbox 179 316 239 357; x_wconf 81' lang='lat' dir='ltr'><strong>Et</strong></span> <span class='ocrx_word' id='word_1_3' title='bbox 258 314 382 370; x_wconf 84' lang='lat' dir='ltr'><strong>gilvo.</strong></span> 
     </span>
    </p>
   </div>
   <div class='ocr_carea' id='block_1_2' title="bbox 604 190 1191 233">
    <p class='ocr_par' dir='ltr' id='par_1_2' title="bbox 604 190 1191 233">
     <span class='ocr_line' id='line_1_3' title="bbox 604 190 1191 233; baseline -0.009 0"><span class='ocrx_word' id='word_1_4' title='bbox 604 194 646 233; x_wconf 80' lang='lat' dir='ltr'><strong>P.</strong></span> <span class='ocrx_word' id='word_1_5' title='bbox 678 193 829 231; x_wconf 79' lang='lat' dir='ltr'>VIRGI</span> <span class='ocrx_word' id='word_1_6' title='bbox 840 192 908 229; x_wconf 80' lang='lat' dir='ltr'><strong>LII</strong></span> <span class='ocrx_word' id='word_1_7' title='bbox 941 190 1191 229; x_wconf 57' lang='lat' dir='ltr'><strong>MARONis</strong></span> 
     </span>
    </p>
   </div>
   <div class='ocr_carea' id='block_1_3' title="bbox 442 310 1386 367">
    <p class='ocr_par' dir='ltr' id='par_1_3' title="bbox 442 310 1386 367">
     <span class='ocr_line' id='line_1_4' title="bbox 442 310 1386 367; baseline -0.006 -11"><span class='ocrx_word' id='word_1_8' title='bbox 442 313 568 364; x_wconf 87' lang='lat' dir='ltr'><strong>Tum,</strong></span> <span class='ocrx_word' id='word_1_9' title='bbox 590 314 623 354; x_wconf 81' lang='lat' dir='ltr'><strong>si</strong></span> <span class='ocrx_word' id='word_1_10' title='bbox 643 329 727 367; x_wconf 83' lang='lat' dir='ltr'><strong>qua</strong></span> <span class='ocrx_word' id='word_1_11' title='bbox 747 327 893 353; x_wconf 87' lang='lat' dir='ltr'><strong>sonum</strong></span> <span class='ocrx_word' id='word_1_12' title='bbox 914 311 1061 366; x_wconf 87' lang='lat' dir='ltr'><strong>procul</strong></span> <span class='ocrx_word' id='word_1_13' title='bbox 1082 326 1196 352; x_wconf 84' lang='lat' dir='ltr'><strong>arma</strong></span> <span class='ocrx_word' id='word_1_14' title='bbox 1215 310 1386 360; x_wconf 80' lang='lat' dir='ltr'><strong>dedere,</strong></span> 
     </span>
    </p>
   </div>
   <div class='ocr_carea' id='block_1_4' title="bbox 179 369 1300 419">
    <p class='ocr_par' dir='ltr' id='par_1_4' title="bbox 179 369 1300 419">
     <span class='ocr_line' id='line_1_5' title="bbox 179 369 1300 419; baseline -0.004 -6"><span class='ocrx_word' id='word_1_15' title='bbox 179 373 301 413; x_wconf 80' lang='lat' dir='ltr'><strong>Stare</strong></span> <span class='ocrx_word' id='word_1_16' title='bbox 320 372 413 413; x_wconf 90' lang='lat' dir='ltr'><strong>loco</strong></span> <span class='ocrx_word' id='word_1_17' title='bbox 432 372 577 419; x_wconf 84' lang='lat' dir='ltr'><strong>nescit,</strong></span> <span class='ocrx_word' id='word_1_18' title='bbox 597 371 722 410; x_wconf 83' lang='lat' dir='ltr'>micat</span> <span class='ocrx_word' id='word_1_19' title='bbox 744 370 929 417; x_wconf 86' lang='lat' dir='ltr'><strong>auribus,</strong></span> <span class='ocrx_word' id='word_1_20' title='bbox 950 375 993 408; x_wconf 90' lang='lat' dir='ltr'><strong>et</strong></span> <span class='ocrx_word' id='word_1_21' title='bbox 1013 369 1153 408; x_wconf 88' lang='lat' dir='ltr'><strong>tremit</strong></span> <span class='ocrx_word' id='word_1_22' title='bbox 1172 378 1300 417; x_wconf 84' lang='lat' dir='ltr'><strong>artus,</strong></span> 
     </span>
    </p>
   </div>
   <div class='ocr_carea' id='block_1_5' title="bbox 177 424 1302 482">
    <p class='ocr_par' dir='ltr' id='par_1_5' title="bbox 177 424 1302 482">
     <span class='ocr_line' id='line_1_6' title="bbox 177 424 1302 482; baseline -0.005 -12"><span class='ocrx_word' id='word_1_23' title='bbox 177 429 492 482; x_wconf 84' lang='lat' dir='ltr'><strong>Collectumque</strong></span> <span class='ocrx_word' id='word_1_24' title='bbox 511 427 692 468; x_wconf 87' lang='lat' dir='ltr'><strong>fremens</strong></span> <span class='ocrx_word' id='word_1_25' title='bbox 712 425 839 466; x_wconf 88' lang='lat' dir='ltr'><strong>volvit</strong></span> <span class='ocrx_word' id='word_1_26' title='bbox 859 425 938 466; x_wconf 88' lang='lat' dir='ltr'><strong>sub</strong></span> <span class='ocrx_word' id='word_1_27' title='bbox 958 424 1130 465; x_wconf 82' lang='lat' dir='ltr'><strong>naribus</strong></span> <span class='ocrx_word' id='word_1_28' title='bbox 1150 425 1302 479; x_wconf 83' lang='lat' dir='ltr'><strong>ignem.</strong></span> 
     </span>
    </p>
   </div>
   <div class='ocr_carea' id='block_1_6' title="bbox 176 482 1320 651">
    <p class='ocr_par' dir='ltr' id='par_1_6' title="bbox 176 482 1320 651">
     <span class='ocr_line' id='line_1_7' title="bbox 177 482 1320 540; baseline -0.006 -13"><span class='ocrx_word' id='word_1_29' title='bbox 177 486 324 527; x_wconf 85' lang='lat' dir='ltr'><strong>Densa</strong></span> <span class='ocrx_word' id='word_1_30' title='bbox 337 486 455 540; x_wconf 83' lang='lat' dir='ltr'><strong>juba,</strong></span> <span class='ocrx_word' id='word_1_31' title='bbox 483 492 525 525; x_wconf 89' lang='lat' dir='ltr'><strong>et</strong></span> <span class='ocrx_word' id='word_1_32' title='bbox 545 484 696 525; x_wconf 83' lang='lat' dir='ltr'><strong>dextro</strong></span> <span class='ocrx_word' id='word_1_33' title='bbox 711 485 872 538; x_wconf 84' lang='lat' dir='ltr'><strong>jactata</strong></span> <span class='ocrx_word' id='word_1_34' title='bbox 891 482 1098 523; x_wconf 86' lang='lat' dir='ltr'><strong>recumbit</strong></span> <span class='ocrx_word' id='word_1_35' title='bbox 1116 482 1160 521; x_wconf 92' lang='lat' dir='ltr'><strong>in</strong></span> <span class='ocrx_word' id='word_1_36' title='bbox 1181 495 1320 530; x_wconf 84' lang='lat' dir='ltr'><strong>armo3</strong></span> 
     </span>
     <span class='ocr_line' id='line_1_8' title="bbox 176 539 1252 597; baseline -0.005 -13"><span class='ocrx_word' id='word_1_37' title='bbox 176 542 239 584; x_wconf 87' lang='lat' dir='ltr'><strong>At</strong></span> <span class='ocrx_word' id='word_1_38' title='bbox 259 542 416 597; x_wconf 83' lang='lat' dir='ltr'><strong>duplex</strong></span> <span class='ocrx_word' id='word_1_39' title='bbox 438 542 577 595; x_wconf 77' lang='lat' dir='ltr'><strong>agitur</strong></span> <span class='ocrx_word' id='word_1_40' title='bbox 594 555 672 595; x_wconf 88' lang='lat' dir='ltr'><strong>per</strong></span> <span class='ocrx_word' id='word_1_41' title='bbox 690 540 854 580; x_wconf 84' lang='lat' dir='ltr'><strong>lumbos</strong></span> <span class='ocrx_word' id='word_1_42' title='bbox 876 539 1019 593; x_wconf 82' lang='lat' dir='ltr'><strong>spina3</strong></span> <span class='ocrx_word' id='word_1_43' title='bbox 1046 546 1252 591; x_wconf 79' lang='lat' dir='ltr'><strong>cavatque</strong></span> 
     </span>
     <span class='ocr_line' id='line_1_9' title="bbox 176 595 1313 651; baseline -0.005 -11"><span class='ocrx_word' id='word_1_44' title='bbox 176 599 404 647; x_wconf 85' lang='lat' dir='ltr'><strong>Tellurem,</strong></span> <span class='ocrx_word' id='word_1_45' title='bbox 430 607 472 639; x_wconf 84' lang='lat' dir='ltr'><strong>et</strong></span> <span class='ocrx_word' id='word_1_46' title='bbox 492 597 626 639; x_wconf 89' lang='lat' dir='ltr'><strong>solido</strong></span> <span class='ocrx_word' id='word_1_47' title='bbox 647 598 830 651; x_wconf 79' lang='lat' dir='ltr'><strong>graviter</strong></span> <span class='ocrx_word' id='word_1_48' title='bbox 850 604 971 637; x_wconf 83' lang='lat' dir='ltr'><strong>sonat</strong></span> <span class='ocrx_word' id='word_1_49' title='bbox 990 595 1148 650; x_wconf 79' lang='lat' dir='ltr'><strong>ungula</strong></span> <span class='ocrx_word' id='word_1_50' title='bbox 1168 609 1313 637; x_wconf 89' lang='lat' dir='ltr'><strong>cornu.</strong></span> 
     </span>
    </p>
   </div>
   <div class='ocr_carea' id='block_1_7' title="bbox 178 653 1217 766">
    <p class='ocr_par' dir='ltr' id='par_1_7' title="bbox 178 653 1217 766">
     <span class='ocr_line' id='line_1_10' title="bbox 178 653 1128 709; baseline -0.004 -13"><span class='ocrx_word' id='word_1_51' title='bbox 178 656 297 697; x_wconf 74' lang='lat' dir='ltr'><strong>Talis</strong></span> <span class='ocrx_word' id='word_1_52' title='bbox 319 654 522 709; x_wconf 76' lang='lat' dir='ltr'><strong>Amyclaei</strong></span> <span class='ocrx_word' id='word_1_53' title='bbox 542 655 724 696; x_wconf 87' lang='lat' dir='ltr'><strong>domitus</strong></span> <span class='ocrx_word' id='word_1_54' title='bbox 747 653 931 694; x_wconf 83' lang='lat' dir='ltr'><strong>Pollucis</strong></span> <span class='ocrx_word' id='word_1_55' title='bbox 952 653 1128 693; x_wconf 81' lang='lat' dir='ltr'><strong>habenis</strong></span> 
     </span>
     <span class='ocr_line' id='line_1_11' title="bbox 179 709 1217 766; baseline -0.004 -13"><span class='ocrx_word' id='word_1_56' title='bbox 179 712 382 766; x_wconf 85' lang='lat' dir='ltr'><strong>Cyllarus,</strong></span> <span class='ocrx_word' id='word_1_57' title='bbox 404 720 458 761; x_wconf 89' lang='lat' dir='ltr'><strong>et,</strong></span> <span class='ocrx_word' id='word_1_58' title='bbox 480 727 659 765; x_wconf 88' lang='lat' dir='ltr'><strong>quorum</strong></span> <span class='ocrx_word' id='word_1_59' title='bbox 682 711 802 751; x_wconf 80' lang='lat' dir='ltr'><strong>Graii</strong></span> <span class='ocrx_word' id='word_1_60' title='bbox 821 710 1045 751; x_wconf 83' lang='lat' dir='ltr'><strong>meminere</strong></span> <span class='ocrx_word' id='word_1_61' title='bbox 1063 709 1217 763; x_wconf 76' lang='lat' dir='ltr'><strong>po‘etae‚</strong></span> 
     </span>
    </p>
   </div>
   <div class='ocr_carea' id='block_1_8' title="bbox 1574 704 1632 743">
    <p class='ocr_par' dir='ltr' id='par_1_8' title="bbox 1574 704 1632 743">
     <span class='ocr_line' id='line_1_12' title="bbox 1574 704 1632 743; baseline 0 -1"><span class='ocrx_word' id='word_1_62' title='bbox 1574 704 1632 743; x_wconf 73' lang='lat'><strong>90</strong></span> 
     </span>
    </p>
   </div>
   <div class='ocr_carea' id='block_1_9' title="bbox 178 766 1269 937">
    <p class='ocr_par' dir='ltr' id='par_1_9' title="bbox 178 766 1269 937">
     <span class='ocr_line' id='line_1_13' title="bbox 180 766 1269 824; baseline -0.003 -15"><span class='ocrx_word' id='word_1_63' title='bbox 180 769 332 810; x_wconf 83' lang='lat' dir='ltr'><strong>Martis</strong></span> <span class='ocrx_word' id='word_1_64' title='bbox 353 770 449 823; x_wconf 89' lang='lat' dir='ltr'><strong>equi</strong></span> <span class='ocrx_word' id='word_1_65' title='bbox 471 769 649 824; x_wconf 81' lang='lat' dir='ltr'><strong>bijuges,</strong></span> <span class='ocrx_word' id='word_1_66' title='bbox 673 776 716 809; x_wconf 84' lang='lat' dir='ltr'><strong>et</strong></span> <span class='ocrx_word' id='word_1_67' title='bbox 735 769 875 822; x_wconf 77' lang='lat' dir='ltr'><strong>magni</strong></span> <span class='ocrx_word' id='word_1_68' title='bbox 896 781 1043 808; x_wconf 84' lang='lat' dir='ltr'><strong>currus</strong></span> <span class='ocrx_word' id='word_1_69' title='bbox 1064 766 1243 807; x_wconf 81' lang='lat' dir='ltr'><strong>Achillis</strong></span> <span class='ocrx_word' id='word_1_70' title='bbox 1261 781 1269 806; x_wconf 95' lang='lat'><strong>:</strong></span> 
     </span>
     <span class='ocr_line' id='line_1_14' title="bbox 178 824 1159 880; baseline -0.003 -14"><span class='ocrx_word' id='word_1_71' title='bbox 178 826 297 867; x_wconf 82' lang='lat' dir='ltr'><strong>Talis</strong></span> <span class='ocrx_word' id='word_1_72' title='bbox 318 834 359 866; x_wconf 89' lang='lat' dir='ltr'><strong>et</strong></span> <span class='ocrx_word' id='word_1_73' title='bbox 380 827 469 880; x_wconf 85' lang='lat' dir='ltr'><strong>ipse</strong></span> <span class='ocrx_word' id='word_1_74' title='bbox 483 827 632 880; x_wconf 83' lang='lat' dir='ltr'><strong>jubam</strong></span> <span class='ocrx_word' id='word_1_75' title='bbox 653 826 813 866; x_wconf 84' lang='lat' dir='ltr'><strong>cervice</strong></span> <span class='ocrx_word' id='word_1_76' title='bbox 835 824 986 865; x_wconf 78' lang='lat' dir='ltr'><strong>effudit</strong></span> <span class='ocrx_word' id='word_1_77' title='bbox 1006 824 1159 877; x_wconf 87' lang='lat' dir='ltr'><strong>equina</strong></span> 
     </span>
     <span class='ocr_line' id='line_1_15' title="bbox 178 879 1211 937; baseline -0.003 -15"><span class='ocrx_word' id='word_1_78' title='bbox 178 883 383 937; x_wconf 80' lang='lat' dir='ltr'><strong>Conjugis</strong></span> <span class='ocrx_word' id='word_1_79' title='bbox 402 883 584 924; x_wconf 81' lang='lat' dir='ltr'><strong>adventu</strong></span> <span class='ocrx_word' id='word_1_80' title='bbox 604 883 755 937; x_wconf 79' lang='lat' dir='ltr'><strong>pernix</strong></span> <span class='ocrx_word' id='word_1_81' title='bbox 777 882 998 928; x_wconf 82' lang='lat' dir='ltr'><strong>Saturnus,</strong></span> <span class='ocrx_word' id='word_1_82' title='bbox 1019 889 1061 921; x_wconf 89' lang='lat' dir='ltr'><strong>et</strong></span> <span class='ocrx_word' id='word_1_83' title='bbox 1082 879 1211 920; x_wconf 76' lang='lat' dir='ltr'><strong>altum</strong></span> 
     </span>
    </p>
   </div>
   <div class='ocr_carea' id='block_1_10' title="bbox 178 938 1631 1050">
    <p class='ocr_par' dir='ltr' id='par_1_10' title="bbox 178 938 1631 1050">
     <span class='ocr_line' id='line_1_16' title="bbox 178 938 1061 994; baseline -0.002 -14"><span class='ocrx_word' id='word_1_84' title='bbox 178 939 326 980; x_wconf 85' lang='lat' dir='ltr'><strong>Pelion</strong></span> <span class='ocrx_word' id='word_1_85' title='bbox 345 940 509 980; x_wconf 80' lang='lat' dir='ltr'><strong>hinnitu</strong></span> <span class='ocrx_word' id='word_1_86' title='bbox 531 940 694 994; x_wconf 76' lang='lat' dir='ltr'><strong>fugiens</strong></span> <span class='ocrx_word' id='word_1_87' title='bbox 716 938 902 992; x_wconf 82' lang='lat' dir='ltr'><strong>implevit</strong></span> <span class='ocrx_word' id='word_1_88' title='bbox 921 945 1061 978; x_wconf 87' lang='lat' dir='ltr'><strong>acuto.</strong></span> 
     </span>
     <span class='ocr_line' id='line_1_17' title="bbox 234 990 1631 1050; baseline -0.006 -13"><span class='ocrx_word' id='word_1_89' title='bbox 234 996 363 1037; x_wconf 84' lang='lat' dir='ltr'><strong>Hunc</strong></span> <span class='ocrx_word' id='word_1_90' title='bbox 401 1011 583 1050; x_wconf 87' lang='lat' dir='ltr'><strong>quoque,</strong></span> <span class='ocrx_word' id='word_1_91' title='bbox 627 996 700 1036; x_wconf 91' lang='lat' dir='ltr'><strong>ubi</strong></span> <span class='ocrx_word' id='word_1_92' title='bbox 741 1004 812 1035; x_wconf 86' lang='lat' dir='ltr'><strong>aut</strong></span> <span class='ocrx_word' id='word_1_93' title='bbox 853 995 1001 1035; x_wconf 86' lang='lat' dir='ltr'><strong>morbo</strong></span> <span class='ocrx_word' id='word_1_94' title='bbox 1047 993 1185 1047; x_wconf 79' lang='lat' dir='ltr'><strong>gravis</strong></span> <span class='ocrx_word' id='word_1_95' title='bbox 1221 999 1293 1032; x_wconf 82' lang='lat' dir='ltr'><strong>aut</strong></span> <span class='ocrx_word' id='word_1_96' title='bbox 1334 992 1422 1044; x_wconf 76' lang='lat' dir='ltr'><strong>jzun</strong></span> <span class='ocrx_word' id='word_1_97' title='bbox 1463 990 1631 1043; x_wconf 66' lang='lat' dir='ltr'><strong>segnior</strong></span> 
     </span>
    </p>
   </div>
   <div class='ocr_carea' id='block_1_11' title="bbox 403 1054 521 1093">
    <p class='ocr_par' dir='ltr' id='par_1_11' title="bbox 403 1054 521 1093">
     <span class='ocr_line' id='line_1_18' title="bbox 403 1054 521 1093; baseline 0 0"><span class='ocrx_word' id='word_1_98' title='bbox 403 1054 521 1093; x_wconf 82' lang='lat' dir='ltr'><strong>annis</strong></span> 
     </span>
    </p>
   </div>
   <div class='ocr_carea' id='block_1_12' title="bbox 1576 1047 1633 1086">
    <p class='ocr_par' dir='ltr' id='par_1_12' title="bbox 1576 1047 1633 1086">
     <span class='ocr_line' id='line_1_19' title="bbox 1576 1047 1633 1086; baseline -0.018 0"><span class='ocrx_word' id='word_1_99' title='bbox 1576 1047 1633 1086; x_wconf 87' lang='lat'><strong>95</strong></span> 
     </span>
    </p>
   </div>
   <div class='ocr_carea' id='block_1_13' title="bbox 183 1108 1290 1163">
    <p class='ocr_par' dir='ltr' id='par_1_13' title="bbox 183 1108 1290 1163">
     <span class='ocr_line' id='line_1_20' title="bbox 183 1108 1290 1163; baseline -0.002 -14"><span class='ocrx_word' id='word_1_100' title='bbox 183 1110 350 1159; x_wconf 80' lang='lat' dir='ltr'><strong>Deficit,</strong></span> <span class='ocrx_word' id='word_1_101' title='bbox 377 1111 488 1151; x_wconf 82' lang='lat' dir='ltr'><strong>abde</strong></span> <span class='ocrx_word' id='word_1_102' title='bbox 509 1110 649 1159; x_wconf 85' lang='lat' dir='ltr'><strong>domo,</strong></span> <span class='ocrx_word' id='word_1_103' title='bbox 671 1123 749 1150; x_wconf 87' lang='lat' dir='ltr'><strong>nec</strong></span> <span class='ocrx_word' id='word_1_104' title='bbox 770 1108 883 1163; x_wconf 86' lang='lat' dir='ltr'><strong>turpi</strong></span> <span class='ocrx_word' id='word_1_105' title='bbox 905 1108 1075 1161; x_wconf 79' lang='lat' dir='ltr'><strong>ignosce</strong></span> <span class='ocrx_word' id='word_1_106' title='bbox 1096 1114 1290 1148; x_wconf 81' lang='lat' dir='ltr'><strong>senectae.</strong></span> 
     </span>
    </p>
   </div>
   <div class='ocr_carea' id='block_1_14' title="bbox 171 1232 885 2737">
    <p class='ocr_par' dir='ltr' id='par_1_14' title="bbox 172 1232 885 1736">
     <span class='ocr_line' id='line_1_21' title="bbox 173 1232 882 1273; baseline -0.001 -12"><span class='ocrx_word' id='word_1_107' title='bbox 173 1238 253 1263; x_wconf 83' lang='lat' dir='ltr'><strong>trum</strong></span> <span class='ocrx_word' id='word_1_108' title='bbox 267 1244 352 1273; x_wconf 76' lang='lat' dir='ltr'><strong>9ray,</strong></span> <span class='ocrx_word' id='word_1_109' title='bbox 365 1234 445 1271; x_wconf 84' lang='lat' dir='ltr'><strong>quod</strong></span> <span class='ocrx_word' id='word_1_110' title='bbox 459 1234 595 1272; x_wconf 74' lang='lat' dir='ltr'><strong>proxime</strong></span> <span class='ocrx_word' id='word_1_111' title='bbox 610 1234 647 1262; x_wconf 83' lang='lat' dir='ltr'><strong>ad</strong></span> <span class='ocrx_word' id='word_1_112' title='bbox 661 1232 818 1262; x_wconf 84' lang='lat' dir='ltr'><strong>caeruleum</strong></span> <span class='ocrx_word' id='word_1_113' title='bbox 835 1242 882 1261; x_wconf 85' lang='lat' dir='ltr'><strong>uc-</strong></span> 
     </span>
     <span class='ocr_line' id='line_1_22' title="bbox 172 1271 884 1311; baseline -0.001 -11"><span class='ocrx_word' id='word_1_114' title='bbox 172 1273 262 1305; x_wconf 77' lang='lat' dir='ltr'><strong>cedit,</strong></span> <span class='ocrx_word' id='word_1_115' title='bbox 276 1273 417 1307; x_wconf 79' lang='lat' dir='ltr'><strong>incidere,</strong></span> <span class='ocrx_word' id='word_1_116' title='bbox 430 1283 469 1300; x_wconf 71' lang='lat' dir='ltr'><strong>ex</strong></span> <span class='ocrx_word' id='word_1_117' title='bbox 485 1273 534 1307; x_wconf 73' lang='lat' dir='ltr'><strong>iis,</strong></span> <span class='ocrx_word' id='word_1_118' title='bbox 552 1282 619 1311; x_wconf 67' lang='lat' dir='ltr'><strong>quae</strong></span> <span class='ocrx_word' id='word_1_119' title='bbox 634 1274 670 1301; x_wconf 81' lang='lat' dir='ltr'><strong>ab</strong></span> <span class='ocrx_word' id='word_1_120' title='bbox 686 1272 785 1309; x_wconf 89' lang='lat' dir='ltr'><strong>Intpp.</strong></span> <span class='ocrx_word' id='word_1_121' title='bbox 803 1271 884 1299; x_wconf 83' lang='lat' dir='ltr'><strong>dicta</strong></span> 
     </span>
     <span class='ocr_line' id='line_1_23' title="bbox 175 1310 883 1349; baseline -0.001 -10"><span class='ocrx_word' id='word_1_122' title='bbox 175 1316 254 1345; x_wconf 83' lang='lat' dir='ltr'><strong>sunt,</strong></span> <span class='ocrx_word' id='word_1_123' title='bbox 280 1315 415 1349; x_wconf 77' lang='lat' dir='ltr'><strong>apparet.</strong></span> <span class='ocrx_word' id='word_1_124' title='bbox 442 1311 652 1349; x_wconf 78' lang='lat' dir='ltr'><strong>H.———Spadix‚</strong></span> <span class='ocrx_word' id='word_1_125' title='bbox 678 1312 766 1348; x_wconf 78' lang='lat' dir='ltr'><strong>Bay;</strong></span> <span class='ocrx_word' id='word_1_126' title='bbox 793 1310 883 1338; x_wconf 79' lang='lat' dir='ltr'><strong>Glau-</strong></span> 
     </span>
     <span class='ocr_line' id='line_1_24' title="bbox 173 1349 883 1388; baseline -0.001 -10"><span class='ocrx_word' id='word_1_127' title='bbox 173 1360 239 1383; x_wconf 74' lang='lat' dir='ltr'><strong>cus,</strong></span> <span class='ocrx_word' id='word_1_128' title='bbox 266 1360 356 1388; x_wconf 73' lang='lat' dir='ltr'><strong>gray,</strong></span> <span class='ocrx_word' id='word_1_129' title='bbox 378 1349 498 1384; x_wconf 80' lang='lat' dir='ltr'><strong>Gilvus,</strong></span> <span class='ocrx_word' id='word_1_130' title='bbox 524 1350 605 1379; x_wconf 82' lang='lat' dir='ltr'><strong>Dun.</strong></span> <span class='ocrx_word' id='word_1_131' title='bbox 629 1349 811 1379; x_wconf 75' lang='lat' dir='ltr'><strong>S.——All›11m</strong></span> <span class='ocrx_word' id='word_1_132' title='bbox 833 1359 883 1377; x_wconf 84' lang='lat' dir='ltr'><strong>co-</strong></span> 
     </span>
     <span class='ocr_line' id='line_1_25' title="bbox 172 1388 882 1426; baseline -0.001 -9"><span class='ocrx_word' id='word_1_133' title='bbox 172 1389 266 1417; x_wconf 80' lang='lat' dir='ltr'><strong>lorem</strong></span> <span class='ocrx_word' id='word_1_134' title='bbox 287 1389 335 1417; x_wconf 65' lang='lat' dir='ltr'><strong>laic</strong></span> <span class='ocrx_word' id='word_1_135' title='bbox 359 1388 515 1426; x_wconf 88' lang='lat' dir='ltr'><strong>pallidum,</strong></span> <span class='ocrx_word' id='word_1_136' title='bbox 537 1393 567 1417; x_wconf 88' lang='lat' dir='ltr'><strong>et</strong></span> <span class='ocrx_word' id='word_1_137' title='bbox 580 1399 596 1417; x_wconf 92' lang='lat' dir='ltr'><strong>a</strong></span> <span class='ocrx_word' id='word_1_138' title='bbox 610 1388 740 1422; x_wconf 66' lang='lat' dir='ltr'><strong>candido,</strong></span> <span class='ocrx_word' id='word_1_139' title='bbox 762 1388 882 1422; x_wconf 78' lang='lat' dir='ltr'><strong>nitente,</strong></span> 
     </span>
     <span class='ocr_line' id='line_1_26' title="bbox 174 1427 883 1466; baseline 0 -12"><span class='ocrx_word' id='word_1_140' title='bbox 174 1427 325 1456; x_wconf 84' lang='lat' dir='ltr'><strong>diversum</strong></span> <span class='ocrx_word' id='word_1_141' title='bbox 347 1437 458 1465; x_wconf 88' lang='lat' dir='ltr'><strong>ponere</strong></span> <span class='ocrx_word' id='word_1_142' title='bbox 479 1428 588 1465; x_wconf 82' lang='lat' dir='ltr'><strong>potuit,</strong></span> <span class='ocrx_word' id='word_1_143' title='bbox 611 1437 789 1466; x_wconf 79' lang='lat' dir='ltr'><strong>quamquam</strong></span> <span class='ocrx_word' id='word_1_144' title='bbox 810 1427 883 1455; x_wconf 79' lang='lat' dir='ltr'><strong>alias</strong></span> 
     </span>
     <span class='ocr_line' id='line_1_27' title="bbox 173 1466 884 1504; baseline 0.001 -11"><span class='ocrx_word' id='word_1_145' title='bbox 173 1470 332 1504; x_wconf 87' lang='lat' dir='ltr'><strong>utrumque</strong></span> <span class='ocrx_word' id='word_1_146' title='bbox 343 1476 449 1494; x_wconf 88' lang='lat' dir='ltr'><strong>nomen</strong></span> <span class='ocrx_word' id='word_1_147' title='bbox 460 1466 630 1504; x_wconf 75' lang='lat' dir='ltr'><strong>promiscue</strong></span> <span class='ocrx_word' id='word_1_148' title='bbox 641 1476 784 1504; x_wconf 83' lang='lat' dir='ltr'><strong>usurpare</strong></span> <span class='ocrx_word' id='word_1_149' title='bbox 797 1466 884 1494; x_wconf 74' lang='lat' dir='ltr'><strong>solet.</strong></span> 
     </span>
     <span class='ocr_line' id='line_1_28' title="bbox 172 1504 882 1538; baseline -0.001 -6"><span class='ocrx_word' id='word_1_150' title='bbox 172 1504 390 1533; x_wconf 81' lang='lat' dir='ltr'><strong>Potesttamen</strong></span> <span class='ocrx_word' id='word_1_151' title='bbox 408 1509 438 1533; x_wconf 86' lang='lat' dir='ltr'><strong>et</strong></span> <span class='ocrx_word' id='word_1_152' title='bbox 451 1504 501 1533; x_wconf 89' lang='lat' dir='ltr'><strong>illa</strong></span> <span class='ocrx_word' id='word_1_153' title='bbox 514 1505 592 1533; x_wconf 79' lang='lat' dir='ltr'><strong>ratio</strong></span> <span class='ocrx_word' id='word_1_154' title='bbox 630 1505 740 1538; x_wconf 86' lang='lat' dir='ltr'><strong>robari,</strong></span> <span class='ocrx_word' id='word_1_155' title='bbox 762 1508 795 1532; x_wconf 86' lang='lat' dir='ltr'><strong>ut</strong></span> <span class='ocrx_word' id='word_1_156' title='bbox 815 1515 882 1532; x_wconf 76' lang='lat' dir='ltr'><strong>can-</strong></span> 
     </span>
     <span class='ocr_line' id='line_1_29' title="bbox 173 1543 883 1582; baseline 0 -12"><span class='ocrx_word' id='word_1_157' title='bbox 173 1543 266 1572; x_wconf 78' lang='lat' dir='ltr'><strong>dorin</strong></span> <span class='ocrx_word' id='word_1_158' title='bbox 281 1543 365 1581; x_wconf 74' lang='lat' dir='ltr'><strong>equis</strong></span> <span class='ocrx_word' id='word_1_159' title='bbox 380 1543 498 1582; x_wconf 89' lang='lat' dir='ltr'><strong>quidem</strong></span> <span class='ocrx_word' id='word_1_160' title='bbox 521 1543 587 1571; x_wconf 82' lang='lat' dir='ltr'><strong>aliis</strong></span> <span class='ocrx_word' id='word_1_161' title='bbox 618 1543 719 1572; x_wconf 80' lang='lat' dir='ltr'><strong>audari</strong></span> <span class='ocrx_word' id='word_1_162' title='bbox 742 1543 883 1580; x_wconf 59' lang='lat' dir='ltr'><strong>potuerit,</strong></span> 
     </span>
     <span class='ocr_line' id='line_1_30' title="bbox 173 1581 883 1619; baseline -0.001 -9"><span class='ocrx_word' id='word_1_163' title='bbox 173 1585 204 1609; x_wconf 80' lang='lat' dir='ltr'><strong>at</strong></span> <span class='ocrx_word' id='word_1_164' title='bbox 227 1581 255 1610; x_wconf 90' lang='lat' dir='ltr'><strong>in</strong></span> <span class='ocrx_word' id='word_1_165' title='bbox 277 1582 462 1615; x_wconf 75' lang='lat' dir='ltr'><strong>admissario,</strong></span> <span class='ocrx_word' id='word_1_166' title='bbox 486 1583 523 1610; x_wconf 86' lang='lat' dir='ltr'><strong>de</strong></span> <span class='ocrx_word' id='word_1_167' title='bbox 550 1592 608 1619; x_wconf 86' lang='lat' dir='ltr'><strong>quo</strong></span> <span class='ocrx_word' id='word_1_168' title='bbox 628 1582 676 1610; x_wconf 88' lang='lat' dir='ltr'><strong>hic</strong></span> <span class='ocrx_word' id='word_1_169' title='bbox 699 1582 806 1619; x_wconf 79' lang='lat' dir='ltr'><strong>agitur,</strong></span> <span class='ocrx_word' id='word_1_170' title='bbox 830 1582 883 1609; x_wconf 91' lang='lat' dir='ltr'><strong>im-</strong></span> 
     </span>
     <span class='ocr_line' id='line_1_31' title="bbox 173 1620 884 1658; baseline 0.001 -11"><span class='ocrx_word' id='word_1_171' title='bbox 173 1621 320 1658; x_wconf 81' lang='lat' dir='ltr'><strong>probatus</strong></span> <span class='ocrx_word' id='word_1_172' title='bbox 351 1620 598 1650; x_wconf 57' lang='lat' dir='ltr'><strong>fuerin—Gneus</strong></span> <span class='ocrx_word' id='word_1_173' title='bbox 628 1621 693 1649; x_wconf 82' lang='lat' dir='ltr'><strong>deni</strong></span> <span class='ocrx_word' id='word_1_174' title='bbox 718 1630 753 1648; x_wconf 85' lang='lat' dir='ltr'><strong>ue</strong></span> <span class='ocrx_word' id='word_1_175' title='bbox 790 1620 884 1648; x_wconf 82' lang='lat' dir='ltr'><strong>ssavus</strong></span> 
     </span>
     <span class='ocr_line' id='line_1_32' title="bbox 174 1659 885 1697; baseline 0.001 -11"><span class='ocrx_word' id='word_1_176' title='bbox 174 1659 255 1687; x_wconf 88' lang='lat' dir='ltr'><strong>color</strong></span> <span class='ocrx_word' id='word_1_177' title='bbox 268 1659 294 1687; x_wconf 79' lang='lat' dir='ltr'><strong>is</strong></span> <span class='ocrx_word' id='word_1_178' title='bbox 306 1670 371 1688; x_wconf 81' lang='lat' dir='ltr'><strong>esse</strong></span> <span class='ocrx_word' id='word_1_179' title='bbox 381 1660 513 1694; x_wconf 84' lang='lat' dir='ltr'><strong>videtur,</strong></span> <span class='ocrx_word' id='word_1_180' title='bbox 529 1660 579 1697; x_wconf 92' lang='lat' dir='ltr'><strong>qui</strong></span> <span class='ocrx_word' id='word_1_181' title='bbox 593 1660 629 1688; x_wconf 86' lang='lat' dir='ltr'><strong>ad</strong></span> <span class='ocrx_word' id='word_1_182' title='bbox 642 1659 698 1688; x_wconf 82' lang='lat' dir='ltr'><strong>mel</strong></span> <span class='ocrx_word' id='word_1_183' title='bbox 713 1659 738 1687; x_wconf 79' lang='lat' dir='ltr'><strong>is</strong></span> <span class='ocrx_word' id='word_1_184' title='bbox 752 1659 885 1687; x_wconf 82' lang='lat' dir='ltr'><strong>colorem</strong></span> 
     </span>
     <span class='ocr_line' id='line_1_33' title="bbox 174 1697 458 1736; baseline 0.004 -11"><span class='ocrx_word' id='word_1_185' title='bbox 174 1697 311 1736; x_wconf 81' lang='lat' dir='ltr'><strong>proxime</strong></span> <span class='ocrx_word' id='word_1_186' title='bbox 326 1698 458 1726; x_wconf 87' lang='lat' dir='ltr'><strong>accedat.</strong></span> 
     </span>
    </p>

    <p class='ocr_par' dir='ltr' id='par_1_15' title="bbox 171 1735 884 2660">
     <span class='ocr_line' id='line_1_34' title="bbox 211 1735 883 1774; baseline -0.003 -9"><span class='ocrx_word' id='word_1_187' title='bbox 211 1738 326 1765; x_wconf 70' lang='lat'>83-85</span> <span class='ocrx_word' id='word_1_188' title='bbox 349 1737 455 1774; x_wconf 69' lang='lat' dir='ltr'><strong>Equus</strong></span> <span class='ocrx_word' id='word_1_189' title='bbox 476 1735 624 1763; x_wconf 84' lang='lat' dir='ltr'><strong>animosus</strong></span> <span class='ocrx_word' id='word_1_190' title='bbox 638 1739 668 1763; x_wconf 86' lang='lat' dir='ltr'><strong>et</strong></span> <span class='ocrx_word' id='word_1_191' title='bbox 689 1735 793 1763; x_wconf 85' lang='lat' dir='ltr'><strong>ardore</strong></span> <span class='ocrx_word' id='word_1_192' title='bbox 808 1746 883 1773; x_wconf 63' lang='lat' dir='ltr'><strong>pug-</strong></span> 
     </span>
     <span class='ocr_line' id='line_1_35' title="bbox 172 1773 883 1803; baseline -0.003 0"><span class='ocrx_word' id='word_1_193' title='bbox 172 1775 260 1803; x_wconf 82' lang='lat' dir='ltr'><strong>naudi</strong></span> <span class='ocrx_word' id='word_1_194' title='bbox 275 1775 413 1803; x_wconf 78' lang='lat' dir='ltr'><strong>incensus</strong></span> <span class='ocrx_word' id='word_1_195' title='bbox 430 1773 620 1802; x_wconf 83' lang='lat' dir='ltr'><strong>describitur.</strong></span> <span class='ocrx_word' id='word_1_196' title='bbox 640 1775 679 1802; x_wconf 66' lang='lat'><strong>84</strong></span> <span class='ocrx_word' id='word_1_197' title='bbox 699 1774 782 1801; x_wconf 77' lang='lat' dir='ltr'><strong>micat</strong></span> <span class='ocrx_word' id='word_1_198' title='bbox 803 1774 883 1801; x_wconf 74' lang='lat' dir='ltr'><strong>cluri-</strong></span> 
     </span>
     <span class='ocr_line' id='line_1_36' title="bbox 173 1812 882 1845; baseline -0.001 -4"><span class='ocrx_word' id='word_1_199' title='bbox 173 1813 237 1845; x_wconf 75' lang='lat' dir='ltr'><strong>Ims.</strong></span> <span class='ocrx_word' id='word_1_200' title='bbox 258 1813 287 1841; x_wconf 90' lang='lat' dir='ltr'><strong>in</strong></span> <span class='ocrx_word' id='word_1_201' title='bbox 308 1813 406 1841; x_wconf 79' lang='lat' dir='ltr'><strong>solnta</strong></span> <span class='ocrx_word' id='word_1_202' title='bbox 434 1812 581 1840; x_wconf 77' lang='lat' dir='ltr'><strong>oratione:</strong></span> <span class='ocrx_word' id='word_1_203' title='bbox 609 1822 694 1840; x_wconf 85' lang='lat' dir='ltr'><strong>aures</strong></span> <span class='ocrx_word' id='word_1_204' title='bbox 721 1812 828 1840; x_wconf 79' lang='lat' dir='ltr'><strong>micant</strong></span> <span class='ocrx_word' id='word_1_205' title='bbox 854 1812 882 1840; x_wconf 92' lang='lat' dir='ltr'><strong>in</strong></span> 
     </span>
     <span class='ocr_line' id='line_1_37' title="bbox 173 1851 882 1889; baseline -0.003 -9"><span class='ocrx_word' id='word_1_206' title='bbox 173 1852 282 1889; x_wconf 84' lang='lat' dir='ltr'><strong>capite,</strong></span> <span class='ocrx_word' id='word_1_207' title='bbox 326 1851 465 1879; x_wconf 77' lang='lat' dir='ltr'><strong>celeriter</strong></span> <span class='ocrx_word' id='word_1_208' title='bbox 492 1854 658 1884; x_wconf 82' lang='lat' dir='ltr'><strong>moventur,</strong></span> <span class='ocrx_word' id='word_1_209' title='bbox 700 1851 882 1888; x_wconf 75' lang='lat' dir='ltr'><strong>arriguntur.</strong></span> 
     </span>
     <span class='ocr_line' id='line_1_38' title="bbox 173 1889 883 1928; baseline 0 -11"><span class='ocrx_word' id='word_1_210' title='bbox 173 1890 265 1928; x_wconf 77' lang='lat' dir='ltr'><strong>ayiles</strong></span> <span class='ocrx_word' id='word_1_211' title='bbox 289 1899 375 1918; x_wconf 62' lang='lat' dir='ltr'><strong>aures</strong></span> <span class='ocrx_word' id='word_1_212' title='bbox 397 1889 566 1918; x_wconf 81' lang='lat' dir='ltr'><strong>Nemesian.</strong></span> <span class='ocrx_word' id='word_1_213' title='bbox 593 1889 705 1927; x_wconf 48' lang='lat' dir='ltr'><strong>Cyneg.</strong></span> <span class='ocrx_word' id='word_1_214' title='bbox 732 1890 800 1917; x_wconf 66' lang='lat'><strong>245.</strong></span> <span class='ocrx_word' id='word_1_215' title='bbox 842 1889 883 1917; x_wconf 85' lang='lat' dir='ltr'><strong>Et</strong></span> 
     </span>
     <span class='ocr_line' id='line_1_39' title="bbox 172 1928 883 1966; baseline -0.001 -10"><span class='ocrx_word' id='word_1_216' title='bbox 172 1938 248 1966; x_wconf 85' lang='lat' dir='ltr'><strong>pro:</strong></span> <span class='ocrx_word' id='word_1_217' title='bbox 271 1928 370 1957; x_wconf 87' lang='lat' dir='ltr'><strong>tremit</strong></span> <span class='ocrx_word' id='word_1_218' title='bbox 396 1929 532 1963; x_wconf 78' lang='lat' dir='ltr'><strong>artubus,</strong></span> <span class='ocrx_word' id='word_1_219' title='bbox 554 1937 606 1956; x_wconf 81' lang='lat' dir='ltr'><strong>seu</strong></span> <span class='ocrx_word' id='word_1_220' title='bbox 629 1932 711 1956; x_wconf 86' lang='lat' dir='ltr'><strong>artus</strong></span> <span class='ocrx_word' id='word_1_221' title='bbox 740 1932 883 1961; x_wconf 77' lang='lat' dir='ltr'><strong>tremunt,</strong></span> 
     </span>
     <span class='ocr_line' id='line_1_40' title="bbox 172 1966 882 2006; baseline -0.003 -11"><span class='ocrx_word' id='word_1_222' title='bbox 172 1966 268 2006; x_wconf 84' lang='lat' dir='ltr'><strong>magis</strong></span> <span class='ocrx_word' id='word_1_223' title='bbox 282 1967 400 2004; x_wconf 67' lang='lat' dir='ltr'><strong>poetice</strong></span> <span class='ocrx_word' id='word_1_224' title='bbox 415 1967 528 1995; x_wconf 70' lang='lat' dir='ltr'><strong>dle-tum</strong></span> <span class='ocrx_word' id='word_1_225' title='bbox 542 1966 642 1994; x_wconf 76' lang='lat' dir='ltr'><strong>tremit</strong></span> <span class='ocrx_word' id='word_1_226' title='bbox 655 1966 825 1995; x_wconf 75' lang='lat' dir='ltr'><strong>artus.—S5</strong></span> <span class='ocrx_word' id='word_1_227' title='bbox 839 1966 882 2004; x_wconf 69' lang='lat' dir='ltr'><strong>iy-</strong></span> 
     </span>
     <span class='ocr_line' id='line_1_41' title="bbox 172 2005 884 2042; baseline -0.001 -8"><span class='ocrx_word' id='word_1_228' title='bbox 172 2016 236 2034; x_wconf 83' lang='lat' dir='ltr'><strong>nem</strong></span> <span class='ocrx_word' id='word_1_229' title='bbox 254 2006 397 2042; x_wconf 83' lang='lat' dir='ltr'><strong>praeclare</strong></span> <span class='ocrx_word' id='word_1_230' title='bbox 415 2006 492 2034; x_wconf 74' lang='lat' dir='ltr'><strong>dixit</strong></span> <span class='ocrx_word' id='word_1_231' title='bbox 514 2005 648 2034; x_wconf 78' lang='lat' dir='ltr'><strong>ardentes</strong></span> <span class='ocrx_word' id='word_1_232' title='bbox 663 2005 829 2041; x_wconf 65' lang='lat' dir='ltr'><strong>anhelitus,</strong></span> <span class='ocrx_word' id='word_1_233' title='bbox 850 2009 884 2034; x_wconf 87' lang='lat' dir='ltr'><strong>ut</strong></span> 
     </span>
     <span class='ocr_line' id='line_1_42' title="bbox 172 2043 884 2082; baseline -0.001 -10"><span class='ocrx_word' id='word_1_234' title='bbox 172 2050 202 2072; x_wconf 77' lang='lat' dir='ltr'><strong>ct</strong></span> <span class='ocrx_word' id='word_1_235' title='bbox 218 2044 268 2072; x_wconf 88' lang='lat' dir='ltr'><strong>alii</strong></span> <span class='ocrx_word' id='word_1_236' title='bbox 281 2045 390 2082; x_wconf 70' lang='lat' dir='ltr'><strong>poetae.</strong></span> <span class='ocrx_word' id='word_1_237' title='bbox 407 2044 487 2073; x_wconf 86' lang='lat' dir='ltr'><strong>Hinc</strong></span> <span class='ocrx_word' id='word_1_238' title='bbox 496 2043 646 2072; x_wconf 74' lang='lat' dir='ltr'><strong>Diomedis</strong></span> <span class='ocrx_word' id='word_1_239' title='bbox 660 2044 726 2082; x_wconf 78' lang='lat' dir='ltr'><strong>eqni</strong></span> <span class='ocrx_word' id='word_1_240' title='bbox 741 2043 884 2082; x_wconf 71' lang='lat' dir='ltr'><strong>spirantes</strong></span> 
     </span>
     <span class='ocr_line' id='line_1_43' title="bbox 172 2081 884 2120; baseline 0 -10"><span class='ocrx_word' id='word_1_241' title='bbox 172 2083 292 2111; x_wconf 75' lang='lat' dir='ltr'><strong>naribus</strong></span> <span class='ocrx_word' id='word_1_242' title='bbox 310 2082 402 2120; x_wconf 71' lang='lat' dir='ltr'><strong>iynem</strong></span> <span class='ocrx_word' id='word_1_243' title='bbox 419 2093 468 2120; x_wconf 88' lang='lat' dir='ltr'><strong>ap.</strong></span> <span class='ocrx_word' id='word_1_244' title='bbox 488 2083 599 2111; x_wconf 87' lang='lat' dir='ltr'><strong>Lucret</strong></span> <span class='ocrx_word' id='word_1_245' title='bbox 614 2083 651 2117; x_wconf 86' lang='lat' dir='ltr'><strong>V,</strong></span> <span class='ocrx_word' id='word_1_246' title='bbox 672 2083 722 2111; x_wconf 80' lang='grc'><strong>29.</strong></span> <span class='ocrx_word' id='word_1_247' title='bbox 756 2081 884 2110; x_wconf 82' lang='lat' dir='ltr'><strong>Fumant</strong></span> 
     </span>
     <span class='ocr_line' id='line_1_44' title="bbox 172 2121 882 2159; baseline 0.001 -10"><span class='ocrx_word' id='word_1_248' title='bbox 172 2122 318 2150; x_wconf 72' lang='lat' dir='ltr'><strong>humentes</strong></span> <span class='ocrx_word' id='word_1_249' title='bbox 331 2121 423 2150; x_wconf 77' lang='lat' dir='ltr'><strong>calida</strong></span> <span class='ocrx_word' id='word_1_250' title='bbox 437 2121 471 2149; x_wconf 73' lang='lat' dir='ltr'><strong>(Ie</strong></span> <span class='ocrx_word' id='word_1_251' title='bbox 484 2132 554 2149; x_wconf 77' lang='lat' dir='ltr'><strong>nare</strong></span> <span class='ocrx_word' id='word_1_252' title='bbox 570 2131 688 2159; x_wconf 75' lang='lat' dir='ltr'><strong>vapores</strong></span> <span class='ocrx_word' id='word_1_253' title='bbox 709 2121 882 2150; x_wconf 81' lang='lat' dir='ltr'><strong>Nemesian-</strong></span> 
     </span>
     <span class='ocr_line' id='line_1_45' title="bbox 174 2160 884 2198; baseline 0 -9"><span class='ocrx_word' id='word_1_254' title='bbox 174 2160 289 2198; x_wconf 69' lang='lat' dir='ltr'><strong>Cyneg.</strong></span> <span class='ocrx_word' id='word_1_255' title='bbox 304 2162 372 2190; x_wconf 34' lang='lat'><strong>2⁷1⁸.</strong></span> <span class='ocrx_word' id='word_1_256' title='bbox 391 2160 430 2189; x_wconf 61' lang='grc' dir='ltr'><strong>οἵ.</strong></span> <span class='ocrx_word' id='word_1_257' title='bbox 452 2160 529 2189; x_wconf 84' lang='lat' dir='ltr'><strong>Stat.</strong></span> <span class='ocrx_word' id='word_1_258' title='bbox 549 2160 643 2188; x_wconf 80' lang='lat' dir='ltr'><strong>Theb.</strong></span> <span class='ocrx_word' id='word_1_259' title='bbox 658 2160 716 2194; x_wconf 86' lang='lat' dir='ltr'><strong>VI,</strong></span> <span class='ocrx_word' id='word_1_260' title='bbox 737 2161 805 2188; x_wconf 70' lang='lat'><strong>471.</strong></span> <span class='ocrx_word' id='word_1_261' title='bbox 825 2161 884 2189; x_wconf 83' lang='grc'><strong>472</strong></span> 
     </span>
     <span class='ocr_line' id='line_1_46' title="bbox 172 2198 881 2237; baseline 0.003 -11"><span class='ocrx_word' id='word_1_262' title='bbox 172 2198 346 2236; x_wconf 37' lang='grc' dir='ltr'><strong>ήΐνεγὶιεπμς.</strong></span> <span class='ocrx_word' id='word_1_263' title='bbox 367 2199 522 2237; x_wconf 79' lang='lat' dir='ltr'><strong>legebatur</strong></span> <span class='ocrx_word' id='word_1_264' title='bbox 536 2204 620 2228; x_wconf 84' lang='lat' dir='ltr'><strong>antea</strong></span> <span class='ocrx_word' id='word_1_265' title='bbox 633 2209 778 2236; x_wconf 74' lang='lat' dir='ltr'><strong>premens,</strong></span> <span class='ocrx_word' id='word_1_266' title='bbox 802 2199 881 2236; x_wconf 88' lang='lat' dir='ltr'><strong>quod</strong></span> 
     </span>
     <span class='ocr_line' id='line_1_47' title="bbox 173 2237 882 2274; baseline 0.003 -10"><span class='ocrx_word' id='word_1_267' title='bbox 173 2241 203 2264; x_wconf 91' lang='lat' dir='ltr'><strong>et</strong></span> <span class='ocrx_word' id='word_1_268' title='bbox 223 2237 323 2274; x_wconf 85' lang='lat' dir='ltr'><strong>ipsum</strong></span> <span class='ocrx_word' id='word_1_269' title='bbox 347 2238 566 2266; x_wconf 83' lang='lat' dir='ltr'><strong>accommodate</strong></span> <span class='ocrx_word' id='word_1_270' title='bbox 586 2238 700 2266; x_wconf 84' lang='lat' dir='ltr'><strong>dictum</strong></span> <span class='ocrx_word' id='word_1_271' title='bbox 721 2237 758 2266; x_wconf 85' lang='lat' dir='ltr'><strong>ad</strong></span> <span class='ocrx_word' id='word_1_272' title='bbox 784 2237 882 2266; x_wconf 80' lang='lat' dir='ltr'><strong>decla-</strong></span> 
     </span>
     <span class='ocr_line' id='line_1_48' title="bbox 173 2276 882 2314; baseline 0.003 -11"><span class='ocrx_word' id='word_1_273' title='bbox 173 2276 296 2304; x_wconf 88' lang='lat' dir='ltr'><strong>randum</strong></span> <span class='ocrx_word' id='word_1_274' title='bbox 318 2276 465 2314; x_wconf 80' lang='lat' dir='ltr'><strong>spiritum,</strong></span> <span class='ocrx_word' id='word_1_275' title='bbox 493 2276 544 2304; x_wconf 79' lang='lat' dir='ltr'><strong>diu</strong></span> <span class='ocrx_word' id='word_1_276' title='bbox 570 2276 738 2309; x_wconf 85' lang='lat' dir='ltr'><strong>collectum,</strong></span> <span class='ocrx_word' id='word_1_277' title='bbox 759 2285 825 2304; x_wconf 86' lang='lat' dir='ltr'><strong>cum</strong></span> <span class='ocrx_word' id='word_1_278' title='bbox 854 2277 882 2305; x_wconf 90' lang='lat' dir='ltr'><strong>vi</strong></span> 
     </span>
     <span class='ocr_line' id='line_1_49' title="bbox 173 2314 883 2352; baseline 0.003 -11"><span class='ocrx_word' id='word_1_279' title='bbox 173 2320 202 2341; x_wconf 82' lang='lat' dir='ltr'><strong>et</strong></span> <span class='ocrx_word' id='word_1_280' title='bbox 230 2314 341 2352; x_wconf 77' lang='lat' dir='ltr'><strong>impetu</strong></span> <span class='ocrx_word' id='word_1_281' title='bbox 365 2316 480 2343; x_wconf 87' lang='lat' dir='ltr'><strong>tandem</strong></span> <span class='ocrx_word' id='word_1_282' title='bbox 508 2315 736 2343; x_wconf 66' lang='lat' dir='ltr'><strong>emissun1.—2s7</strong></span> <span class='ocrx_word' id='word_1_283' title='bbox 766 2315 883 2352; x_wconf 69' lang='lat' dir='ltr'><strong>Duplex</strong></span> 
     </span>
     <span class='ocr_line' id='line_1_50' title="bbox 171 2352 881 2391; baseline 0.001 -11"><span class='ocrx_word' id='word_1_284' title='bbox 171 2352 257 2390; x_wconf 77' lang='lat' dir='ltr'><strong>spina</strong></span> <span class='ocrx_word' id='word_1_285' title='bbox 279 2354 314 2381; x_wconf 86' lang='lat' dir='ltr'><strong>ab</strong></span> <span class='ocrx_word' id='word_1_286' title='bbox 339 2354 474 2382; x_wconf 74' lang='lat' dir='ltr'><strong>munibus</strong></span> <span class='ocrx_word' id='word_1_287' title='bbox 493 2353 645 2382; x_wconf 77' lang='lat' dir='ltr'><strong>veteribus</strong></span> <span class='ocrx_word' id='word_1_288' title='bbox 665 2354 693 2382; x_wconf 87' lang='lat' dir='ltr'><strong>in</strong></span> <span class='ocrx_word' id='word_1_289' title='bbox 713 2354 789 2382; x_wconf 88' lang='lat' dir='ltr'><strong>bono</strong></span> <span class='ocrx_word' id='word_1_290' title='bbox 805 2364 881 2391; x_wconf 82' lang='lat' dir='ltr'><strong>equo</strong></span> 
     </span>
     <span class='ocr_line' id='line_1_51' title="bbox 171 2390 879 2427; baseline 0.003 -8"><span class='ocrx_word' id='word_1_291' title='bbox 171 2390 311 2420; x_wconf 84' lang='lat' dir='ltr'><strong>laudatur</strong></span> <span class='ocrx_word' id='word_1_292' title='bbox 326 2401 355 2419; x_wconf 86' lang='lat' dir='ltr'><strong>v.</strong></span> <span class='ocrx_word' id='word_1_293' title='bbox 370 2392 495 2420; x_wconf 71' lang='lat' dir='ltr'><strong>Van-on.</strong></span> <span class='ocrx_word' id='word_1_294' title='bbox 511 2392 557 2425; x_wconf 84' lang='lat' dir='ltr'><strong>II,</strong></span> <span class='ocrx_word' id='word_1_295' title='bbox 580 2393 608 2425; x_wconf 89' lang='grc'><strong>7,</strong></span> <span class='ocrx_word' id='word_1_296' title='bbox 626 2394 661 2420; x_wconf 82' lang='lat'><strong>5:</strong></span> <span class='ocrx_word' id='word_1_297' title='bbox 686 2392 802 2421; x_wconf 84' lang='lat' dir='ltr'><strong>Colum.</strong></span> <span class='ocrx_word' id='word_1_298' title='bbox 822 2393 879 2427; x_wconf 64' lang='lat' dir='ltr'><strong>VI,</strong></span> 
     </span>
     <span class='ocr_line' id='line_1_52' title="bbox 171 2430 880 2468; baseline 0.003 -11"><span class='ocrx_word' id='word_1_299' title='bbox 171 2430 222 2463; x_wconf 78' lang='lat'><strong>29,</strong></span> <span class='ocrx_word' id='word_1_300' title='bbox 237 2431 273 2458; x_wconf 81' lang='lat'><strong>2:</strong></span> <span class='ocrx_word' id='word_1_301' title='bbox 298 2431 430 2468; x_wconf 78' lang='lat' dir='ltr'><strong>Geopon.</strong></span> <span class='ocrx_word' id='word_1_302' title='bbox 446 2431 540 2465; x_wconf 76' lang='lat' dir='ltr'><strong>XVI,</strong></span> <span class='ocrx_word' id='word_1_303' title='bbox 555 2432 582 2458; x_wconf 87' lang='lat' dir='ltr'><strong>l.</strong></span> <span class='ocrx_word' id='word_1_304' title='bbox 598 2431 727 2460; x_wconf 87' lang='lat' dir='ltr'><strong>Innuere</strong></span> <span class='ocrx_word' id='word_1_305' title='bbox 742 2431 880 2460; x_wconf 86' lang='lat' dir='ltr'><strong>videntur</strong></span> 
     </span>
     <span class='ocr_line' id='line_1_53' title="bbox 173 2468 878 2503; baseline 0.004 -8"><span class='ocrx_word' id='word_1_306' title='bbox 173 2478 186 2496; x_wconf 88' lang='lat' dir='ltr'><strong>s</strong></span> <span class='ocrx_word' id='word_1_307' title='bbox 212 2468 298 2501; x_wconf 83' lang='lat' dir='ltr'><strong>inam,</strong></span> <span class='ocrx_word' id='word_1_308' title='bbox 312 2468 411 2503; x_wconf 75' lang='lat' dir='ltr'><strong>latam,</strong></span> <span class='ocrx_word' id='word_1_309' title='bbox 426 2479 566 2503; x_wconf 80' lang='lat' dir='ltr'><strong>crassam,</strong></span> <span class='ocrx_word' id='word_1_310' title='bbox 586 2474 620 2498; x_wconf 81' lang='lat' dir='ltr'><strong>ut</strong></span> <span class='ocrx_word' id='word_1_311' title='bbox 633 2470 760 2498; x_wconf 70' lang='lat' dir='ltr'><strong>maxime</strong></span> <span class='ocrx_word' id='word_1_312' title='bbox 774 2479 878 2498; x_wconf 78' lang='lat' dir='ltr'><strong>versus</strong></span> 
     </span>
     <span class='ocr_line' id='line_1_54' title="bbox 171 2508 878 2544; baseline 0.001 -10"><span class='ocrx_word' id='word_1_313' title='bbox 171 2516 187 2535; x_wconf 88' lang='lat' dir='ltr'><strong>c</strong></span> <span class='ocrx_word' id='word_1_314' title='bbox 202 2516 274 2535; x_wconf 86' lang='lat' dir='ltr'><strong>unes</strong></span> <span class='ocrx_word' id='word_1_315' title='bbox 290 2510 439 2544; x_wconf 84' lang='lat' dir='ltr'><strong>tamquam</strong></span> <span class='ocrx_word' id='word_1_316' title='bbox 456 2518 560 2536; x_wconf 79' lang='lat' dir='ltr'><strong>cavum</strong></span> <span class='ocrx_word' id='word_1_317' title='bbox 575 2508 690 2536; x_wconf 86' lang='lat' dir='ltr'><strong>sulcum</strong></span> <span class='ocrx_word' id='word_1_318' title='bbox 704 2508 804 2541; x_wconf 75' lang='lat' dir='ltr'><strong>faciat,</strong></span> <span class='ocrx_word' id='word_1_319' title='bbox 826 2517 878 2536; x_wconf 83' lang='lat' dir='ltr'><strong>nec</strong></span> 
     </span>
     <span class='ocr_line' id='line_1_55' title="bbox 172 2545 881 2584; baseline 0.004 -11"><span class='ocrx_word' id='word_1_320' title='bbox 172 2549 271 2574; x_wconf 80' lang='lat' dir='ltr'><strong>tamen</strong></span> <span class='ocrx_word' id='word_1_321' title='bbox 280 2545 345 2582; x_wconf 83' lang='lat' dir='ltr'><strong>ipsa</strong></span> <span class='ocrx_word' id='word_1_322' title='bbox 360 2546 442 2583; x_wconf 73' lang='lat' dir='ltr'><strong>spina</strong></span> <span class='ocrx_word' id='word_1_323' title='bbox 454 2551 606 2584; x_wconf 80' lang='lat' dir='ltr'><strong>appareat.</strong></span> <span class='ocrx_word' id='word_1_324' title='bbox 624 2547 746 2576; x_wconf 81' lang='lat' dir='ltr'><strong>Nemes.</strong></span> <span class='ocrx_word' id='word_1_325' title='bbox 767 2547 881 2584; x_wconf 62' lang='lat' dir='ltr'><strong>Cyneg-</strong></span> 
     </span>
     <span class='ocr_line' id='line_1_56' title="bbox 171 2583 880 2624; baseline 0 -12"><span class='ocrx_word' id='word_1_326' title='bbox 171 2584 240 2612; x_wconf 75' lang='lat'><strong>243.</strong></span> <span class='ocrx_word' id='word_1_327' title='bbox 280 2583 344 2612; x_wconf 77' lang='lat' dir='ltr'><strong>Illis</strong></span> <span class='ocrx_word' id='word_1_328' title='bbox 369 2584 464 2621; x_wconf 76' lang='lat' dir='ltr'><strong>ampla</strong></span> <span class='ocrx_word' id='word_1_329' title='bbox 488 2586 560 2613; x_wconf 70' lang='lat' dir='ltr'><strong>satis</strong></span> <span class='ocrx_word' id='word_1_330' title='bbox 588 2585 652 2614; x_wconf 81' lang='lat' dir='ltr'><strong>laevi</strong></span> <span class='ocrx_word' id='word_1_331' title='bbox 678 2591 745 2614; x_wconf 76' lang='lat' dir='ltr'><strong>sunt</strong></span> <span class='ocrx_word' id='word_1_332' title='bbox 762 2595 880 2624; x_wconf 78' lang='lat' dir='ltr'><strong>oequoru</strong></span> 
     </span>
     <span class='ocr_line' id='line_1_57' title="bbox 171 2622 876 2660; baseline 0.001 -10"><span class='ocrx_word' id='word_1_333' title='bbox 171 2622 267 2651; x_wconf 76' lang='lat' dir='ltr'><strong>dorso.</strong></span> <span class='ocrx_word' id='word_1_334' title='bbox 307 2623 391 2651; x_wconf 84' lang='lat' dir='ltr'><strong>Idem</strong></span> <span class='ocrx_word' id='word_1_335' title='bbox 412 2623 553 2660; x_wconf 81' lang='lat' dir='ltr'><strong>Calpurn.</strong></span> <span class='ocrx_word' id='word_1_336' title='bbox 575 2624 640 2653; x_wconf 88' lang='lat' dir='ltr'><strong>Ecl.</strong></span> <span class='ocrx_word' id='word_1_337' title='bbox 661 2622 716 2657; x_wconf 76' lang='lat' dir='ltr'><strong>VI,</strong></span> <span class='ocrx_word' id='word_1_338' title='bbox 745 2625 793 2652; x_wconf 65' lang='lat'><strong>5—1.</strong></span> <span class='ocrx_word' id='word_1_339' title='bbox 823 2633 876 2652; x_wconf 90' lang='lat' dir='ltr'><strong>ex—</strong></span> 
     </span>
    </p>

    <p class='ocr_par' dir='ltr' id='par_1_16' title="bbox 194 2661 876 2698">
     <span class='ocr_line' id='line_1_58' title="bbox 194 2661 876 2698; baseline 0.001 -8"><span class='ocrx_word' id='word_1_340' title='bbox 194 2661 292 2696; x_wconf 83' lang='lat' dir='ltr'><strong>ressit,</strong></span> <span class='ocrx_word' id='word_1_341' title='bbox 325 2662 419 2697; x_wconf 70' lang='lat' dir='ltr'><strong>Terqa</strong></span> <span class='ocrx_word' id='word_1_342' title='bbox 444 2661 560 2698; x_wconf 71' lang='lat' dir='ltr'><strong>sedem,-</strong></span> <span class='ocrx_word' id='word_1_343' title='bbox 597 2666 628 2691; x_wconf 83' lang='lat' dir='ltr'><strong>et</strong></span> <span class='ocrx_word' id='word_1_344' title='bbox 654 2662 783 2691; x_wconf 73' lang='lat' dir='ltr'><strong>fortasse</strong></span> <span class='ocrx_word' id='word_1_345' title='bbox 810 2661 876 2691; x_wconf 83' lang='lat' dir='ltr'><strong>hinc</strong></span> 
     </span>
    </p>

    <p class='ocr_par' dir='ltr' id='par_1_17' title="bbox 189 2699 875 2737">
     <span class='ocr_line' id='line_1_59' title="bbox 189 2699 875 2737; baseline -0.001 -8"><span class='ocrx_word' id='word_1_346' title='bbox 189 2700 274 2729; x_wconf 79' lang='lat' dir='ltr'><strong>)vidii</strong></span> <span class='ocrx_word' id='word_1_347' title='bbox 288 2700 363 2729; x_wconf 84' lang='lat' dir='ltr'><strong>Met.</strong></span> <span class='ocrx_word' id='word_1_348' title='bbox 376 2699 457 2736; x_wconf 82' lang='lat' dir='ltr'><strong>XII,</strong></span> <span class='ocrx_word' id='word_1_349' title='bbox 473 2701 540 2729; x_wconf 67' lang='lat'><strong>401.</strong></span> <span class='ocrx_word' id='word_1_350' title='bbox 580 2701 630 2728; x_wconf 70' lang='lat' dir='ltr'><strong>Sis·</strong></span> <span class='ocrx_word' id='word_1_351' title='bbox 645 2705 755 2737; x_wconf 61' lang='lat' dir='ltr'><strong>seryum</strong></span> <span class='ocrx_word' id='word_1_352' title='bbox 768 2700 875 2736; x_wconf 69' lang='lat' dir='ltr'><strong>sessile,</strong></span> 
     </span>
    </p>
   </div>
   <div class='ocr_carea' id='block_1_15' title="bbox 913 1228 1635 2737">
    <p class='ocr_par' dir='ltr' id='par_1_18' title="bbox 920 1228 1635 2041">
     <span class='ocr_line' id='line_1_60' title="bbox 922 1228 1633 1259; baseline -0.004 0"><span class='ocrx_word' id='word_1_353' title='bbox 922 1231 963 1259; x_wconf 76' lang='lat' dir='ltr'><strong>sic</strong></span> <span class='ocrx_word' id='word_1_354' title='bbox 981 1234 1058 1259; x_wconf 73' lang='lat' dir='ltr'><strong>stant</strong></span> <span class='ocrx_word' id='word_1_355' title='bbox 1078 1230 1206 1259; x_wconf 80' lang='lat' dir='ltr'><strong>Pectora</strong></span> <span class='ocrx_word' id='word_1_356' title='bbox 1225 1229 1299 1258; x_wconf 73' lang='lat' dir='ltr'><strong>celsa</strong></span> <span class='ocrx_word' id='word_1_357' title='bbox 1320 1229 1403 1257; x_wconf 52' lang='lat' dir='ltr'><strong>lori&amp;</strong></span> <span class='ocrx_word' id='word_1_358' title='bbox 1443 1228 1633 1258; x_wconf 82' lang='lat' dir='ltr'><strong>Contrarium</strong></span> 
     </span>
     <span class='ocr_line' id='line_1_61' title="bbox 923 1268 1633 1306; baseline -0.004 -8"><span class='ocrx_word' id='word_1_359' title='bbox 923 1270 1028 1298; x_wconf 80' lang='lat' dir='ltr'><strong>vitium</strong></span> <span class='ocrx_word' id='word_1_360' title='bbox 1049 1274 1149 1297; x_wconf 68' lang='lat' dir='ltr'><strong>exstms</strong></span> <span class='ocrx_word' id='word_1_361' title='bbox 1178 1269 1273 1306; x_wconf 75' lang='lat' dir='ltr'><strong>spina,</strong></span> <span class='ocrx_word' id='word_1_362' title='bbox 1298 1269 1378 1306; x_wconf 85' lang='lat' dir='ltr'><strong>apud</strong></span> <span class='ocrx_word' id='word_1_363' title='bbox 1405 1268 1581 1301; x_wconf 78' lang='lat' dir='ltr'><strong>Varronem,</strong></span> <span class='ocrx_word' id='word_1_364' title='bbox 1604 1272 1633 1295; x_wconf 85' lang='lat' dir='ltr'><strong>et</strong></span> 
     </span>
     <span class='ocr_line' id='line_1_62' title="bbox 924 1306 1633 1346; baseline -0.003 -10"><span class='ocrx_word' id='word_1_365' title='bbox 924 1310 1008 1337; x_wconf 77' lang='lat' dir='ltr'><strong>Grat.</strong></span> <span class='ocrx_word' id='word_1_366' title='bbox 1023 1309 1140 1346; x_wconf 66' lang='lat' dir='ltr'><strong>Cyneg.</strong></span> <span class='ocrx_word' id='word_1_367' title='bbox 1156 1309 1223 1336; x_wconf 74' lang='lat'><strong>526.</strong></span> <span class='ocrx_word' id='word_1_368' title='bbox 1245 1307 1271 1336; x_wconf 71' lang='lat' dir='ltr'><strong>si</strong></span> <span class='ocrx_word' id='word_1_369' title='bbox 1286 1307 1379 1335; x_wconf 60' lang='lat' dir='ltr'><strong>tennis</strong></span> <span class='ocrx_word' id='word_1_370' title='bbox 1396 1306 1482 1334; x_wconf 79' lang='lat' dir='ltr'><strong>dorso</strong></span> <span class='ocrx_word' id='word_1_371' title='bbox 1496 1311 1633 1334; x_wconf 70' lang='lat' dir='ltr'><strong>curvatur</strong></span> 
     </span>
     <span class='ocr_line' id='line_1_63' title="bbox 923 1345 1632 1385; baseline -0.001 -10"><span class='ocrx_word' id='word_1_372' title='bbox 923 1347 1100 1385; x_wconf 73' lang='lat' dir='ltr'><strong>spin‹1.--SS</strong></span> <span class='ocrx_word' id='word_1_373' title='bbox 1120 1346 1221 1375; x_wconf 59' lang='lat' dir='ltr'><strong>&amp;olido</strong></span> <span class='ocrx_word' id='word_1_374' title='bbox 1235 1356 1334 1380; x_wconf 77' lang='lat' dir='ltr'><strong>cornu,</strong></span> <span class='ocrx_word' id='word_1_375' title='bbox 1356 1346 1421 1374; x_wconf 90' lang='lat' dir='ltr'><strong>vult</strong></span> <span class='ocrx_word' id='word_1_376' title='bbox 1438 1345 1564 1382; x_wconf 71' lang='lat' dir='ltr'><strong>ungulas</strong></span> <span class='ocrx_word' id='word_1_377' title='bbox 1577 1345 1632 1374; x_wconf 90' lang='lat' dir='ltr'><strong>du-</strong></span> 
     </span>
     <span class='ocr_line' id='line_1_64' title="bbox 925 1383 1633 1422; baseline -0.006 -7"><span class='ocrx_word' id='word_1_378' title='bbox 925 1396 971 1414; x_wconf 77' lang='lat' dir='ltr'><strong>ras</strong></span> <span class='ocrx_word' id='word_1_379' title='bbox 987 1397 1053 1415; x_wconf 80' lang='lat' dir='ltr'><strong>esse</strong></span> <span class='ocrx_word' id='word_1_380' title='bbox 1066 1397 1074 1422; x_wconf 90' lang='lat'><strong>·‚</strong></span> <span class='ocrx_word' id='word_1_381' title='bbox 1095 1390 1129 1414; x_wconf 85' lang='lat' dir='ltr'><strong>ut</strong></span> <span class='ocrx_word' id='word_1_382' title='bbox 1144 1389 1263 1414; x_wconf 85' lang='lat' dir='ltr'><strong>monent</strong></span> <span class='ocrx_word' id='word_1_383' title='bbox 1278 1385 1386 1419; x_wconf 72' lang='lat' dir='ltr'><strong>Varro,</strong></span> <span class='ocrx_word' id='word_1_384' title='bbox 1400 1384 1518 1413; x_wconf 84' lang='lat' dir='ltr'><strong>Colum.</strong></span> <span class='ocrx_word' id='word_1_385' title='bbox 1532 1383 1552 1412; x_wconf 94' lang='grc'><strong>1.</strong></span> <span class='ocrx_word' id='word_1_386' title='bbox 1566 1383 1633 1412; x_wconf 84' lang='lat' dir='ltr'><strong>I.—</strong></span> 
     </span>
     <span class='ocr_line' id='line_1_65' title="bbox 923 1422 1632 1462; baseline -0.001 -10"><span class='ocrx_word' id='word_1_387' title='bbox 923 1424 1027 1459; x_wconf 78' lang='lat' dir='ltr'><strong>Somtt,</strong></span> <span class='ocrx_word' id='word_1_388' title='bbox 1052 1429 1082 1453; x_wconf 82' lang='lat' dir='ltr'><strong>et</strong></span> <span class='ocrx_word' id='word_1_389' title='bbox 1102 1426 1157 1453; x_wconf 84' lang='lat' dir='ltr'><strong>hoc</strong></span> <span class='ocrx_word' id='word_1_390' title='bbox 1177 1424 1308 1462; x_wconf 84' lang='lat' dir='ltr'><strong>proprie.</strong></span> <span class='ocrx_word' id='word_1_391' title='bbox 1331 1434 1359 1451; x_wconf 78' lang='lat' dir='ltr'><strong>v.</strong></span> <span class='ocrx_word' id='word_1_392' title='bbox 1382 1423 1524 1460; x_wconf 86' lang='lat' dir='ltr'><strong>Xenoph.</strong></span> <span class='ocrx_word' id='word_1_393' title='bbox 1545 1422 1583 1451; x_wconf 85' lang='lat' dir='ltr'><strong>de</strong></span> <span class='ocrx_word' id='word_1_394' title='bbox 1601 1433 1632 1451; x_wconf 86' lang='lat' dir='ltr'><strong>re</strong></span> 
     </span>
     <span class='ocr_line' id='line_1_66' title="bbox 925 1461 1633 1501; baseline -0.004 -9"><span class='ocrx_word' id='word_1_395' title='bbox 925 1474 993 1501; x_wconf 81' lang='lat' dir='ltr'><strong>equ.</strong></span> <span class='ocrx_word' id='word_1_396' title='bbox 1017 1475 1043 1492; x_wconf 88' lang='lat' dir='ltr'><strong>c.</strong></span> <span class='ocrx_word' id='word_1_397' title='bbox 1058 1466 1085 1492; x_wconf 87' lang='lat'><strong>1.</strong></span> <span class='ocrx_word' id='word_1_398' title='bbox 1106 1463 1131 1501; x_wconf 65' lang='grc' dir='ltr'><strong>ς’.</strong></span> <span class='ocrx_word' id='word_1_399' title='bbox 1146 1464 1253 1491; x_wconf 78' lang='grc'><strong>3.-90</strong></span> <span class='ocrx_word' id='word_1_400' title='bbox 1269 1461 1404 1500; x_wconf 75' lang='lat' dir='ltr'><strong>Cyllarus</strong></span> <span class='ocrx_word' id='word_1_401' title='bbox 1425 1471 1520 1499; x_wconf 87' lang='lat' dir='ltr'><strong>equus</strong></span> <span class='ocrx_word' id='word_1_402' title='bbox 1542 1461 1633 1499; x_wconf 78' lang='lat' dir='ltr'><strong>vulgo</strong></span> 
     </span>
     <span class='ocr_line' id='line_1_67' title="bbox 923 1500 1633 1539; baseline -0.003 -8"><span class='ocrx_word' id='word_1_403' title='bbox 923 1502 1042 1531; x_wconf 81' lang='lat' dir='ltr'><strong>Castori</strong></span> <span class='ocrx_word' id='word_1_404' title='bbox 1065 1502 1120 1531; x_wconf 80' lang='lat' dir='ltr'><strong>soli</strong></span> <span class='ocrx_word' id='word_1_405' title='bbox 1140 1501 1291 1534; x_wconf 81' lang='lat' dir='ltr'><strong>tribuitur,</strong></span> <span class='ocrx_word' id='word_1_406' title='bbox 1317 1500 1367 1539; x_wconf 82' lang='lat' dir='ltr'><strong>qui</strong></span> <span class='ocrx_word' id='word_1_407' title='bbox 1393 1504 1547 1534; x_wconf 73' lang='grc' dir='ltr'><em>ἱππόδαμος·</em></span> <span class='ocrx_word' id='word_1_408' title='bbox 1570 1500 1633 1537; x_wconf 85' lang='lat' dir='ltr'><strong>jam</strong></span> 
     </span>
     <span class='ocr_line' id='line_1_68' title="bbox 924 1539 1633 1578; baseline -0.003 -9"><span class='ocrx_word' id='word_1_409' title='bbox 924 1541 1060 1569; x_wconf 79' lang='lat' dir='ltr'><strong>Homero</strong></span> <span class='ocrx_word' id='word_1_410' title='bbox 1077 1541 1191 1578; x_wconf 74' lang='lat' dir='ltr'><strong>Odyss.</strong></span> <span class='ocrx_word' id='word_1_411' title='bbox 1206 1546 1234 1574; x_wconf 81' lang='grc' dir='ltr'><strong>λ,</strong></span> <span class='ocrx_word' id='word_1_412' title='bbox 1254 1541 1311 1569; x_wconf 83' lang='grc'><strong>300</strong></span> <span class='ocrx_word' id='word_1_413' title='bbox 1325 1540 1436 1568; x_wconf 85' lang='lat' dir='ltr'><strong>dictus.</strong></span> <span class='ocrx_word' id='word_1_414' title='bbox 1477 1539 1633 1567; x_wconf 75' lang='lat' dir='ltr'><strong>Interdum</strong></span> 
     </span>
     <span class='ocr_line' id='line_1_69' title="bbox 925 1578 1634 1617; baseline -0.004 -9"><span class='ocrx_word' id='word_1_415' title='bbox 925 1584 1020 1608; x_wconf 84' lang='lat' dir='ltr'><strong>tamen</strong></span> <span class='ocrx_word' id='word_1_416' title='bbox 1040 1584 1164 1617; x_wconf 77' lang='lat' dir='ltr'><strong>uterque</strong></span> <span class='ocrx_word' id='word_1_417' title='bbox 1182 1580 1273 1608; x_wconf 84' lang='lat' dir='ltr'><strong>frater</strong></span> <span class='ocrx_word' id='word_1_418' title='bbox 1293 1578 1378 1617; x_wconf 83' lang='lat' dir='ltr'><strong>equis</strong></span> <span class='ocrx_word' id='word_1_419' title='bbox 1397 1578 1517 1606; x_wconf 78' lang='lat' dir='ltr'><strong>insidet.</strong></span> <span class='ocrx_word' id='word_1_420' title='bbox 1557 1578 1634 1606; x_wconf 85' lang='lat' dir='ltr'><strong>Sunt</strong></span> 
     </span>
     <span class='ocr_line' id='line_1_70' title="bbox 925 1616 1632 1655; baseline -0.004 -8"><span class='ocrx_word' id='word_1_421' title='bbox 925 1629 997 1647; x_wconf 79' lang='lat' dir='ltr'><strong>vero</strong></span> <span class='ocrx_word' id='word_1_422' title='bbox 1011 1623 1041 1647; x_wconf 85' lang='lat' dir='ltr'><strong>et</strong></span> <span class='ocrx_word' id='word_1_423' title='bbox 1056 1619 1123 1647; x_wconf 85' lang='lat' dir='ltr'><strong>loca</strong></span> <span class='ocrx_word' id='word_1_424' title='bbox 1139 1618 1175 1646; x_wconf 91' lang='lat' dir='ltr'><strong>ab</strong></span> <span class='ocrx_word' id='word_1_425' title='bbox 1192 1618 1294 1655; x_wconf 89' lang='lat' dir='ltr'><strong>Intpp.</strong></span> <span class='ocrx_word' id='word_1_426' title='bbox 1317 1617 1459 1652; x_wconf 77' lang='lat' dir='ltr'><strong>excitata,</strong></span> <span class='ocrx_word' id='word_1_427' title='bbox 1479 1617 1508 1644; x_wconf 87' lang='lat' dir='ltr'><strong>in</strong></span> <span class='ocrx_word' id='word_1_428' title='bbox 1524 1616 1632 1654; x_wconf 88' lang='lat' dir='ltr'><strong>quibus</strong></span> 
     </span>
     <span class='ocr_line' id='line_1_71' title="bbox 925 1654 1632 1695; baseline -0.006 -9"><span class='ocrx_word' id='word_1_429' title='bbox 925 1658 1062 1695; x_wconf 66' lang='lat' dir='ltr'><strong>Cyllarus</strong></span> <span class='ocrx_word' id='word_1_430' title='bbox 1082 1656 1199 1685; x_wconf 86' lang='lat' dir='ltr'><strong>Polluci</strong></span> <span class='ocrx_word' id='word_1_431' title='bbox 1218 1655 1554 1694; x_wconf 79' lang='lat' dir='ltr'><strong>tribuitur.—-Amyclae‚</strong></span> <span class='ocrx_word' id='word_1_432' title='bbox 1575 1654 1632 1683; x_wconf 83' lang='lat' dir='ltr'><strong>La-</strong></span> 
     </span>
     <span class='ocr_line' id='line_1_72' title="bbox 924 1693 1634 1734; baseline -0.003 -11"><span class='ocrx_word' id='word_1_433' title='bbox 924 1697 1035 1725; x_wconf 78' lang='lat' dir='ltr'><strong>conicae</strong></span> <span class='ocrx_word' id='word_1_434' title='bbox 1050 1697 1132 1729; x_wconf 88' lang='lat' dir='ltr'><strong>urbs,</strong></span> <span class='ocrx_word' id='word_1_435' title='bbox 1153 1695 1303 1733; x_wconf 71' lang='lat' dir='ltr'><strong>Tyndarei</strong></span> <span class='ocrx_word' id='word_1_436' title='bbox 1324 1694 1416 1734; x_wconf 83' lang='lat' dir='ltr'><strong>regia,</strong></span> <span class='ocrx_word' id='word_1_437' title='bbox 1434 1694 1463 1722; x_wconf 91' lang='lat' dir='ltr'><strong>in</strong></span> <span class='ocrx_word' id='word_1_438' title='bbox 1482 1703 1540 1732; x_wconf 88' lang='lat' dir='ltr'><strong>qua</strong></span> <span class='ocrx_word' id='word_1_439' title='bbox 1560 1693 1634 1722; x_wconf 87' lang='lat' dir='ltr'><strong>edu-</strong></span> 
     </span>
     <span class='ocr_line' id='line_1_73' title="bbox 923 1731 1633 1763; baseline -0.003 -1"><span class='ocrx_word' id='word_1_440' title='bbox 923 1735 982 1762; x_wconf 84' lang='lat' dir='ltr'><strong>cati</strong></span> <span class='ocrx_word' id='word_1_441' title='bbox 996 1734 1105 1763; x_wconf 85' lang='lat' dir='ltr'><strong>Castor</strong></span> <span class='ocrx_word' id='word_1_442' title='bbox 1117 1739 1147 1763; x_wconf 85' lang='lat' dir='ltr'><strong>et</strong></span> <span class='ocrx_word' id='word_1_443' title='bbox 1158 1734 1280 1763; x_wconf 61' lang='lat' dir='ltr'><strong>Pollux.</strong></span> <span class='ocrx_word' id='word_1_444' title='bbox 1296 1734 1361 1762; x_wconf 87' lang='lat' dir='ltr'><strong>Res</strong></span> <span class='ocrx_word' id='word_1_445' title='bbox 1375 1734 1530 1762; x_wconf 56' lang='lat' dir='ltr'><strong>nota—91</strong></span> <span class='ocrx_word' id='word_1_446' title='bbox 1546 1731 1633 1760; x_wconf 63' lang='lat' dir='ltr'><strong>lisur-</strong></span> 
     </span>
     <span class='ocr_line' id='line_1_74' title="bbox 924 1772 1634 1815; baseline 0 -16"><span class='ocrx_word' id='word_1_447' title='bbox 924 1773 961 1800; x_wconf 56' lang='lat' dir='ltr'><strong>{Le</strong></span> <span class='ocrx_word' id='word_1_448' title='bbox 974 1773 1039 1815; x_wconf 79' lang='lat' dir='ltr'><strong>equi</strong></span> <span class='ocrx_word' id='word_1_449' title='bbox 1050 1783 1088 1801; x_wconf 79' lang='lat' dir='ltr'><strong>ex</strong></span> <span class='ocrx_word' id='word_1_450' title='bbox 1102 1773 1237 1801; x_wconf 85' lang='lat' dir='ltr'><strong>Homero</strong></span> <span class='ocrx_word' id='word_1_451' title='bbox 1251 1773 1291 1801; x_wconf 89' lang='lat' dir='ltr'><strong>Il.</strong></span> <span class='ocrx_word' id='word_1_452' title='bbox 1305 1785 1331 1806; x_wconf 89' lang='grc' dir='ltr'><strong>ο,</strong></span> <span class='ocrx_word' id='word_1_453' title='bbox 1348 1773 1404 1801; x_wconf 82' lang='grc'><strong>119</strong></span> <span class='ocrx_word' id='word_1_454' title='bbox 1418 1772 1634 1800; x_wconf 55' lang='lat' dir='ltr'><strong>noth—currus</strong></span> 
     </span>
     <span class='ocr_line' id='line_1_75' title="bbox 923 1810 1632 1848; baseline 0.001 -11"><span class='ocrx_word' id='word_1_455' title='bbox 923 1810 1048 1838; x_wconf 80' lang='lat' dir='ltr'><strong>Acltzllis</strong></span> <span class='ocrx_word' id='word_1_456' title='bbox 1063 1812 1090 1839; x_wconf 87' lang='grc'><strong>11.</strong></span> <span class='ocrx_word' id='word_1_457' title='bbox 1105 1811 1174 1848; x_wconf 85' lang='lat' dir='ltr'><strong>equi</strong></span> <span class='ocrx_word' id='word_1_458' title='bbox 1188 1811 1370 1848; x_wconf 80' lang='lat' dir='ltr'><strong>ap.H0111er.</strong></span> <span class='ocrx_word' id='word_1_459' title='bbox 1385 1811 1464 1844; x_wconf 66' lang='lat' dir='ltr'><strong>Ilm,</strong></span> <span class='ocrx_word' id='word_1_460' title='bbox 1478 1811 1536 1839; x_wconf 74' lang='lat'><strong>143</strong></span> <span class='ocrx_word' id='word_1_461' title='bbox 1547 1819 1632 1847; x_wconf 76' lang='lat' dir='ltr'><strong>sq.—</strong></span> 
     </span>
     <span class='ocr_line' id='line_1_76' title="bbox 920 1849 1633 1883; baseline -0.001 -6"><span class='ocrx_word' id='word_1_462' title='bbox 920 1849 960 1877; x_wconf 79' lang='lat'><strong>92</strong></span> <span class='ocrx_word' id='word_1_463' title='bbox 979 1849 1082 1877; x_wconf 83' lang='lat' dir='ltr'><strong>Talem</strong></span> <span class='ocrx_word' id='word_1_464' title='bbox 1103 1850 1226 1877; x_wconf 78' lang='lat' dir='ltr'><strong>formam</strong></span> <span class='ocrx_word' id='word_1_465' title='bbox 1246 1849 1374 1877; x_wconf 85' lang='lat' dir='ltr'><strong>habebat</strong></span> <span class='ocrx_word' id='word_1_466' title='bbox 1388 1850 1545 1883; x_wconf 81' lang='lat' dir='ltr'><strong>Saturnus,</strong></span> <span class='ocrx_word' id='word_1_467' title='bbox 1564 1858 1633 1876; x_wconf 82' lang='lat' dir='ltr'><strong>cum</strong></span> 
     </span>
     <span class='ocr_line' id='line_1_77' title="bbox 922 1887 1635 1925; baseline -0.001 -10"><span class='ocrx_word' id='word_1_468' title='bbox 922 1887 990 1925; x_wconf 85' lang='lat' dir='ltr'><strong>equi</strong></span> <span class='ocrx_word' id='word_1_469' title='bbox 1017 1887 1146 1925; x_wconf 71' lang='lat' dir='ltr'><strong>speciem</strong></span> <span class='ocrx_word' id='word_1_470' title='bbox 1176 1887 1378 1921; x_wconf 78' lang='lat' dir='ltr'><strong>assumsisset,</strong></span> <span class='ocrx_word' id='word_1_471' title='bbox 1412 1893 1445 1915; x_wconf 85' lang='lat' dir='ltr'><strong>ut</strong></span> <span class='ocrx_word' id='word_1_472' title='bbox 1471 1887 1552 1915; x_wconf 81' lang='lat' dir='ltr'><strong>furta</strong></span> <span class='ocrx_word' id='word_1_473' title='bbox 1580 1896 1635 1914; x_wconf 83' lang='lat' dir='ltr'><strong>sua</strong></span> 
     </span>
     <span class='ocr_line' id='line_1_78' title="bbox 923 1924 1632 1963; baseline -0.004 -8"><span class='ocrx_word' id='word_1_474' title='bbox 923 1936 990 1955; x_wconf 91' lang='lat' dir='ltr'><strong>cum</strong></span> <span class='ocrx_word' id='word_1_475' title='bbox 1018 1926 1152 1963; x_wconf 72' lang='lat' dir='ltr'><strong>Philyra,</strong></span> <span class='ocrx_word' id='word_1_476' title='bbox 1174 1925 1285 1953; x_wconf 84' lang='lat' dir='ltr'><strong>Oceani</strong></span> <span class='ocrx_word' id='word_1_477' title='bbox 1309 1924 1377 1958; x_wconf 86' lang='lat' dir='ltr'><strong>filia,</strong></span> <span class='ocrx_word' id='word_1_478' title='bbox 1404 1925 1499 1962; x_wconf 84' lang='lat' dir='ltr'><strong>(unde</strong></span> <span class='ocrx_word' id='word_1_479' title='bbox 1522 1924 1632 1953; x_wconf 78' lang='lat' dir='ltr'><strong>Chiron</strong></span> 
     </span>
     <span class='ocr_line' id='line_1_79' title="bbox 924 1962 1632 2002; baseline 0.001 -10"><span class='ocrx_word' id='word_1_480' title='bbox 924 1965 1029 1999; x_wconf 80' lang='lat' dir='ltr'><strong>natus)</strong></span> <span class='ocrx_word' id='word_1_481' title='bbox 1051 1964 1079 1992; x_wconf 85' lang='lat' dir='ltr'><strong>in</strong></span> <span class='ocrx_word' id='word_1_482' title='bbox 1098 1963 1180 1993; x_wconf 79' lang='lat' dir='ltr'><strong>Pelio</strong></span> <span class='ocrx_word' id='word_1_483' title='bbox 1195 1964 1295 2001; x_wconf 87' lang='lat' dir='ltr'><strong>Opem</strong></span> <span class='ocrx_word' id='word_1_484' title='bbox 1309 1963 1432 1992; x_wconf 85' lang='lat' dir='ltr'><strong>celaret.</strong></span> <span class='ocrx_word' id='word_1_485' title='bbox 1446 1974 1475 1992; x_wconf 85' lang='lat' dir='ltr'><strong>v.</strong></span> <span class='ocrx_word' id='word_1_486' title='bbox 1489 1962 1632 2002; x_wconf 85' lang='lat' dir='ltr'><strong>Apollon.</strong></span> 
     </span>
     <span class='ocr_line' id='line_1_80' title="bbox 924 2001 1408 2041; baseline -0.004 -9"><span class='ocrx_word' id='word_1_487' title='bbox 924 2003 971 2036; x_wconf 84' lang='grc' dir='ltr'><strong>ΙΙ,</strong></span> <span class='ocrx_word' id='word_1_488' title='bbox 987 2004 1064 2032; x_wconf 80' lang='grc'><strong>1236</strong></span> <span class='ocrx_word' id='word_1_489' title='bbox 1078 2013 1122 2041; x_wconf 81' lang='lat' dir='ltr'><strong>sq.</strong></span> <span class='ocrx_word' id='word_1_490' title='bbox 1138 2001 1277 2040; x_wconf 90' lang='lat' dir='ltr'><strong>Apollod.</strong></span> <span class='ocrx_word' id='word_1_491' title='bbox 1292 2002 1319 2035; x_wconf 90' lang='grc' dir='ltr'><strong>Ι,</strong></span> <span class='ocrx_word' id='word_1_492' title='bbox 1334 2003 1363 2036; x_wconf 84' lang='grc'><strong>2,</strong></span> <span class='ocrx_word' id='word_1_493' title='bbox 1379 2003 1408 2030; x_wconf 82' lang='grc'><strong>4.</strong></span> 
     </span>
    </p>

    <p class='ocr_par' dir='ltr' id='par_1_19' title="bbox 913 2040 1633 2737">
     <span class='ocr_line' id='line_1_81' title="bbox 961 2040 1633 2079; baseline -0.004 -8"><span class='ocrx_word' id='word_1_494' title='bbox 961 2043 1000 2071; x_wconf 84' lang='grc'><strong>96</strong></span> <span class='ocrx_word' id='word_1_495' title='bbox 1021 2042 1133 2071; x_wconf 85' lang='lat' dir='ltr'><strong>Parum</strong></span> <span class='ocrx_word' id='word_1_496' title='bbox 1147 2041 1305 2070; x_wconf 83' lang='lat' dir='ltr'><strong>diuturnus</strong></span> <span class='ocrx_word' id='word_1_497' title='bbox 1320 2044 1366 2069; x_wconf 84' lang='lat' dir='ltr'><strong>est</strong></span> <span class='ocrx_word' id='word_1_498' title='bbox 1382 2040 1468 2079; x_wconf 80' lang='lat' dir='ltr'><strong>vigor</strong></span> <span class='ocrx_word' id='word_1_499' title='bbox 1487 2040 1556 2079; x_wconf 90' lang='lat' dir='ltr'><strong>equi</strong></span> <span class='ocrx_word' id='word_1_500' title='bbox 1578 2040 1633 2069; x_wconf 86' lang='lat' dir='ltr'><strong>ad·</strong></span> 
     </span>
     <span class='ocr_line' id='line_1_82' title="bbox 924 2079 1632 2114; baseline -0.001 -5"><span class='ocrx_word' id='word_1_501' title='bbox 924 2080 1062 2114; x_wconf 83' lang='lat' dir='ltr'><strong>missarii,</strong></span> <span class='ocrx_word' id='word_1_502' title='bbox 1084 2080 1151 2109; x_wconf 86' lang='lat' dir='ltr'><strong>hinc</strong></span> <span class='ocrx_word' id='word_1_503' title='bbox 1165 2081 1327 2109; x_wconf 76' lang='lat' dir='ltr'><strong>necessitas</strong></span> <span class='ocrx_word' id='word_1_504' title='bbox 1342 2079 1495 2108; x_wconf 84' lang='lat' dir='ltr'><strong>suboritur</strong></span> <span class='ocrx_word' id='word_1_505' title='bbox 1507 2079 1632 2108; x_wconf 85' lang='lat' dir='ltr'><strong>submit-</strong></span> 
     </span>
     <span class='ocr_line' id='line_1_83' title="bbox 922 2118 1633 2156; baseline -0.003 -8"><span class='ocrx_word' id='word_1_506' title='bbox 922 2120 1004 2148; x_wconf 85' lang='lat' dir='ltr'><strong>tendi</strong></span> <span class='ocrx_word' id='word_1_507' title='bbox 1020 2119 1147 2147; x_wconf 83' lang='lat' dir='ltr'><strong>subinde</strong></span> <span class='ocrx_word' id='word_1_508' title='bbox 1163 2119 1262 2147; x_wconf 81' lang='lat' dir='ltr'><strong>alium.</strong></span> <span class='ocrx_word' id='word_1_509' title='bbox 1281 2118 1351 2146; x_wconf 77' lang='lat' dir='ltr'><strong>abde</strong></span> <span class='ocrx_word' id='word_1_510' title='bbox 1372 2118 1463 2151; x_wconf 77' lang='lat' dir='ltr'><strong>domo,</strong></span> <span class='ocrx_word' id='word_1_511' title='bbox 1483 2128 1533 2147; x_wconf 79' lang='lat' dir='ltr'><strong>nec</strong></span> <span class='ocrx_word' id='word_1_512' title='bbox 1554 2118 1633 2156; x_wconf 72' lang='lat' dir='ltr'><strong>turpi</strong></span> 
     </span>
     <span class='ocr_line' id='line_1_84' title="bbox 922 2156 1633 2196; baseline 0 -11"><span class='ocrx_word' id='word_1_513' title='bbox 922 2161 1035 2196; x_wconf 72' lang='lat' dir='ltr'><strong>iquoscae</strong></span> <span class='ocrx_word' id='word_1_514' title='bbox 1054 2162 1182 2186; x_wconf 77' lang='lat' dir='ltr'><strong>senectae.</strong></span> <span class='ocrx_word' id='word_1_515' title='bbox 1225 2157 1312 2186; x_wconf 76' lang='lat' dir='ltr'><strong>Varie</strong></span> <span class='ocrx_word' id='word_1_516' title='bbox 1326 2160 1458 2186; x_wconf 83' lang='lat' dir='ltr'><strong>tentatus</strong></span> <span class='ocrx_word' id='word_1_517' title='bbox 1473 2157 1509 2186; x_wconf 92' lang='lat' dir='ltr'><strong>ab</strong></span> <span class='ocrx_word' id='word_1_518' title='bbox 1527 2156 1633 2195; x_wconf 89' lang='lat' dir='ltr'><strong>Intpp.</strong></span> 
     </span>
     <span class='ocr_line' id='line_1_85' title="bbox 921 2194 1633 2225; baseline -0.001 0"><span class='ocrx_word' id='word_1_519' title='bbox 921 2197 1016 2225; x_wconf 85' lang='lat' dir='ltr'><strong>locus.</strong></span> <span class='ocrx_word' id='word_1_520' title='bbox 1053 2196 1150 2225; x_wconf 89' lang='lat' dir='ltr'><strong>Litem</strong></span> <span class='ocrx_word' id='word_1_521' title='bbox 1176 2195 1287 2224; x_wconf 85' lang='lat' dir='ltr'><strong>dirimit</strong></span> <span class='ocrx_word' id='word_1_522' title='bbox 1308 2194 1479 2224; x_wconf 78' lang='lat' dir='ltr'><strong>Nemesiani</strong></span> <span class='ocrx_word' id='word_1_523' title='bbox 1504 2195 1633 2224; x_wconf 85' lang='lat' dir='ltr'><strong>imitatio</strong></span> 
     </span>
     <span class='ocr_line' id='line_1_86' title="bbox 923 2233 1632 2274; baseline -0.003 -10"><span class='ocrx_word' id='word_1_524' title='bbox 923 2236 1036 2274; x_wconf 75' lang='lat' dir='ltr'><strong>Cyneg.</strong></span> <span class='ocrx_word' id='word_1_525' title='bbox 1053 2237 1119 2269; x_wconf 72' lang='lat'><strong>141,</strong></span> <span class='ocrx_word' id='word_1_526' title='bbox 1144 2235 1195 2263; x_wconf 94' lang='lat' dir='ltr'><strong>ubi</strong></span> <span class='ocrx_word' id='word_1_527' title='bbox 1216 2235 1253 2263; x_wconf 88' lang='lat' dir='ltr'><strong>de</strong></span> <span class='ocrx_word' id='word_1_528' title='bbox 1277 2234 1384 2263; x_wconf 88' lang='lat' dir='ltr'><strong>catulis</strong></span> <span class='ocrx_word' id='word_1_529' title='bbox 1409 2233 1519 2263; x_wconf 86' lang='lat' dir='ltr'><strong>recenti</strong></span> <span class='ocrx_word' id='word_1_530' title='bbox 1542 2238 1632 2272; x_wconf 87' lang='lat' dir='ltr'><strong>partu</strong></span> 
     </span>
     <span class='ocr_line' id='line_1_87' title="bbox 922 2272 1633 2308; baseline -0.004 -5"><span class='ocrx_word' id='word_1_531' title='bbox 922 2275 1026 2303; x_wconf 73' lang='lat' dir='ltr'><strong>editis:</strong></span> <span class='ocrx_word' id='word_1_532' title='bbox 1047 2273 1103 2302; x_wconf 71' lang='lat' dir='ltr'><strong>Sin</strong></span> <span class='ocrx_word' id='word_1_533' title='bbox 1123 2284 1188 2302; x_wconf 74' lang='lat' dir='ltr'><strong>vero</strong></span> <span class='ocrx_word' id='word_1_534' title='bbox 1215 2273 1273 2301; x_wconf 77' lang='lat' dir='ltr'><strong>haec</strong></span> <span class='ocrx_word' id='word_1_535' title='bbox 1297 2283 1368 2301; x_wconf 77' lang='lat' dir='ltr'><strong>cura</strong></span> <span class='ocrx_word' id='word_1_536' title='bbox 1393 2277 1446 2308; x_wconf 81' lang='lat' dir='ltr'><strong>est,</strong></span> <span class='ocrx_word' id='word_1_537' title='bbox 1474 2272 1573 2301; x_wconf 82' lang='lat' dir='ltr'><strong>melior</strong></span> <span class='ocrx_word' id='word_1_538' title='bbox 1595 2281 1633 2300; x_wconf 78' lang='lat' dir='ltr'><strong>ne</strong></span> 
     </span>
     <span class='ocr_line' id='line_1_88' title="bbox 913 2311 1630 2350; baseline -0.004 -9"><span class='ocrx_word' id='word_1_539' title='bbox 913 2315 996 2350; x_wconf 77' lang='lat' dir='ltr'><strong>sorte</strong></span> <span class='ocrx_word' id='word_1_540' title='bbox 1010 2317 1134 2346; x_wconf 78' lang='lat' dir='ltr'><strong>necetur,</strong></span> <span class='ocrx_word' id='word_1_541' title='bbox 1149 2312 1323 2341; x_wconf 72' lang='lat' dir='ltr'><strong>Abdaturve</strong></span> <span class='ocrx_word' id='word_1_542' title='bbox 1337 2312 1426 2341; x_wconf 88' lang='lat' dir='ltr'><strong>domo</strong></span> <span class='ocrx_word' id='word_1_543' title='bbox 1440 2322 1447 2347; x_wconf 78' lang='lat'><em>3</em></span> <span class='ocrx_word' id='word_1_544' title='bbox 1467 2311 1630 2349; x_wconf 76' lang='lat' dir='ltr'><strong>catulosque</strong></span> 
     </span>
     <span class='ocr_line' id='line_1_89' title="bbox 915 2351 1631 2389; baseline -0.001 -10"><span class='ocrx_word' id='word_1_545' title='bbox 915 2351 1042 2389; x_wconf 77' lang='lat' dir='ltr'><strong>probare</strong></span> <span class='ocrx_word' id='word_1_546' title='bbox 1056 2351 1201 2386; x_wconf 73' lang='lat' dir='ltr'><strong>voluntas3</strong></span> <span class='ocrx_word' id='word_1_547' title='bbox 1224 2351 1275 2379; x_wconf 88' lang='lat' dir='ltr'><strong>ubi</strong></span> <span class='ocrx_word' id='word_1_548' title='bbox 1290 2354 1415 2389; x_wconf 80' lang='lat' dir='ltr'><strong>apparet</strong></span> <span class='ocrx_word' id='word_1_549' title='bbox 1430 2359 1495 2379; x_wconf 86' lang='lat' dir='ltr'><strong>esse</strong></span> <span class='ocrx_word' id='word_1_550' title='bbox 1510 2359 1631 2378; x_wconf 87' lang='lat' dir='ltr'><strong>amove-</strong></span> 
     </span>
     <span class='ocr_line' id='line_1_90' title="bbox 920 2388 1629 2423; baseline -0.006 -4"><span class='ocrx_word' id='word_1_551' title='bbox 920 2394 997 2423; x_wconf 78' lang='lat' dir='ltr'><strong>atur,</strong></span> <span class='ocrx_word' id='word_1_552' title='bbox 1011 2395 1211 2423; x_wconf 81' lang='lat' dir='ltr'><strong>removeatur,</strong></span> <span class='ocrx_word' id='word_1_553' title='bbox 1225 2390 1347 2423; x_wconf 80' lang='lat' dir='ltr'><strong>adorno,</strong></span> <span class='ocrx_word' id='word_1_554' title='bbox 1357 2399 1373 2418; x_wconf 87' lang='lat' dir='ltr'><strong>e</strong></span> <span class='ocrx_word' id='word_1_555' title='bbox 1385 2389 1484 2417; x_wconf 89' lang='lat' dir='ltr'><strong>domo.</strong></span> <span class='ocrx_word' id='word_1_556' title='bbox 1524 2388 1629 2416; x_wconf 87' lang='lat' dir='ltr'><strong>Advo-</strong></span> 
     </span>
     <span class='ocr_line' id='line_1_91' title="bbox 918 2427 1629 2466; baseline -0.004 -9"><span class='ocrx_word' id='word_1_557' title='bbox 918 2433 1022 2457; x_wconf 86' lang='lat' dir='ltr'><strong>carunt</strong></span> <span class='ocrx_word' id='word_1_558' title='bbox 1045 2438 1081 2457; x_wconf 90' lang='lat' dir='ltr'><strong>eo</strong></span> <span class='ocrx_word' id='word_1_559' title='bbox 1099 2434 1129 2457; x_wconf 90' lang='lat' dir='ltr'><strong>et</strong></span> <span class='ocrx_word' id='word_1_560' title='bbox 1150 2432 1356 2466; x_wconf 77' lang='lat' dir='ltr'><strong>exposuerunt</strong></span> <span class='ocrx_word' id='word_1_561' title='bbox 1374 2427 1471 2456; x_wconf 91' lang='lat' dir='ltr'><strong>locum</strong></span> <span class='ocrx_word' id='word_1_562' title='bbox 1492 2430 1629 2454; x_wconf 85' lang='lat' dir='ltr'><strong>nostrum</strong></span> 
     </span>
     <span class='ocr_line' id='line_1_92' title="bbox 918 2465 1628 2505; baseline -0.001 -10"><span class='ocrx_word' id='word_1_563' title='bbox 918 2467 1022 2505; x_wconf 85' lang='lat' dir='ltr'><strong>Intpp.</strong></span> <span class='ocrx_word' id='word_1_564' title='bbox 1037 2467 1166 2505; x_wconf 87' lang='lat' dir='ltr'><strong>Copiose</strong></span> <span class='ocrx_word' id='word_1_565' title='bbox 1188 2467 1310 2496; x_wconf 84' lang='lat' dir='ltr'><strong>eundem</strong></span> <span class='ocrx_word' id='word_1_566' title='bbox 1333 2465 1472 2494; x_wconf 79' lang='lat' dir='ltr'><strong>tractavit</strong></span> <span class='ocrx_word' id='word_1_567' title='bbox 1495 2465 1628 2494; x_wconf 87' lang='lat' dir='ltr'><strong>Gronov.</strong></span> 
     </span>
     <span class='ocr_line' id='line_1_93' title="bbox 918 2503 1628 2541; baseline -0.003 -8"><span class='ocrx_word' id='word_1_568' title='bbox 918 2506 956 2534; x_wconf 89' lang='lat' dir='ltr'><strong>de</strong></span> <span class='ocrx_word' id='word_1_569' title='bbox 978 2506 1049 2535; x_wconf 89' lang='lat' dir='ltr'><strong>Pec.</strong></span> <span class='ocrx_word' id='word_1_570' title='bbox 1076 2506 1146 2534; x_wconf 69' lang='lat' dir='ltr'><strong>vet.</strong></span> <span class='ocrx_word' id='word_1_571' title='bbox 1169 2506 1226 2540; x_wconf 75' lang='lat' dir='ltr'><strong>lv,</strong></span> <span class='ocrx_word' id='word_1_572' title='bbox 1250 2506 1278 2533; x_wconf 82' lang='lat' dir='ltr'><strong>S.</strong></span> <span class='ocrx_word' id='word_1_573' title='bbox 1303 2504 1418 2534; x_wconf 82' lang='lat' dir='ltr'><strong>Abdere</strong></span> <span class='ocrx_word' id='word_1_574' title='bbox 1439 2508 1485 2532; x_wconf 82' lang='lat' dir='ltr'><strong>est</strong></span> <span class='ocrx_word' id='word_1_575' title='bbox 1506 2503 1628 2541; x_wconf 85' lang='lat' dir='ltr'><strong>proprie</strong></span> 
     </span>
     <span class='ocr_line' id='line_1_94' title="bbox 919 2541 1628 2580; baseline -0.006 -7"><span class='ocrx_word' id='word_1_576' title='bbox 919 2545 990 2573; x_wconf 83' lang='lat' dir='ltr'><strong>dare</strong></span> <span class='ocrx_word' id='word_1_577' title='bbox 1012 2546 1065 2573; x_wconf 86' lang='lat' dir='ltr'><strong>abs</strong></span> <span class='ocrx_word' id='word_1_578' title='bbox 1085 2555 1130 2579; x_wconf 86' lang='lat' dir='ltr'><strong>se,</strong></span> <span class='ocrx_word' id='word_1_579' title='bbox 1146 2554 1294 2576; x_wconf 85' lang='lat' dir='ltr'><strong>amovere,</strong></span> <span class='ocrx_word' id='word_1_580' title='bbox 1315 2542 1449 2580; x_wconf 84' lang='lat' dir='ltr'><strong>rejicere.</strong></span> <span class='ocrx_word' id='word_1_581' title='bbox 1464 2542 1501 2570; x_wconf 85' lang='lat' dir='ltr'><strong>cf.</strong></span> <span class='ocrx_word' id='word_1_582' title='bbox 1515 2541 1628 2570; x_wconf 87' lang='lat' dir='ltr'><strong>Tibull.</strong></span> 
     </span>
     <span class='ocr_line' id='line_1_95' title="bbox 918 2580 1628 2620; baseline -0.004 -9"><span class='ocrx_word' id='word_1_583' title='bbox 918 2583 966 2617; x_wconf 89' lang='grc' dir='ltr'><strong>ΙΙ,</strong></span> <span class='ocrx_word' id='word_1_584' title='bbox 983 2584 1010 2617; x_wconf 91' lang='grc'><strong>1,</strong></span> <span class='ocrx_word' id='word_1_585' title='bbox 1025 2584 1072 2612; x_wconf 82' lang='grc'><strong>82.</strong></span> <span class='ocrx_word' id='word_1_586' title='bbox 1112 2583 1207 2613; x_wconf 86' lang='lat' dir='ltr'><strong>Jubet</strong></span> <span class='ocrx_word' id='word_1_587' title='bbox 1226 2583 1327 2620; x_wconf 88' lang='lat' dir='ltr'><strong>itaque</strong></span> <span class='ocrx_word' id='word_1_588' title='bbox 1340 2581 1439 2619; x_wconf 75' lang='lat' dir='ltr'><strong>poe&#39;ta,</strong></span> <span class='ocrx_word' id='word_1_589' title='bbox 1454 2580 1628 2618; x_wconf 86' lang='lat' dir='ltr'><strong>diligentem</strong></span> 
     </span>
     <span class='ocr_line' id='line_1_96' title="bbox 917 2619 1628 2659; baseline -0.003 -10"><span class='ocrx_word' id='word_1_590' title='bbox 917 2621 1164 2659; x_wconf 83' lang='lat' dir='ltr'><strong>patremfamilias</strong></span> <span class='ocrx_word' id='word_1_591' title='bbox 1180 2621 1315 2659; x_wconf 83' lang='lat' dir='ltr'><strong>ablegare</strong></span> <span class='ocrx_word' id='word_1_592' title='bbox 1327 2628 1513 2657; x_wconf 85' lang='lat' dir='ltr'><strong>quocumque</strong></span> <span class='ocrx_word' id='word_1_593' title='bbox 1528 2619 1628 2651; x_wconf 69' lang='lat' dir='ltr'><strong>modo„</strong></span> 
     </span>
     <span class='ocr_line' id='line_1_97' title="bbox 916 2657 1626 2699; baseline -0.004 -11"><span class='ocrx_word' id='word_1_594' title='bbox 916 2661 1068 2690; x_wconf 79' lang='lat' dir='ltr'><strong>vendendo</strong></span> <span class='ocrx_word' id='word_1_595' title='bbox 1091 2670 1219 2699; x_wconf 86' lang='lat' dir='ltr'><strong>quoque,</strong></span> <span class='ocrx_word' id='word_1_596' title='bbox 1240 2659 1362 2688; x_wconf 75' lang='lat' dir='ltr'><strong>effetum</strong></span> <span class='ocrx_word' id='word_1_597' title='bbox 1386 2661 1416 2686; x_wconf 83' lang='lat' dir='ltr'><strong>et</strong></span> <span class='ocrx_word' id='word_1_598' title='bbox 1436 2657 1566 2687; x_wconf 81' lang='lat' dir='ltr'><strong>inutilem</strong></span> <span class='ocrx_word' id='word_1_599' title='bbox 1589 2658 1626 2686; x_wconf 90' lang='lat' dir='ltr'><strong>ad</strong></span> 
     </span>
     <span class='ocr_line' id='line_1_98' title="bbox 916 2696 1625 2737; baseline -0.004 -10"><span class='ocrx_word' id='word_1_600' title='bbox 916 2699 1111 2729; x_wconf 80' lang='lat' dir='ltr'><strong>admissuram</strong></span> <span class='ocrx_word' id='word_1_601' title='bbox 1139 2701 1331 2737; x_wconf 80' lang='lat' dir='ltr'><strong>(quamquam</strong></span> <span class='ocrx_word' id='word_1_602' title='bbox 1360 2696 1410 2726; x_wconf 83' lang='lat' dir='ltr'><strong>iJle</strong></span> <span class='ocrx_word' id='word_1_603' title='bbox 1436 2696 1503 2726; x_wconf 83' lang='lat' dir='ltr'><strong>aliis</strong></span> <span class='ocrx_word' id='word_1_604' title='bbox 1531 2696 1625 2725; x_wconf 80' lang='lat' dir='ltr'><strong>adhuc</strong></span> 
     </span>
    </p>
   </div>
   <div class='ocr_carea' id='block_1_16' title="bbox 1783 315 1796 858">
    <p class='ocr_par' dir='ltr' id='par_1_20' title="bbox 1783 315 1796 858">
     <span class='ocr_line' id='line_1_99' title="bbox 1783 315 1796 858; baseline 0 2219"><span class='ocrx_word' id='word_1_605' title='bbox 1783 315 1796 858; x_wconf 95' lang='lat' dir='ltr'><strong> </strong></span> 
     </span>
    </p>
   </div>
  </div>
 </body>
</html>
