<?xml version="1.0" encoding="UTF-8"?>
<!DOCTYPE html PUBLIC "-//W3C//DTD XHTML 1.0 Transitional//EN"
    "http://www.w3.org/TR/xhtml1/DTD/xhtml1-transitional.dtd">
<html xmlns="http://www.w3.org/1999/xhtml" xml:lang="en" lang="en">
 <head>
  <title>
</title>
<meta http-equiv="Content-Type" content="text/html;charset=utf-8" />
  <meta name='ocr-system' content='tesseract 3.04.00' />
  <meta name='ocr-capabilities' content='ocr_page ocr_carea ocr_par ocr_line ocrx_word'/>
</head>
<body>
  <div class='ocr_page' id='page_1' title='image "./operahey00virguoft_0355.png"; bbox 0 0 1796 3077; ppageno 0'>
   <div class='ocr_carea' id='block_1_1' title="bbox 567 214 838 255">
    <p class='ocr_par' dir='ltr' id='par_1_1' title="bbox 567 214 838 255">
     <span class='ocr_line' id='line_1_1' title="bbox 567 214 838 255; baseline 0 0"><span class='ocrx_word' id='word_1_1' title='bbox 567 214 838 255; x_wconf 82' lang='lat' dir='ltr'><strong>AENEIDOS.</strong></span> 
     </span>
    </p>
   </div>
   <div class='ocr_carea' id='block_1_2' title="bbox 897 215 1596 262">
    <p class='ocr_par' dir='ltr' id='par_1_2' title="bbox 897 215 1596 262">
     <span class='ocr_line' id='line_1_2' title="bbox 897 215 1596 262; baseline 0.013 -8"><span class='ocrx_word' id='word_1_2' title='bbox 897 217 999 257; x_wconf 85' lang='lat' dir='ltr'>LlB.</span> <span class='ocrx_word' id='word_1_3' title='bbox 1032 215 1100 256; x_wconf 71' lang='lat' dir='ltr'>IV.</span> <span class='ocrx_word' id='word_1_4' title='bbox 1504 219 1596 262; x_wconf 72' lang='lat'>347</span> 
     </span>
    </p>
   </div>
   <div class='ocr_carea' id='block_1_3' title="bbox 150 335 1600 619">
    <p class='ocr_par' dir='ltr' id='par_1_3' title="bbox 150 335 1418 392">
     <span class='ocr_line' id='line_1_3' title="bbox 150 335 1418 392; baseline 0.001 -15"><span class='ocrx_word' id='word_1_5' title='bbox 150 335 265 378; x_wconf 85' lang='lat' dir='ltr'>Nam</span> <span class='ocrx_word' id='word_1_6' title='bbox 285 337 387 391; x_wconf 88' lang='lat' dir='ltr'>quid</span> <span class='ocrx_word' id='word_1_7' title='bbox 406 336 649 378; x_wconf 77' lang='lat' dir='ltr'>dissimulo?</span> <span class='ocrx_word' id='word_1_8' title='bbox 681 345 753 379; x_wconf 83' lang='lat' dir='ltr'>aut</span> <span class='ocrx_word' id='word_1_9' title='bbox 772 353 867 392; x_wconf 83' lang='lat' dir='ltr'>quae</span> <span class='ocrx_word' id='word_1_10' title='bbox 888 353 953 379; x_wconf 89' lang='lat' dir='ltr'>me</span> <span class='ocrx_word' id='word_1_11' title='bbox 974 338 1028 378; x_wconf 90' lang='lat' dir='ltr'>ad</span> <span class='ocrx_word' id='word_1_12' title='bbox 1048 338 1205 392; x_wconf 81' lang='lat' dir='ltr'>maj0ra</span> <span class='ocrx_word' id='word_1_13' title='bbox 1224 339 1418 379; x_wconf 70' lang='lat' dir='ltr'>reservo?</span> 
     </span>
    </p>

    <p class='ocr_par' dir='ltr' id='par_1_4' title="bbox 150 392 1272 448">
     <span class='ocr_line' id='line_1_4' title="bbox 150 392 1272 448; baseline 0.002 -15"><span class='ocrx_word' id='word_1_14' title='bbox 150 392 269 436; x_wconf 90' lang='lat' dir='ltr'>Num</span> <span class='ocrx_word' id='word_1_15' title='bbox 287 394 390 435; x_wconf 91' lang='lat' dir='ltr'>fletu</span> <span class='ocrx_word' id='word_1_16' title='bbox 410 394 612 448; x_wconf 81' lang='lat' dir='ltr'>ingemuit</span> <span class='ocrx_word' id='word_1_17' title='bbox 630 398 800 436; x_wconf 75' lang='lat' dir='ltr'>nostro?</span> <span class='ocrx_word' id='word_1_18' title='bbox 832 410 931 436; x_wconf 89' lang='lat' dir='ltr'>num</span> <span class='ocrx_word' id='word_1_19' title='bbox 949 394 1105 436; x_wconf 90' lang='lat' dir='ltr'>lumina</span> <span class='ocrx_word' id='word_1_20' title='bbox 1124 395 1242 436; x_wconf 84' lang='lat' dir='ltr'>flexit</span> <span class='ocrx_word' id='word_1_21' title='bbox 1257 396 1272 435; x_wconf 70' lang='grc' dir='ltr'><em>ἲ</em></span> 
     </span>
    </p>

    <p class='ocr_par' dir='ltr' id='par_1_5' title="bbox 150 450 1600 562">
     <span class='ocr_line' id='line_1_5' title="bbox 150 450 1600 500; baseline 0 -9"><span class='ocrx_word' id='word_1_22' title='bbox 150 450 267 492; x_wconf 89' lang='lat' dir='ltr'>Num</span> <span class='ocrx_word' id='word_1_23' title='bbox 285 450 475 492; x_wconf 81' lang='lat' dir='ltr'>lacrimas</span> <span class='ocrx_word' id='word_1_24' title='bbox 496 452 629 493; x_wconf 91' lang='lat' dir='ltr'>victus</span> <span class='ocrx_word' id='word_1_25' title='bbox 650 453 782 500; x_wconf 83' lang='lat' dir='ltr'><strong>dedit,</strong></span> <span class='ocrx_word' id='word_1_26' title='bbox 805 460 877 492; x_wconf 88' lang='lat' dir='ltr'>aut</span> <span class='ocrx_word' id='word_1_27' title='bbox 898 452 1117 492; x_wconf 82' lang='lat' dir='ltr'>miseratus</span> <span class='ocrx_word' id='word_1_28' title='bbox 1138 458 1345 492; x_wconf 83' lang='lat' dir='ltr'>amantem</span> <span class='ocrx_word' id='word_1_29' title='bbox 1369 454 1457 492; x_wconf 73' lang='lat' dir='ltr'>est?</span> <span class='ocrx_word' id='word_1_30' title='bbox 1517 451 1600 492; x_wconf 78' lang='lat'>370</span> 
     </span>
     <span class='ocr_line' id='line_1_6' title="bbox 150 507 1412 562; baseline 0 -13"><span class='ocrx_word' id='word_1_31' title='bbox 150 507 262 554; x_wconf 85' lang='lat' dir='ltr'>Quae</span> <span class='ocrx_word' id='word_1_32' title='bbox 283 508 435 561; x_wconf 89' lang='lat' dir='ltr'>quibus</span> <span class='ocrx_word' id='word_1_33' title='bbox 456 508 714 550; x_wconf 71' lang='lat' dir='ltr'>anteferam?</span> <span class='ocrx_word' id='word_1_34' title='bbox 746 509 855 558; x_wconf 82' lang='lat' dir='ltr'>Jam,</span> <span class='ocrx_word' id='word_1_35' title='bbox 881 509 969 562; x_wconf 87' lang='lat' dir='ltr'>jam</span> <span class='ocrx_word' id='word_1_36' title='bbox 988 523 1066 550; x_wconf 92' lang='lat' dir='ltr'>nec</span> <span class='ocrx_word' id='word_1_37' title='bbox 1086 509 1265 549; x_wconf 79' lang='lat' dir='ltr'>maxima</span> <span class='ocrx_word' id='word_1_38' title='bbox 1283 508 1312 548; x_wconf 83' lang='lat' dir='ltr'><strong>J</strong></span> <span class='ocrx_word' id='word_1_39' title='bbox 1317 523 1412 557; x_wconf 90' lang='lat' dir='ltr'>uno,</span> 
     </span>
    </p>

    <p class='ocr_par' dir='ltr' id='par_1_6' title="bbox 150 563 1222 619">
     <span class='ocr_line' id='line_1_7' title="bbox 150 563 1222 619; baseline 0 -14"><span class='ocrx_word' id='word_1_40' title='bbox 150 563 246 605; x_wconf 89' lang='lat' dir='ltr'>Nec</span> <span class='ocrx_word' id='word_1_41' title='bbox 268 564 490 606; x_wconf 86' lang='lat' dir='ltr'>Saturnius</span> <span class='ocrx_word' id='word_1_42' title='bbox 511 565 602 607; x_wconf 86' lang='lat' dir='ltr'>haec</span> <span class='ocrx_word' id='word_1_43' title='bbox 623 565 753 607; x_wconf 86' lang='lat' dir='ltr'>oculis</span> <span class='ocrx_word' id='word_1_44' title='bbox 772 573 893 619; x_wconf 83' lang='lat' dir='ltr'>pater</span> <span class='ocrx_word' id='word_1_45' title='bbox 913 566 1060 619; x_wconf 82' lang='lat' dir='ltr'>aspicit</span> <span class='ocrx_word' id='word_1_46' title='bbox 1079 566 1222 619; x_wconf 82' lang='lat' dir='ltr'>aequis.</span> 
     </span>
    </p>
   </div>
   <div class='ocr_carea' id='block_1_4' title="bbox 148 619 625 675">
    <p class='ocr_par' dir='ltr' id='par_1_7' title="bbox 148 619 625 675">
     <span class='ocr_line' id='line_1_8' title="bbox 148 619 625 675; baseline 0.006 -14"><span class='ocrx_word' id='word_1_47' title='bbox 148 619 375 675; x_wconf 81' lang='lat' dir='ltr'>Nusquam</span> <span class='ocrx_word' id='word_1_48' title='bbox 396 629 486 663; x_wconf 86' lang='lat' dir='ltr'>tuta</span> <span class='ocrx_word' id='word_1_49' title='bbox 504 622 625 664; x_wconf 88' lang='lat' dir='ltr'>fides.</span> 
     </span>
    </p>
   </div>
   <div class='ocr_carea' id='block_1_5' title="bbox 689 621 1265 677">
    <p class='ocr_par' dir='ltr' id='par_1_8' title="bbox 689 621 1265 677">
     <span class='ocr_line' id='line_1_9' title="bbox 689 621 1265 677; baseline 0.002 -15"><span class='ocrx_word' id='word_1_50' title='bbox 689 623 887 677; x_wconf 87' lang='lat' dir='ltr'>Ejectum</span> <span class='ocrx_word' id='word_1_51' title='bbox 904 621 1041 672; x_wconf 85' lang='lat' dir='ltr'>litore,</span> <span class='ocrx_word' id='word_1_52' title='bbox 1071 630 1265 677; x_wconf 76' lang='lat' dir='ltr'>egentem</span> 
     </span>
    </p>
   </div>
   <div class='ocr_carea' id='block_1_6' title="bbox 150 677 1120 734">
    <p class='ocr_par' dir='ltr' id='par_1_9' title="bbox 150 677 1120 734">
     <span class='ocr_line' id='line_1_10' title="bbox 150 677 1120 734; baseline 0.001 -16"><span class='ocrx_word' id='word_1_53' title='bbox 150 677 332 733; x_wconf 83' lang='lat' dir='ltr'>Excepi,</span> <span class='ocrx_word' id='word_1_54' title='bbox 364 687 406 719; x_wconf 89' lang='lat' dir='ltr'>et</span> <span class='ocrx_word' id='word_1_55' title='bbox 426 681 546 734; x_wconf 84' lang='lat' dir='ltr'>regni</span> <span class='ocrx_word' id='word_1_56' title='bbox 566 681 737 720; x_wconf 89' lang='lat' dir='ltr'>demens</span> <span class='ocrx_word' id='word_1_57' title='bbox 758 680 799 719; x_wconf 91' lang='lat' dir='ltr'>in</span> <span class='ocrx_word' id='word_1_58' title='bbox 820 686 939 733; x_wconf 86' lang='lat' dir='ltr'>parte</span> <span class='ocrx_word' id='word_1_59' title='bbox 960 679 1094 720; x_wconf 82' lang='lat' dir='ltr'>locavi</span> <span class='ocrx_word' id='word_1_60' title='bbox 1111 697 1120 729; x_wconf 79' lang='lat'><em>3</em></span> 
     </span>
    </p>
   </div>
   <div class='ocr_carea' id='block_1_7' title="bbox 149 733 1572 785">
    <p class='ocr_par' dir='ltr' id='par_1_10' title="bbox 149 733 1572 785">
     <span class='ocr_line' id='line_1_11' title="bbox 149 733 1572 785; baseline -0.001 -9"><span class='ocrx_word' id='word_1_61' title='bbox 149 733 362 776; x_wconf 86' lang='lat' dir='ltr'>Amissam</span> <span class='ocrx_word' id='word_1_62' title='bbox 383 735 571 785; x_wconf 80' lang='lat' dir='ltr'>classem,</span> <span class='ocrx_word' id='word_1_63' title='bbox 604 738 738 777; x_wconf 89' lang='lat' dir='ltr'>socios</span> <span class='ocrx_word' id='word_1_64' title='bbox 760 751 783 776; x_wconf 83' lang='lat' dir='ltr'>a</span> <span class='ocrx_word' id='word_1_65' title='bbox 805 743 938 776; x_wconf 85' lang='lat' dir='ltr'>morte</span> <span class='ocrx_word' id='word_1_66' title='bbox 959 737 1124 776; x_wconf 84' lang='lat' dir='ltr'>reduxi.</span> <span class='ocrx_word' id='word_1_67' title='bbox 1519 736 1572 775; x_wconf 77' lang='lat'>37</span> 
     </span>
    </p>
   </div>
   <div class='ocr_carea' id='block_1_8' title="bbox 1578 737 1600 776">
    <p class='ocr_par' dir='ltr' id='par_1_11' title="bbox 1578 737 1600 776">
     <span class='ocr_line' id='line_1_12' title="bbox 1578 737 1600 776; textangle 90"><span class='ocrx_word' id='word_1_68' title='bbox 1578 737 1600 776; x_wconf 66' lang='lat' dir='ltr'>Cr</span> 
     </span>
    </p>
   </div>
   <div class='ocr_carea' id='block_1_9' title="bbox 147 791 1304 1017">
    <p class='ocr_par' dir='ltr' id='par_1_12' title="bbox 147 791 1304 1017">
     <span class='ocr_line' id='line_1_13' title="bbox 150 791 1247 846; baseline 0.001 -14"><span class='ocrx_word' id='word_1_69' title='bbox 150 791 254 833; x_wconf 87' lang='lat' dir='ltr'>Heu</span> <span class='ocrx_word' id='word_1_70' title='bbox 273 792 391 833; x_wconf 87' lang='lat' dir='ltr'>furiis</span> <span class='ocrx_word' id='word_1_71' title='bbox 412 794 581 833; x_wconf 84' lang='lat' dir='ltr'>incensa</span> <span class='ocrx_word' id='word_1_72' title='bbox 601 793 734 834; x_wconf 87' lang='lat' dir='ltr'>feror!</span> <span class='ocrx_word' id='word_1_73' title='bbox 770 792 896 833; x_wconf 88' lang='lat' dir='ltr'>Nunc</span> <span class='ocrx_word' id='word_1_74' title='bbox 918 807 1053 846; x_wconf 81' lang='lat' dir='ltr'>augur</span> <span class='ocrx_word' id='word_1_75' title='bbox 1075 792 1247 846; x_wconf 83' lang='lat' dir='ltr'><strong>Apollo,</strong></span> 
     </span>
     <span class='ocr_line' id='line_1_14' title="bbox 149 848 1304 903; baseline -0.003 -13"><span class='ocrx_word' id='word_1_76' title='bbox 149 848 280 890; x_wconf 92' lang='lat' dir='ltr'>Nunc</span> <span class='ocrx_word' id='word_1_77' title='bbox 302 849 445 903; x_wconf 86' lang='lat' dir='ltr'>Lyciae</span> <span class='ocrx_word' id='word_1_78' title='bbox 467 856 614 898; x_wconf 82' lang='lat' dir='ltr'>sortes,</span> <span class='ocrx_word' id='word_1_79' title='bbox 646 864 756 890; x_wconf 91' lang='lat' dir='ltr'>nunc</span> <span class='ocrx_word' id='word_1_80' title='bbox 777 856 819 889; x_wconf 91' lang='lat' dir='ltr'>et</span> <span class='ocrx_word' id='word_1_81' title='bbox 840 848 948 889; x_wconf 86' lang='lat' dir='ltr'>Jove</span> <span class='ocrx_word' id='word_1_82' title='bbox 969 849 1118 889; x_wconf 89' lang='lat' dir='ltr'>missus</span> <span class='ocrx_word' id='word_1_83' title='bbox 1139 850 1193 889; x_wconf 82' lang='lat' dir='ltr'>ab</span> <span class='ocrx_word' id='word_1_84' title='bbox 1212 851 1304 902; x_wconf 73' lang='lat' dir='ltr'>ipso</span> 
     </span>
     <span class='ocr_line' id='line_1_15' title="bbox 147 905 1206 960; baseline -0.001 -14"><span class='ocrx_word' id='word_1_85' title='bbox 147 905 366 960; x_wconf 85' lang='lat' dir='ltr'>Interpres</span> <span class='ocrx_word' id='word_1_86' title='bbox 386 906 529 946; x_wconf 90' lang='lat' dir='ltr'>divum</span> <span class='ocrx_word' id='word_1_87' title='bbox 549 906 631 947; x_wconf 87' lang='lat' dir='ltr'>fert</span> <span class='ocrx_word' id='word_1_88' title='bbox 649 905 821 946; x_wconf 87' lang='lat' dir='ltr'>horrida</span> <span class='ocrx_word' id='word_1_89' title='bbox 833 906 953 959; x_wconf 83' lang='lat' dir='ltr'>jussa</span> <span class='ocrx_word' id='word_1_90' title='bbox 973 920 1049 959; x_wconf 83' lang='lat' dir='ltr'>per</span> <span class='ocrx_word' id='word_1_91' title='bbox 1069 921 1206 946; x_wconf 81' lang='lat' dir='ltr'>auras.</span> 
     </span>
     <span class='ocr_line' id='line_1_16' title="bbox 150 962 1177 1017; baseline 0.001 -15"><span class='ocrx_word' id='word_1_92' title='bbox 150 962 322 1003; x_wconf 87' lang='lat' dir='ltr'>Scilicet</span> <span class='ocrx_word' id='word_1_93' title='bbox 341 963 374 1003; x_wconf 91' lang='lat' dir='ltr'>is</span> <span class='ocrx_word' id='word_1_94' title='bbox 394 963 558 1017; x_wconf 87' lang='lat' dir='ltr'>superis</span> <span class='ocrx_word' id='word_1_95' title='bbox 577 962 696 1004; x_wconf 87' lang='lat' dir='ltr'>labor</span> <span class='ocrx_word' id='word_1_96' title='bbox 715 970 794 1011; x_wconf 87' lang='lat' dir='ltr'>est,</span> <span class='ocrx_word' id='word_1_97' title='bbox 825 977 875 1002; x_wconf 87' lang='lat' dir='ltr'>ea</span> <span class='ocrx_word' id='word_1_98' title='bbox 893 977 993 1002; x_wconf 86' lang='lat' dir='ltr'>cura</span> <span class='ocrx_word' id='word_1_99' title='bbox 1013 963 1177 1016; x_wconf 78' lang='lat' dir='ltr'>quietos</span> 
     </span>
    </p>
   </div>
   <div class='ocr_carea' id='block_1_10' title="bbox 148 1018 370 1061">
    <p class='ocr_par' dir='ltr' id='par_1_13' title="bbox 148 1018 370 1061">
     <span class='ocr_line' id='line_1_17' title="bbox 148 1018 370 1061; baseline 0.005 -2"><span class='ocrx_word' id='word_1_100' title='bbox 148 1018 370 1061; x_wconf 84' lang='lat' dir='ltr'>Sollicitat.</span> 
     </span>
    </p>
   </div>
   <div class='ocr_carea' id='block_1_11' title="bbox 430 1019 1603 1074">
    <p class='ocr_par' dir='ltr' id='par_1_14' title="bbox 430 1019 1603 1074">
     <span class='ocr_line' id='line_1_18' title="bbox 430 1019 1603 1074; baseline 0.001 -14"><span class='ocrx_word' id='word_1_101' title='bbox 430 1019 586 1074; x_wconf 91' lang='lat' dir='ltr'>Neque</span> <span class='ocrx_word' id='word_1_102' title='bbox 606 1028 648 1061; x_wconf 90' lang='lat' dir='ltr'>te</span> <span class='ocrx_word' id='word_1_103' title='bbox 667 1028 806 1068; x_wconf 89' lang='lat' dir='ltr'>teneo,</span> <span class='ocrx_word' id='word_1_104' title='bbox 839 1034 975 1073; x_wconf 89' lang='lat' dir='ltr'>neque</span> <span class='ocrx_word' id='word_1_105' title='bbox 996 1020 1108 1060; x_wconf 88' lang='lat' dir='ltr'>dicta</span> <span class='ocrx_word' id='word_1_106' title='bbox 1128 1019 1286 1061; x_wconf 86' lang='lat' dir='ltr'>refello.</span> <span class='ocrx_word' id='word_1_107' title='bbox 1520 1021 1603 1062; x_wconf 82' lang='grc'>380</span> 
     </span>
    </p>
   </div>
   <div class='ocr_carea' id='block_1_12' title="bbox 146 1074 1359 1244">
    <p class='ocr_par' dir='ltr' id='par_1_15' title="bbox 146 1074 1359 1244">
     <span class='ocr_line' id='line_1_19' title="bbox 146 1074 1279 1130; baseline 0.001 -13"><span class='ocrx_word' id='word_1_108' title='bbox 146 1074 183 1130; x_wconf 82' lang='grc' dir='ltr'>Ι,</span> <span class='ocrx_word' id='word_1_109' title='bbox 214 1091 391 1130; x_wconf 86' lang='lat' dir='ltr'>sequere</span> <span class='ocrx_word' id='word_1_110' title='bbox 412 1076 575 1117; x_wconf 88' lang='lat' dir='ltr'>Italiam</span> <span class='ocrx_word' id='word_1_111' title='bbox 595 1077 744 1126; x_wconf 86' lang='lat' dir='ltr'>ventis,</span> <span class='ocrx_word' id='word_1_112' title='bbox 766 1083 864 1130; x_wconf 87' lang='lat' dir='ltr'>pete</span> <span class='ocrx_word' id='word_1_113' title='bbox 885 1090 1016 1130; x_wconf 82' lang='lat' dir='ltr'>regna</span> <span class='ocrx_word' id='word_1_114' title='bbox 1037 1091 1112 1130; x_wconf 89' lang='lat' dir='ltr'>per</span> <span class='ocrx_word' id='word_1_115' title='bbox 1132 1077 1279 1118; x_wconf 84' lang='lat' dir='ltr'>undas.</span> 
     </span>
     <span class='ocr_line' id='line_1_20' title="bbox 147 1132 1359 1187; baseline 0.002 -14"><span class='ocrx_word' id='word_1_116' title='bbox 147 1132 287 1187; x_wconf 91' lang='lat' dir='ltr'>Spero</span> <span class='ocrx_word' id='word_1_117' title='bbox 307 1134 504 1187; x_wconf 87' lang='lat' dir='ltr'>equidem</span> <span class='ocrx_word' id='word_1_118' title='bbox 523 1135 684 1182; x_wconf 87' lang='lat' dir='ltr'>mediis,</span> <span class='ocrx_word' id='word_1_119' title='bbox 716 1133 749 1174; x_wconf 88' lang='lat' dir='ltr'>si</span> <span class='ocrx_word' id='word_1_120' title='bbox 770 1133 872 1186; x_wconf 90' lang='lat' dir='ltr'>quid</span> <span class='ocrx_word' id='word_1_121' title='bbox 892 1133 962 1186; x_wconf 86' lang='lat' dir='ltr'>pia</span> <span class='ocrx_word' id='word_1_122' title='bbox 981 1133 1151 1174; x_wconf 89' lang='lat' dir='ltr'>numina</span> <span class='ocrx_word' id='word_1_123' title='bbox 1171 1142 1359 1187; x_wconf 80' lang='lat' dir='ltr'>possunt,</span> 
     </span>
     <span class='ocr_line' id='line_1_21' title="bbox 147 1189 1234 1244; baseline 0 -14"><span class='ocrx_word' id='word_1_124' title='bbox 147 1189 367 1244; x_wconf 87' lang='lat' dir='ltr'>Supplicia</span> <span class='ocrx_word' id='word_1_125' title='bbox 386 1189 617 1231; x_wconf 81' lang='lat' dir='ltr'>hausurum</span> <span class='ocrx_word' id='word_1_126' title='bbox 638 1189 836 1243; x_wconf 86' lang='lat' dir='ltr'>scopulis,</span> <span class='ocrx_word' id='word_1_127' title='bbox 866 1197 907 1228; x_wconf 91' lang='lat' dir='ltr'>et</span> <span class='ocrx_word' id='word_1_128' title='bbox 928 1190 1094 1229; x_wconf 88' lang='lat' dir='ltr'>nomine</span> <span class='ocrx_word' id='word_1_129' title='bbox 1118 1190 1234 1230; x_wconf 88' lang='lat' dir='ltr'>Dido</span> 
     </span>
    </p>
   </div>
   <div class='ocr_carea' id='block_1_13' title="bbox 149 1246 557 1301">
    <p class='ocr_par' dir='ltr' id='par_1_16' title="bbox 149 1246 557 1301">
     <span class='ocr_line' id='line_1_22' title="bbox 149 1246 557 1301; baseline 0 -15"><span class='ocrx_word' id='word_1_130' title='bbox 149 1246 275 1301; x_wconf 81' lang='lat' dir='ltr'>Saepe</span> <span class='ocrx_word' id='word_1_131' title='bbox 298 1254 557 1288; x_wconf 86' lang='lat' dir='ltr'>vocaturum.</span> 
     </span>
    </p>
   </div>
   <div class='ocr_carea' id='block_1_14' title="bbox 620 1245 1274 1300">
    <p class='ocr_par' dir='ltr' id='par_1_17' title="bbox 620 1245 1274 1300">
     <span class='ocr_line' id='line_1_23' title="bbox 620 1245 1274 1300; baseline 0 -13"><span class='ocrx_word' id='word_1_132' title='bbox 620 1246 784 1300; x_wconf 84' lang='lat' dir='ltr'>Sequar</span> <span class='ocrx_word' id='word_1_133' title='bbox 803 1245 903 1285; x_wconf 90' lang='lat' dir='ltr'>atris</span> <span class='ocrx_word' id='word_1_134' title='bbox 924 1246 1091 1299; x_wconf 78' lang='lat' dir='ltr'>ignibus</span> <span class='ocrx_word' id='word_1_135' title='bbox 1110 1248 1274 1297; x_wconf 83' lang='lat' dir='ltr'>absens,</span> 
     </span>
    </p>
   </div>
   <div class='ocr_carea' id='block_1_15' title="bbox 146 1302 1604 1358">
    <p class='ocr_par' dir='ltr' id='par_1_18' title="bbox 146 1302 1604 1358">
     <span class='ocr_line' id='line_1_24' title="bbox 146 1302 1604 1358; baseline 0 -14"><span class='ocrx_word' id='word_1_136' title='bbox 146 1302 221 1353; x_wconf 88' lang='lat' dir='ltr'>Et,</span> <span class='ocrx_word' id='word_1_137' title='bbox 241 1318 371 1358; x_wconf 90' lang='lat' dir='ltr'>quum</span> <span class='ocrx_word' id='word_1_138' title='bbox 391 1303 545 1358; x_wconf 85' lang='lat' dir='ltr'>frigida</span> <span class='ocrx_word' id='word_1_139' title='bbox 564 1318 676 1345; x_wconf 88' lang='lat' dir='ltr'>mors</span> <span class='ocrx_word' id='word_1_140' title='bbox 695 1303 832 1344; x_wconf 81' lang='lat' dir='ltr'>anima</span> <span class='ocrx_word' id='word_1_141' title='bbox 852 1302 1069 1343; x_wconf 83' lang='lat' dir='ltr'>seduxerit</span> <span class='ocrx_word' id='word_1_142' title='bbox 1088 1312 1216 1352; x_wconf 82' lang='lat' dir='ltr'>artus,</span> <span class='ocrx_word' id='word_1_143' title='bbox 1520 1304 1604 1345; x_wconf 83' lang='lat'>385</span> 
     </span>
    </p>
   </div>
   <div class='ocr_carea' id='block_1_16' title="bbox 146 1433 860 2632">
    <p class='ocr_par' dir='ltr' id='par_1_19' title="bbox 146 1433 860 2632">
     <span class='ocr_line' id='line_1_25' title="bbox 148 1433 856 1473; baseline 0.001 -11"><span class='ocrx_word' id='word_1_144' title='bbox 148 1441 238 1470; x_wconf 84' lang='lat' dir='ltr'>quam</span> <span class='ocrx_word' id='word_1_145' title='bbox 252 1433 290 1462; x_wconf 86' lang='lat' dir='ltr'>de</span> <span class='ocrx_word' id='word_1_146' title='bbox 306 1434 438 1472; x_wconf 87' lang='lat' dir='ltr'>Caspiis,</span> <span class='ocrx_word' id='word_1_147' title='bbox 460 1434 515 1463; x_wconf 78' lang='lat' dir='ltr'>vix</span> <span class='ocrx_word' id='word_1_148' title='bbox 535 1434 691 1473; x_wconf 80' lang='lat' dir='ltr'>quisquam</span> <span class='ocrx_word' id='word_1_149' title='bbox 712 1435 758 1463; x_wconf 91' lang='lat' dir='ltr'>hic</span> <span class='ocrx_word' id='word_1_150' title='bbox 773 1434 856 1473; x_wconf 83' lang='lat' dir='ltr'>cogi-</span> 
     </span>
     <span class='ocr_line' id='line_1_26' title="bbox 149 1472 856 1511; baseline 0.004 -12"><span class='ocrx_word' id='word_1_151' title='bbox 149 1474 238 1506; x_wconf 84' lang='lat' dir='ltr'>taret,</span> <span class='ocrx_word' id='word_1_152' title='bbox 258 1472 315 1501; x_wconf 89' lang='lat' dir='ltr'>nisi</span> <span class='ocrx_word' id='word_1_153' title='bbox 339 1473 465 1502; x_wconf 88' lang='lat' dir='ltr'>Servius</span> <span class='ocrx_word' id='word_1_154' title='bbox 480 1473 639 1511; x_wconf 79' lang='lat' dir='ltr'>Hyrcanos</span> <span class='ocrx_word' id='word_1_155' title='bbox 661 1474 781 1502; x_wconf 85' lang='lat' dir='ltr'>Arabiae</span> <span class='ocrx_word' id='word_1_156' title='bbox 799 1474 856 1502; x_wconf 85' lang='lat' dir='ltr'>huc</span> 
     </span>
     <span class='ocr_line' id='line_1_27' title="bbox 149 1510 855 1548; baseline 0.004 -10"><span class='ocrx_word' id='word_1_157' title='bbox 149 1510 340 1540; x_wconf 79' lang='lat' dir='ltr'>advocasset.</span> <span class='ocrx_word' id='word_1_158' title='bbox 380 1512 471 1548; x_wconf 90' lang='lat' dir='ltr'>Quod</span> <span class='ocrx_word' id='word_1_159' title='bbox 501 1512 527 1540; x_wconf 92' lang='lat' dir='ltr'>si</span> <span class='ocrx_word' id='word_1_160' title='bbox 557 1512 735 1541; x_wconf 85' lang='lat' dir='ltr'>auctoritate</span> <span class='ocrx_word' id='word_1_161' title='bbox 764 1512 855 1541; x_wconf 86' lang='lat' dir='ltr'>inter-</span> 
     </span>
     <span class='ocr_line' id='line_1_28' title="bbox 147 1550 856 1588; baseline 0.003 -11"><span class='ocrx_word' id='word_1_162' title='bbox 147 1553 269 1586; x_wconf 88' lang='lat' dir='ltr'>pretum</span> <span class='ocrx_word' id='word_1_163' title='bbox 282 1550 417 1588; x_wconf 82' lang='lat' dir='ltr'>priorum</span> <span class='ocrx_word' id='word_1_164' title='bbox 432 1550 514 1584; x_wconf 86' lang='lat' dir='ltr'>fecit,</span> <span class='ocrx_word' id='word_1_165' title='bbox 526 1551 686 1579; x_wconf 86' lang='lat' dir='ltr'>tenendum</span> <span class='ocrx_word' id='word_1_166' title='bbox 702 1554 767 1587; x_wconf 84' lang='lat' dir='ltr'>est3</span> <span class='ocrx_word' id='word_1_167' title='bbox 790 1560 856 1579; x_wconf 90' lang='lat' dir='ltr'>nam</span> 
     </span>
     <span class='ocr_line' id='line_1_29' title="bbox 147 1587 857 1628; baseline 0.003 -12"><span class='ocrx_word' id='word_1_168' title='bbox 147 1587 253 1617; x_wconf 83' lang='lat' dir='ltr'>habuit</span> <span class='ocrx_word' id='word_1_169' title='bbox 280 1589 392 1618; x_wconf 85' lang='lat' dir='ltr'>Arabia</span> <span class='ocrx_word' id='word_1_170' title='bbox 415 1589 520 1628; x_wconf 83' lang='lat' dir='ltr'>tigres,</span> <span class='ocrx_word' id='word_1_171' title='bbox 545 1593 576 1617; x_wconf 89' lang='lat' dir='ltr'>et</span> <span class='ocrx_word' id='word_1_172' title='bbox 603 1590 757 1618; x_wconf 83' lang='lat' dir='ltr'>Bacchum</span> <span class='ocrx_word' id='word_1_173' title='bbox 790 1589 857 1618; x_wconf 88' lang='lat' dir='ltr'>inde</span> 
     </span>
     <span class='ocr_line' id='line_1_30' title="bbox 147 1627 857 1666; baseline 0.001 -11"><span class='ocrx_word' id='word_1_174' title='bbox 147 1627 289 1656; x_wconf 86' lang='lat' dir='ltr'>reducem</span> <span class='ocrx_word' id='word_1_175' title='bbox 300 1628 428 1666; x_wconf 83' lang='lat' dir='ltr'>tigribus</span> <span class='ocrx_word' id='word_1_176' title='bbox 438 1631 557 1657; x_wconf 85' lang='lat' dir='ltr'>vectum</span> <span class='ocrx_word' id='word_1_177' title='bbox 567 1628 691 1656; x_wconf 85' lang='lat' dir='ltr'>exhibet</span> <span class='ocrx_word' id='word_1_178' title='bbox 700 1629 857 1666; x_wconf 72' lang='lat' dir='ltr'>poetarum</span> 
     </span>
     <span class='ocr_line' id='line_1_31' title="bbox 147 1665 857 1705; baseline 0.001 -11"><span class='ocrx_word' id='word_1_179' title='bbox 147 1665 238 1695; x_wconf 84' lang='lat' dir='ltr'>ratio.</span> <span class='ocrx_word' id='word_1_180' title='bbox 279 1666 337 1695; x_wconf 87' lang='lat' dir='ltr'>Est</span> <span class='ocrx_word' id='word_1_181' title='bbox 351 1671 448 1696; x_wconf 88' lang='lat' dir='ltr'>tamen</span> <span class='ocrx_word' id='word_1_182' title='bbox 459 1676 509 1695; x_wconf 84' lang='lat' dir='ltr'>res</span> <span class='ocrx_word' id='word_1_183' title='bbox 523 1666 716 1705; x_wconf 86' lang='lat' dir='ltr'>grammatico</span> <span class='ocrx_word' id='word_1_184' title='bbox 729 1666 857 1695; x_wconf 87' lang='lat' dir='ltr'>acumini</span> 
     </span>
     <span class='ocr_line' id='line_1_32' title="bbox 149 1704 858 1743; baseline -0.001 -9"><span class='ocrx_word' id='word_1_185' title='bbox 149 1704 290 1743; x_wconf 87' lang='lat' dir='ltr'>proprior</span> <span class='ocrx_word' id='word_1_186' title='bbox 303 1715 337 1734; x_wconf 88' lang='lat' dir='ltr'>ae</span> <span class='ocrx_word' id='word_1_187' title='bbox 356 1706 490 1734; x_wconf 87' lang='lat' dir='ltr'>similior.</span> <span class='ocrx_word' id='word_1_188' title='bbox 530 1705 656 1734; x_wconf 81' lang='lat' dir='ltr'>Accedit</span> <span class='ocrx_word' id='word_1_189' title='bbox 670 1706 749 1743; x_wconf 91' lang='lat' dir='ltr'>quod</span> <span class='ocrx_word' id='word_1_190' title='bbox 761 1705 858 1742; x_wconf 74' lang='lat' dir='ltr'>liyrim</span> 
     </span>
     <span class='ocr_line' id='line_1_33' title="bbox 152 1743 856 1782; baseline 0.001 -11"><span class='ocrx_word' id='word_1_191' title='bbox 152 1743 292 1782; x_wconf 67' lang='lat' dir='ltr'>Caspiani</span> <span class='ocrx_word' id='word_1_192' title='bbox 310 1744 340 1772; x_wconf 90' lang='lat' dir='ltr'>in</span> <span class='ocrx_word' id='word_1_193' title='bbox 357 1745 461 1773; x_wconf 87' lang='lat' dir='ltr'>eadem</span> <span class='ocrx_word' id='word_1_194' title='bbox 475 1744 622 1773; x_wconf 90' lang='lat' dir='ltr'>sententia</span> <span class='ocrx_word' id='word_1_195' title='bbox 636 1744 748 1772; x_wconf 87' lang='lat' dir='ltr'>Seneca</span> <span class='ocrx_word' id='word_1_196' title='bbox 763 1744 856 1772; x_wconf 89' lang='lat' dir='ltr'>Herc.</span> 
     </span>
     <span class='ocr_line' id='line_1_34' title="bbox 150 1781 856 1818; baseline 0 -8"><span class='ocrx_word' id='word_1_197' title='bbox 150 1781 222 1811; x_wconf 84' lang='lat' dir='ltr'>Oet.</span> <span class='ocrx_word' id='word_1_198' title='bbox 238 1783 304 1810; x_wconf 88' lang='grc'>145.</span> <span class='ocrx_word' id='word_1_199' title='bbox 318 1783 495 1812; x_wconf 86' lang='lat' dir='ltr'>memoravit</span> <span class='ocrx_word' id='word_1_200' title='bbox 508 1792 514 1818; x_wconf 79' lang='lat'><em>3</em></span> <span class='ocrx_word' id='word_1_201' title='bbox 531 1782 623 1811; x_wconf 86' lang='lat' dir='ltr'>Silius</span> <span class='ocrx_word' id='word_1_202' title='bbox 637 1782 807 1811; x_wconf 76' lang='lat' dir='ltr'>Caucasinm</span> <span class='ocrx_word' id='word_1_203' title='bbox 817 1782 856 1815; x_wconf 85' lang='lat' dir='ltr'>V,</span> 
     </span>
     <span class='ocr_line' id='line_1_35' title="bbox 150 1821 856 1850; baseline -0.001 -1"><span class='ocrx_word' id='word_1_204' title='bbox 150 1821 219 1849; x_wconf 78' lang='lat'>148.</span> <span class='ocrx_word' id='word_1_205' title='bbox 250 1822 434 1850; x_wconf 85' lang='lat' dir='ltr'>vocat.—H.</span> <span class='ocrx_word' id='word_1_206' title='bbox 452 1821 558 1850; x_wconf 75' lang='lat' dir='ltr'>cautib-</span> <span class='ocrx_word' id='word_1_207' title='bbox 578 1821 607 1850; x_wconf 83' lang='lat' dir='ltr'>h.</span> <span class='ocrx_word' id='word_1_208' title='bbox 634 1821 664 1849; x_wconf 84' lang='lat' dir='ltr'>h.</span> <span class='ocrx_word' id='word_1_209' title='bbox 688 1832 715 1849; x_wconf 89' lang='lat' dir='ltr'>e.</span> <span class='ocrx_word' id='word_1_210' title='bbox 746 1822 856 1850; x_wconf 83' lang='lat' dir='ltr'>arduus</span> 
     </span>
     <span class='ocr_line' id='line_1_36' title="bbox 146 1858 856 1889; baseline 0 -2"><span class='ocrx_word' id='word_1_211' title='bbox 146 1858 243 1888; x_wconf 82' lang='lat' dir='ltr'>saxis.</span> <span class='ocrx_word' id='word_1_212' title='bbox 271 1861 321 1889; x_wconf 85' lang='lat' dir='ltr'>Ad</span> <span class='ocrx_word' id='word_1_213' title='bbox 333 1860 584 1889; x_wconf 81' lang='lat' dir='ltr'>constructionem</span> <span class='ocrx_word' id='word_1_214' title='bbox 598 1859 638 1888; x_wconf 82' lang='lat' dir='ltr'>cf.</span> <span class='ocrx_word' id='word_1_215' title='bbox 669 1859 778 1888; x_wconf 84' lang='lat' dir='ltr'>Horat.</span> <span class='ocrx_word' id='word_1_216' title='bbox 793 1860 856 1888; x_wconf 85' lang='lat' dir='ltr'>Sat.</span> 
     </span>
     <span class='ocr_line' id='line_1_37' title="bbox 149 1897 856 1937; baseline 0 -11"><span class='ocrx_word' id='word_1_217' title='bbox 149 1897 197 1933; x_wconf 87' lang='lat' dir='ltr'>II,</span> <span class='ocrx_word' id='word_1_218' title='bbox 211 1898 239 1932; x_wconf 97' lang='lat' dir='ltr'>l,</span> <span class='ocrx_word' id='word_1_219' title='bbox 252 1899 299 1927; x_wconf 82' lang='lat'>13.</span> <span class='ocrx_word' id='word_1_220' title='bbox 313 1897 669 1937; x_wconf 65' lang='grc' dir='ltr'>Ῐιοννεηίὶαρίίὶεαῃηιὶηα,</span> <span class='ocrx_word' id='word_1_221' title='bbox 683 1902 714 1926; x_wconf 92' lang='lat' dir='ltr'>et</span> <span class='ocrx_word' id='word_1_222' title='bbox 727 1898 794 1927; x_wconf 82' lang='lat' dir='ltr'>val.</span> <span class='ocrx_word' id='word_1_223' title='bbox 807 1898 856 1926; x_wconf 72' lang='lat' dir='ltr'>Fi.</span> 
     </span>
     <span class='ocr_line' id='line_1_38' title="bbox 150 1936 855 1975; baseline -0.003 -9"><span class='ocrx_word' id='word_1_224' title='bbox 150 1936 261 1970; x_wconf 79' lang='grc' dir='ltr'><strong>Ϊ,486.</strong></span> <span class='ocrx_word' id='word_1_225' title='bbox 299 1936 441 1966; x_wconf 66' lang='lat' dir='ltr'>Acastum</span> <span class='ocrx_word' id='word_1_226' title='bbox 463 1938 623 1966; x_wconf 82' lang='lat' dir='ltr'>horrentem</span> <span class='ocrx_word' id='word_1_227' title='bbox 632 1936 752 1974; x_wconf 75' lang='lat' dir='ltr'>jaculis,</span> <span class='ocrx_word' id='word_1_228' title='bbox 774 1937 855 1975; x_wconf 87' lang='lat' dir='ltr'>quod</span> 
     </span>
     <span class='ocr_line' id='line_1_39' title="bbox 151 1975 856 2014; baseline 0 -11"><span class='ocrx_word' id='word_1_229' title='bbox 151 1975 190 2003; x_wconf 91' lang='lat' dir='ltr'>de</span> <span class='ocrx_word' id='word_1_230' title='bbox 202 1985 260 2004; x_wconf 89' lang='lat' dir='ltr'>uno</span> <span class='ocrx_word' id='word_1_231' title='bbox 273 1975 332 2004; x_wconf 87' lang='lat' dir='ltr'>dici</span> <span class='ocrx_word' id='word_1_232' title='bbox 344 1976 488 2005; x_wconf 78' lang='lat' dir='ltr'>notabile.</span> <span class='ocrx_word' id='word_1_233' title='bbox 507 1975 650 2005; x_wconf 84' lang='lat' dir='ltr'><strong>W.-371</strong></span> <span class='ocrx_word' id='word_1_234' title='bbox 667 1976 739 2011; x_wconf 75' lang='lat' dir='ltr'>Qaa’</span> <span class='ocrx_word' id='word_1_235' title='bbox 755 1975 856 2014; x_wconf 74' lang='lat' dir='ltr'>quibas</span> 
     </span>
     <span class='ocr_line' id='line_1_40' title="bbox 149 2013 855 2053; baseline 0 -12"><span class='ocrx_word' id='word_1_236' title='bbox 149 2013 332 2052; x_wconf 77' lang='lat' dir='ltr'>anteferam?</span> <span class='ocrx_word' id='word_1_237' title='bbox 354 2014 418 2043; x_wconf 88' lang='lat' dir='ltr'>scil.</span> <span class='ocrx_word' id='word_1_238' title='bbox 430 2019 580 2053; x_wconf 85' lang='lat' dir='ltr'>tamquam</span> <span class='ocrx_word' id='word_1_239' title='bbox 594 2014 708 2043; x_wconf 83' lang='lat' dir='ltr'>leniora</span> <span class='ocrx_word' id='word_1_240' title='bbox 728 2014 855 2043; x_wconf 88' lang='lat' dir='ltr'>duriori-</span> 
     </span>
     <span class='ocr_line' id='line_1_41' title="bbox 149 2052 856 2087; baseline 0.001 -7"><span class='ocrx_word' id='word_1_241' title='bbox 149 2052 223 2087; x_wconf 85' lang='lat' dir='ltr'>bus,·</span> <span class='ocrx_word' id='word_1_242' title='bbox 238 2053 266 2081; x_wconf 85' lang='lat' dir='ltr'>h.</span> <span class='ocrx_word' id='word_1_243' title='bbox 279 2063 304 2082; x_wconf 89' lang='lat' dir='ltr'>e.</span> <span class='ocrx_word' id='word_1_244' title='bbox 320 2054 426 2083; x_wconf 89' lang='lat' dir='ltr'>Annon</span> <span class='ocrx_word' id='word_1_245' title='bbox 438 2053 502 2082; x_wconf 80' lang='lat' dir='ltr'>haec</span> <span class='ocrx_word' id='word_1_246' title='bbox 516 2057 651 2082; x_wconf 80' lang='lat' dir='ltr'>extrema</span> <span class='ocrx_word' id='word_1_247' title='bbox 666 2055 753 2082; x_wconf 78' lang='lat' dir='ltr'>sunt?</span> <span class='ocrx_word' id='word_1_248' title='bbox 787 2053 856 2081; x_wconf 90' lang='lat' dir='ltr'>Non</span> 
     </span>
     <span class='ocr_line' id='line_1_42' title="bbox 151 2090 858 2130; baseline 0.001 -12"><span class='ocrx_word' id='word_1_249' title='bbox 151 2090 314 2120; x_wconf 87' lang='lat' dir='ltr'>durissima</span> <span class='ocrx_word' id='word_1_250' title='bbox 336 2096 367 2121; x_wconf 86' lang='lat' dir='ltr'>et</span> <span class='ocrx_word' id='word_1_251' title='bbox 393 2092 582 2129; x_wconf 78' lang='lat' dir='ltr'>gravissima,</span> <span class='ocrx_word' id='word_1_252' title='bbox 617 2092 726 2130; x_wconf 89' lang='lat' dir='ltr'>quibus</span> <span class='ocrx_word' id='word_1_253' title='bbox 753 2096 858 2120; x_wconf 85' lang='lat' dir='ltr'>contu-</span> 
     </span>
     <span class='ocr_line' id='line_1_43' title="bbox 150 2128 858 2169; baseline 0.003 -13"><span class='ocrx_word' id='word_1_254' title='bbox 150 2128 306 2158; x_wconf 87' lang='lat' dir='ltr'>meliosius</span> <span class='ocrx_word' id='word_1_255' title='bbox 333 2130 497 2169; x_wconf 89' lang='lat' dir='ltr'>quidquam</span> <span class='ocrx_word' id='word_1_256' title='bbox 519 2141 555 2160; x_wconf 91' lang='lat' dir='ltr'>ne</span> <span class='ocrx_word' id='word_1_257' title='bbox 584 2130 709 2169; x_wconf 86' lang='lat' dir='ltr'>cogitari</span> <span class='ocrx_word' id='word_1_258' title='bbox 737 2130 858 2169; x_wconf 84' lang='lat' dir='ltr'>quidem</span> 
     </span>
     <span class='ocr_line' id='line_1_44' title="bbox 152 2166 855 2204; baseline 0.004 -9"><span class='ocrx_word' id='word_1_259' title='bbox 152 2166 273 2204; x_wconf 79' lang='lat' dir='ltr'>possit?</span> <span class='ocrx_word' id='word_1_260' title='bbox 293 2172 327 2197; x_wconf 85' lang='lat' dir='ltr'>ut</span> <span class='ocrx_word' id='word_1_261' title='bbox 351 2169 426 2198; x_wconf 89' lang='lat' dir='ltr'>adeo</span> <span class='ocrx_word' id='word_1_262' title='bbox 451 2169 526 2198; x_wconf 92' lang='lat' dir='ltr'>illud</span> <span class='ocrx_word' id='word_1_263' title='bbox 546 2169 647 2198; x_wconf 86' lang='lat' dir='ltr'>locum</span> <span class='ocrx_word' id='word_1_264' title='bbox 670 2169 780 2198; x_wconf 87' lang='lat' dir='ltr'>habere</span> <span class='ocrx_word' id='word_1_265' title='bbox 806 2179 855 2198; x_wconf 88' lang='lat' dir='ltr'>ne·</span> 
     </span>
     <span class='ocr_line' id='line_1_45' title="bbox 152 2206 857 2243; baseline 0.004 -10"><span class='ocrx_word' id='word_1_266' title='bbox 152 2209 254 2243; x_wconf 86' lang='lat' dir='ltr'>queat,</span> <span class='ocrx_word' id='word_1_267' title='bbox 282 2206 404 2236; x_wconf 84' lang='lat' dir='ltr'>ferenda</span> <span class='ocrx_word' id='word_1_268' title='bbox 426 2218 493 2237; x_wconf 86' lang='lat' dir='ltr'>esse</span> <span class='ocrx_word' id='word_1_269' title='bbox 519 2208 584 2237; x_wconf 85' lang='lat' dir='ltr'>haec</span> <span class='ocrx_word' id='word_1_270' title='bbox 610 2213 644 2236; x_wconf 88' lang='lat' dir='ltr'>ut</span> <span class='ocrx_word' id='word_1_271' title='bbox 672 2208 799 2242; x_wconf 88' lang='lat' dir='ltr'>modica,</span> <span class='ocrx_word' id='word_1_272' title='bbox 821 2217 857 2236; x_wconf 87' lang='lat' dir='ltr'>ne</span> 
     </span>
     <span class='ocr_line' id='line_1_46' title="bbox 153 2244 857 2283; baseline 0.004 -11"><span class='ocrx_word' id='word_1_273' title='bbox 153 2244 293 2280; x_wconf 75' lang='lat' dir='ltr'>graviora</span> <span class='ocrx_word' id='word_1_274' title='bbox 314 2246 669 2283; x_wconf 77' lang='lat' dir='ltr'>experiar.-373-—376.</span> <span class='ocrx_word' id='word_1_275' title='bbox 691 2248 771 2275; x_wconf 79' lang='lat' dir='ltr'>Ante</span> <span class='ocrx_word' id='word_1_276' title='bbox 787 2257 857 2275; x_wconf 89' lang='lat' dir='ltr'>ocu-</span> 
     </span>
     <span class='ocr_line' id='line_1_47' title="bbox 152 2282 857 2323; baseline 0.006 -13"><span class='ocrx_word' id='word_1_277' title='bbox 152 2283 197 2311; x_wconf 89' lang='lat' dir='ltr'>los</span> <span class='ocrx_word' id='word_1_278' title='bbox 212 2282 305 2311; x_wconf 79' lang='lat' dir='ltr'>fuisse</span> <span class='ocrx_word' id='word_1_279' title='bbox 321 2283 460 2313; x_wconf 84' lang='lat' dir='ltr'>videntur</span> <span class='ocrx_word' id='word_1_280' title='bbox 471 2285 605 2323; x_wconf 79' lang='lat' dir='ltr'>Calypso</span> <span class='ocrx_word' id='word_1_281' title='bbox 625 2286 683 2314; x_wconf 84' lang='lat' dir='ltr'>Od.</span> <span class='ocrx_word' id='word_1_282' title='bbox 699 2299 723 2319; x_wconf 81' lang='grc' dir='ltr'>ε,</span> <span class='ocrx_word' id='word_1_283' title='bbox 740 2287 796 2314; x_wconf 84' lang='grc'>130</span> <span class='ocrx_word' id='word_1_284' title='bbox 811 2296 857 2323; x_wconf 82' lang='lat' dir='ltr'>sq.</span> 
     </span>
     <span class='ocr_line' id='line_1_48' title="bbox 153 2321 858 2362; baseline 0.006 -13"><span class='ocrx_word' id='word_1_285' title='bbox 153 2321 311 2360; x_wconf 75' lang='lat' dir='ltr'>Euripidis</span> <span class='ocrx_word' id='word_1_286' title='bbox 326 2322 444 2351; x_wconf 81' lang='lat' dir='ltr'>Medeae</span> <span class='ocrx_word' id='word_1_287' title='bbox 459 2334 488 2351; x_wconf 86' lang='lat' dir='ltr'>v.</span> <span class='ocrx_word' id='word_1_288' title='bbox 502 2325 560 2352; x_wconf 80' lang='lat'>476</span> <span class='ocrx_word' id='word_1_289' title='bbox 575 2334 640 2362; x_wconf 90' lang='lat' dir='ltr'>sqq.</span> <span class='ocrx_word' id='word_1_290' title='bbox 654 2334 660 2352; x_wconf 70' lang='grc' dir='ltr'>ι</span> <span class='ocrx_word' id='word_1_291' title='bbox 684 2325 811 2353; x_wconf 84' lang='lat' dir='ltr'>sortasse</span> <span class='ocrx_word' id='word_1_292' title='bbox 827 2328 858 2352; x_wconf 86' lang='lat' dir='ltr'>et</span> 
     </span>
     <span class='ocr_line' id='line_1_49' title="bbox 152 2359 857 2402; baseline 0.003 -13"><span class='ocrx_word' id='word_1_293' title='bbox 152 2359 287 2389; x_wconf 83' lang='lat' dir='ltr'>Ariadne</span> <span class='ocrx_word' id='word_1_294' title='bbox 296 2360 411 2390; x_wconf 84' lang='lat' dir='ltr'>Catulli</span> <span class='ocrx_word' id='word_1_295' title='bbox 421 2361 449 2389; x_wconf 90' lang='lat' dir='ltr'>in</span> <span class='ocrx_word' id='word_1_296' title='bbox 459 2362 590 2399; x_wconf 86' lang='lat' dir='ltr'>Epithal.</span> <span class='ocrx_word' id='word_1_297' title='bbox 600 2364 658 2391; x_wconf 74' lang='lat'>149</span> <span class='ocrx_word' id='word_1_298' title='bbox 667 2362 857 2402; x_wconf 77' lang='lat' dir='ltr'>sqq.—reyni</span> 
     </span>
     <span class='ocr_line' id='line_1_50' title="bbox 152 2397 856 2439; baseline 0.004 -13"><span class='ocrx_word' id='word_1_299' title='bbox 152 2397 183 2427; x_wconf 79' lang='lat' dir='ltr'>in</span> <span class='ocrx_word' id='word_1_300' title='bbox 191 2403 288 2437; x_wconf 79' lang='lat' dir='ltr'>parte.</span> <span class='ocrx_word' id='word_1_301' title='bbox 303 2410 369 2437; x_wconf 89' lang='lat' dir='ltr'>sup.</span> <span class='ocrx_word' id='word_1_302' title='bbox 383 2400 441 2428; x_wconf 75' lang='lat'>214</span> <span class='ocrx_word' id='word_1_303' title='bbox 455 2400 599 2429; x_wconf 82' lang='lat' dir='ltr'>dominnm</span> <span class='ocrx_word' id='word_1_304' title='bbox 613 2401 737 2431; x_wconf 81' lang='lat' dir='ltr'>AEnean</span> <span class='ocrx_word' id='word_1_305' title='bbox 751 2401 779 2430; x_wconf 89' lang='lat' dir='ltr'>in</span> <span class='ocrx_word' id='word_1_306' title='bbox 792 2411 856 2439; x_wconf 75' lang='lat' dir='ltr'>rey-</span> 
     </span>
     <span class='ocr_line' id='line_1_51' title="bbox 152 2437 856 2477; baseline 0.006 -13"><span class='ocrx_word' id='word_1_307' title='bbox 152 2447 192 2465; x_wconf 82' lang='lat' dir='ltr'>na</span> <span class='ocrx_word' id='word_1_308' title='bbox 209 2437 316 2477; x_wconf 80' lang='lat' dir='ltr'>recepit</span> <span class='ocrx_word' id='word_1_309' title='bbox 335 2438 473 2476; x_wconf 79' lang='lat' dir='ltr'>(ejectum</span> <span class='ocrx_word' id='word_1_310' title='bbox 494 2437 578 2467; x_wconf 79' lang='lat' dir='ltr'>litore</span> <span class='ocrx_word' id='word_1_311' title='bbox 599 2449 655 2477; x_wconf 88' lang='lat' dir='ltr'>pro</span> <span class='ocrx_word' id='word_1_312' title='bbox 677 2440 791 2469; x_wconf 89' lang='lat' dir='ltr'>inlitus</span> <span class='ocrx_word' id='word_1_313' title='bbox 806 2450 856 2468; x_wconf 93' lang='lat' dir='ltr'>no-</span> 
     </span>
     <span class='ocr_line' id='line_1_52' title="bbox 152 2476 858 2511; baseline 0.006 -8"><span class='ocrx_word' id='word_1_314' title='bbox 152 2476 275 2505; x_wconf 78' lang='lat' dir='ltr'>tandum</span> <span class='ocrx_word' id='word_1_315' title='bbox 290 2486 358 2506; x_wconf 87' lang='lat' dir='ltr'>esse</span> <span class='ocrx_word' id='word_1_316' title='bbox 373 2477 464 2506; x_wconf 86' lang='lat' dir='ltr'>docui</span> <span class='ocrx_word' id='word_1_317' title='bbox 479 2477 517 2505; x_wconf 87' lang='lat' dir='ltr'>ad</span> <span class='ocrx_word' id='word_1_318' title='bbox 538 2477 604 2511; x_wconf 93' lang='lat' dir='ltr'>III,</span> <span class='ocrx_word' id='word_1_319' title='bbox 617 2479 685 2507; x_wconf 79' lang='lat'>292.</span> <span class='ocrx_word' id='word_1_320' title='bbox 727 2478 858 2507; x_wconf 83' lang='lat' dir='ltr'>Ovidius</span> 
     </span>
     <span class='ocr_line' id='line_1_53' title="bbox 154 2513 860 2557; baseline 0.004 -15"><span class='ocrx_word' id='word_1_321' title='bbox 154 2513 234 2557; x_wconf 76' lang='lat' dir='ltr'>Met.</span> <span class='ocrx_word' id='word_1_322' title='bbox 248 2515 349 2551; x_wconf 88' lang='lat' dir='ltr'>XIII,</span> <span class='ocrx_word' id='word_1_323' title='bbox 364 2517 431 2545; x_wconf 84' lang='lat'>536.</span> <span class='ocrx_word' id='word_1_324' title='bbox 444 2516 547 2554; x_wconf 68' lang='lat' dir='ltr'>ejectus</span> <span class='ocrx_word' id='word_1_325' title='bbox 558 2515 588 2544; x_wconf 79' lang='lat' dir='ltr'>in</span> <span class='ocrx_word' id='word_1_326' title='bbox 598 2516 680 2545; x_wconf 77' lang='lat' dir='ltr'>litore</span> <span class='ocrx_word' id='word_1_327' title='bbox 690 2517 777 2546; x_wconf 82' lang='lat' dir='ltr'>dixit.</span> <span class='ocrx_word' id='word_1_328' title='bbox 792 2517 860 2555; x_wconf 87' lang='lat' dir='ltr'>W.)</span> 
     </span>
     <span class='ocr_line' id='line_1_54' title="bbox 151 2555 859 2592; baseline 0.007 -13"><span class='ocrx_word' id='word_1_329' title='bbox 151 2561 288 2582; x_wconf 66' lang='lat' dir='ltr'>amas-sam</span> <span class='ocrx_word' id='word_1_330' title='bbox 300 2555 431 2588; x_wconf 81' lang='lat' dir='ltr'>classem,</span> <span class='ocrx_word' id='word_1_331' title='bbox 447 2556 509 2592; x_wconf 86' lang='lat' dir='ltr'>jam</span> <span class='ocrx_word' id='word_1_332' title='bbox 523 2564 579 2592; x_wconf 89' lang='lat' dir='ltr'>pro</span> <span class='ocrx_word' id='word_1_333' title='bbox 594 2555 703 2584; x_wconf 85' lang='lat' dir='ltr'>amissa</span> <span class='ocrx_word' id='word_1_334' title='bbox 716 2556 859 2590; x_wconf 82' lang='lat' dir='ltr'>habitam,</span> 
     </span>
     <span class='ocr_line' id='line_1_55' title="bbox 154 2591 859 2632; baseline 0.001 -11"><span class='ocrx_word' id='word_1_335' title='bbox 154 2599 223 2618; x_wconf 81' lang='lat' dir='ltr'>cum</span> <span class='ocrx_word' id='word_1_336' title='bbox 236 2591 308 2621; x_wconf 80' lang='lat' dir='ltr'>viris</span> <span class='ocrx_word' id='word_1_337' title='bbox 324 2596 390 2622; x_wconf 88' lang='lat' dir='ltr'>tuto</span> <span class='ocrx_word' id='word_1_338' title='bbox 405 2598 494 2632; x_wconf 91' lang='lat' dir='ltr'>portu</span> <span class='ocrx_word' id='word_1_339' title='bbox 508 2592 612 2630; x_wconf 80' lang='lat' dir='ltr'>recepi,</span> <span class='ocrx_word' id='word_1_340' title='bbox 636 2594 759 2628; x_wconf 79' lang='lat' dir='ltr'>servavi,</span> <span class='ocrx_word' id='word_1_341' title='bbox 773 2596 859 2632; x_wconf 87' lang='lat' dir='ltr'>(sup.</span> 
     </span>
    </p>
   </div>
   <div class='ocr_carea' id='block_1_17' title="bbox 895 1433 1606 2551">
    <p class='ocr_par' dir='ltr' id='par_1_20' title="bbox 895 1433 1606 2551">
     <span class='ocr_line' id='line_1_56' title="bbox 897 1433 1602 1472; baseline 0.004 -12"><span class='ocrx_word' id='word_1_342' title='bbox 897 1436 942 1461; x_wconf 78' lang='lat' dir='ltr'>los</span> <span class='ocrx_word' id='word_1_343' title='bbox 955 1443 1010 1471; x_wconf 89' lang='lat' dir='ltr'>pro</span> <span class='ocrx_word' id='word_1_344' title='bbox 1021 1443 1084 1470; x_wconf 85' lang='lat' dir='ltr'>eos,·</span> <span class='ocrx_word' id='word_1_345' title='bbox 1106 1433 1263 1462; x_wconf 83' lang='lat' dir='ltr'>Consentit</span> <span class='ocrx_word' id='word_1_346' title='bbox 1285 1434 1466 1472; x_wconf 83' lang='lat' dir='ltr'>Epicureum</span> <span class='ocrx_word' id='word_1_347' title='bbox 1482 1433 1602 1470; x_wconf 77' lang='lat' dir='ltr'>dogma,</span> 
     </span>
     <span class='ocr_line' id='line_1_57' title="bbox 895 1471 1604 1511; baseline 0.001 -12"><span class='ocrx_word' id='word_1_348' title='bbox 895 1482 949 1501; x_wconf 92' lang='lat' dir='ltr'>nec</span> <span class='ocrx_word' id='word_1_349' title='bbox 972 1476 1069 1501; x_wconf 82' lang='lat' dir='ltr'>tamen</span> <span class='ocrx_word' id='word_1_350' title='bbox 1091 1473 1126 1501; x_wconf 88' lang='lat' dir='ltr'>ad</span> <span class='ocrx_word' id='word_1_351' title='bbox 1147 1473 1203 1501; x_wconf 82' lang='lat' dir='ltr'>hoc</span> <span class='ocrx_word' id='word_1_352' title='bbox 1226 1473 1398 1511; x_wconf 86' lang='lat' dir='ltr'>respexisse</span> <span class='ocrx_word' id='word_1_353' title='bbox 1421 1471 1484 1501; x_wconf 85' lang='lat' dir='ltr'>dici</span> <span class='ocrx_word' id='word_1_354' title='bbox 1512 1472 1604 1502; x_wconf 76' lang='lat' dir='ltr'>debet</span> 
     </span>
     <span class='ocr_line' id='line_1_58' title="bbox 896 1511 1605 1549; baseline 0 -10"><span class='ocrx_word' id='word_1_355' title='bbox 896 1511 987 1540; x_wconf 87' lang='lat' dir='ltr'>Dido.</span> <span class='ocrx_word' id='word_1_356' title='bbox 1000 1511 1129 1549; x_wconf 85' lang='lat' dir='ltr'>(Apollo</span> <span class='ocrx_word' id='word_1_357' title='bbox 1144 1511 1243 1549; x_wconf 82' lang='lat' dir='ltr'>Licyae</span> <span class='ocrx_word' id='word_1_358' title='bbox 1259 1512 1491 1548; x_wconf 81' lang='lat' dir='ltr'>sor!es,jussere</span> <span class='ocrx_word' id='word_1_359' title='bbox 1503 1515 1605 1548; x_wconf 85' lang='lat' dir='ltr'>petere</span> 
     </span>
     <span class='ocr_line' id='line_1_59' title="bbox 895 1549 1605 1587; baseline 0 -10"><span class='ocrx_word' id='word_1_360' title='bbox 895 1549 1028 1583; x_wconf 82' lang='lat' dir='ltr'>Italiam,</span> <span class='ocrx_word' id='word_1_361' title='bbox 1042 1550 1097 1578; x_wconf 84' lang='lat' dir='ltr'>hoc</span> <span class='ocrx_word' id='word_1_362' title='bbox 1109 1559 1148 1578; x_wconf 79' lang='lat' dir='ltr'>ex</span> <span class='ocrx_word' id='word_1_363' title='bbox 1158 1550 1353 1587; x_wconf 85' lang='lat' dir='ltr'>sequentibus</span> <span class='ocrx_word' id='word_1_364' title='bbox 1367 1549 1605 1587; x_wconf 85' lang='lat' dir='ltr'>intelligendum.</span> 
     </span>
     <span class='ocr_line' id='line_1_60' title="bbox 902 1587 1604 1627; baseline 0.001 -11"><span class='ocrx_word' id='word_1_365' title='bbox 902 1587 1066 1627; x_wconf 76' lang='lat' dir='ltr'><strong>W.)—381</strong></span> <span class='ocrx_word' id='word_1_366' title='bbox 1083 1588 1261 1625; x_wconf 86' lang='lat' dir='ltr'>Comparant</span> <span class='ocrx_word' id='word_1_367' title='bbox 1282 1588 1333 1616; x_wconf 88' lang='lat' dir='ltr'>illa</span> <span class='ocrx_word' id='word_1_368' title='bbox 1355 1588 1604 1626; x_wconf 75' lang='lat' dir='ltr'>Agamemnonis;</span> 
     </span>
     <span class='ocr_line' id='line_1_61' title="bbox 897 1626 1601 1665; baseline 0 -11"><span class='ocrx_word' id='word_1_369' title='bbox 897 1630 979 1661; x_wconf 59' lang='grc' dir='ltr'>Φεῦηε</span> <span class='ocrx_word' id='word_1_370' title='bbox 992 1630 1059 1661; x_wconf 80' lang='grc' dir='ltr'>μάλ’</span> <span class='ocrx_word' id='word_1_371' title='bbox 1075 1631 1132 1655; x_wconf 89' lang='lat' dir='ltr'>etc.</span> <span class='ocrx_word' id='word_1_372' title='bbox 1149 1626 1187 1655; x_wconf 92' lang='lat' dir='ltr'>ll.</span> <span class='ocrx_word' id='word_1_373' title='bbox 1201 1641 1229 1657; x_wconf 83' lang='grc' dir='ltr'>α,</span> <span class='ocrx_word' id='word_1_374' title='bbox 1254 1627 1320 1656; x_wconf 82' lang='grc'><strong>173.</strong></span> <span class='ocrx_word' id='word_1_375' title='bbox 1335 1636 1452 1665; x_wconf 77' lang='lat' dir='ltr'>sequere</span> <span class='ocrx_word' id='word_1_376' title='bbox 1466 1626 1601 1655; x_wconf 73' lang='lat' dir='ltr'>Italiam:</span> 
     </span>
     <span class='ocr_line' id='line_1_62' title="bbox 897 1665 1601 1704; baseline 0 -11"><span class='ocrx_word' id='word_1_377' title='bbox 897 1669 931 1694; x_wconf 90' lang='lat' dir='ltr'>ut</span> <span class='ocrx_word' id='word_1_378' title='bbox 945 1675 1012 1703; x_wconf 87' lang='lat' dir='ltr'>sup.</span> <span class='ocrx_word' id='word_1_379' title='bbox 1028 1676 1058 1693; x_wconf 82' lang='lat' dir='ltr'>v.</span> <span class='ocrx_word' id='word_1_380' title='bbox 1078 1666 1133 1694; x_wconf 79' lang='lat'>361</span> <span class='ocrx_word' id='word_1_381' title='bbox 1149 1665 1268 1693; x_wconf 74' lang='lat' dir='ltr'>Italiam</span> <span class='ocrx_word' id='word_1_382' title='bbox 1292 1676 1347 1694; x_wconf 85' lang='lat' dir='ltr'>non</span> <span class='ocrx_word' id='word_1_383' title='bbox 1362 1669 1461 1703; x_wconf 77' lang='lat' dir='ltr'>sponte</span> <span class='ocrx_word' id='word_1_384' title='bbox 1483 1675 1601 1704; x_wconf 84' lang='lat' dir='ltr'>sequor,</span> 
     </span>
     <span class='ocr_line' id='line_1_63' title="bbox 897 1703 1605 1747; baseline 0.001 -15"><span class='ocrx_word' id='word_1_385' title='bbox 897 1704 1024 1742; x_wconf 84' lang='lat' dir='ltr'>exquiro</span> <span class='ocrx_word' id='word_1_386' title='bbox 1038 1704 1212 1738; x_wconf 86' lang='lat' dir='ltr'>adeundam,</span> <span class='ocrx_word' id='word_1_387' title='bbox 1228 1705 1406 1747; x_wconf 71' lang='lat' dir='ltr'>peto.-—382</span> <span class='ocrx_word' id='word_1_388' title='bbox 1415 1703 1468 1742; x_wconf 73' lang='lat' dir='ltr'>pia</span> <span class='ocrx_word' id='word_1_389' title='bbox 1478 1703 1605 1737; x_wconf 78' lang='lat' dir='ltr'>numina.</span> 
     </span>
     <span class='ocr_line' id='line_1_64' title="bbox 897 1742 1604 1780; baseline 0.001 -10"><span class='ocrx_word' id='word_1_390' title='bbox 897 1752 913 1770; x_wconf 85' lang='lat' dir='ltr'>a</span> <span class='ocrx_word' id='word_1_391' title='bbox 928 1742 1126 1771; x_wconf 86' lang='lat' dir='ltr'>miseratione.</span> <span class='ocrx_word' id='word_1_392' title='bbox 1147 1742 1190 1771; x_wconf 87' lang='lat' dir='ltr'>H.</span> <span class='ocrx_word' id='word_1_393' title='bbox 1200 1753 1270 1780; x_wconf 73' lang='lat' dir='ltr'>plus</span> <span class='ocrx_word' id='word_1_394' title='bbox 1288 1743 1346 1771; x_wconf 89' lang='lat' dir='ltr'>diis</span> <span class='ocrx_word' id='word_1_395' title='bbox 1361 1742 1505 1771; x_wconf 87' lang='lat' dir='ltr'>tributum</span> <span class='ocrx_word' id='word_1_396' title='bbox 1521 1747 1604 1771; x_wconf 81' lang='lat' dir='ltr'>notat</span> 
     </span>
     <span class='ocr_line' id='line_1_65' title="bbox 895 1781 1606 1819; baseline 0.001 -10"><span class='ocrx_word' id='word_1_397' title='bbox 895 1786 1021 1814; x_wconf 75' lang='lat' dir='ltr'>sanctus,</span> <span class='ocrx_word' id='word_1_398' title='bbox 1042 1782 1080 1809; x_wconf 85' lang='lat' dir='ltr'>cf.</span> <span class='ocrx_word' id='word_1_399' title='bbox 1095 1781 1161 1815; x_wconf 79' lang='grc' dir='ltr'><strong>ΙΙΙ,</strong></span> <span class='ocrx_word' id='word_1_400' title='bbox 1176 1782 1225 1809; x_wconf 76' lang='grc'>75.</span> <span class='ocrx_word' id='word_1_401' title='bbox 1235 1781 1303 1819; x_wconf 80' lang='lat' dir='ltr'>pins</span> <span class='ocrx_word' id='word_1_402' title='bbox 1314 1781 1487 1809; x_wconf 71' lang='lat' dir='ltr'>Arcitenens</span> <span class='ocrx_word' id='word_1_403' title='bbox 1501 1785 1529 1809; x_wconf 82' lang='lat' dir='ltr'>et</span> <span class='ocrx_word' id='word_1_404' title='bbox 1540 1781 1606 1810; x_wconf 80' lang='lat' dir='ltr'>Cir.</span> 
     </span>
     <span class='ocr_line' id='line_1_66' title="bbox 896 1819 1604 1858; baseline 0 -10"><span class='ocrx_word' id='word_1_405' title='bbox 896 1821 963 1848; x_wconf 79' lang='lat'><strong>219.</strong></span> <span class='ocrx_word' id='word_1_406' title='bbox 975 1819 1021 1857; x_wconf 79' lang='lat' dir='ltr'>pii</span> <span class='ocrx_word' id='word_1_407' title='bbox 1033 1819 1100 1848; x_wconf 80' lang='lat' dir='ltr'>divi.</span> <span class='ocrx_word' id='word_1_408' title='bbox 1116 1820 1162 1849; x_wconf 87' lang='lat' dir='ltr'>W.</span> <span class='ocrx_word' id='word_1_409' title='bbox 1181 1819 1282 1848; x_wconf 79' lang='lat' dir='ltr'>mediis</span> <span class='ocrx_word' id='word_1_410' title='bbox 1297 1819 1420 1858; x_wconf 75' lang='lat' dir='ltr'>scopulis</span> <span class='ocrx_word' id='word_1_411' title='bbox 1434 1819 1482 1848; x_wconf 83' lang='lat' dir='ltr'>vel</span> <span class='ocrx_word' id='word_1_412' title='bbox 1497 1820 1525 1848; x_wconf 89' lang='lat' dir='ltr'>in</span> <span class='ocrx_word' id='word_1_413' title='bbox 1542 1829 1604 1848; x_wconf 84' lang='lat' dir='ltr'>me-</span> 
     </span>
     <span class='ocr_line' id='line_1_67' title="bbox 896 1857 1603 1896; baseline 0 -10"><span class='ocrx_word' id='word_1_414' title='bbox 896 1858 945 1887; x_wconf 86' lang='lat' dir='ltr'>dio</span> <span class='ocrx_word' id='word_1_415' title='bbox 961 1859 1035 1887; x_wconf 86' lang='lat' dir='ltr'>mari</span> <span class='ocrx_word' id='word_1_416' title='bbox 1049 1857 1096 1887; x_wconf 87' lang='lat' dir='ltr'>vel</span> <span class='ocrx_word' id='word_1_417' title='bbox 1112 1858 1225 1896; x_wconf 64' lang='lat' dir='ltr'>potius,</span> <span class='ocrx_word' id='word_1_418' title='bbox 1241 1859 1361 1895; x_wconf 73' lang='lat' dir='ltr'>poetica</span> <span class='ocrx_word' id='word_1_419' title='bbox 1370 1858 1497 1891; x_wconf 74' lang='lat' dir='ltr'>ratione,</span> <span class='ocrx_word' id='word_1_420' title='bbox 1512 1858 1603 1886; x_wconf 86' lang='lat' dir='ltr'>inter-</span> 
     </span>
     <span class='ocr_line' id='line_1_68' title="bbox 896 1896 1604 1935; baseline 0 -10"><span class='ocrx_word' id='word_1_421' title='bbox 896 1897 1051 1935; x_wconf 86' lang='lat' dir='ltr'>scopulos,</span> <span class='ocrx_word' id='word_1_422' title='bbox 1083 1896 1236 1934; x_wconf 77' lang='lat' dir='ltr'>naufragio</span> <span class='ocrx_word' id='word_1_423' title='bbox 1271 1897 1431 1925; x_wconf 62' lang='lat' dir='ltr'>factm—te</span> <span class='ocrx_word' id='word_1_424' title='bbox 1464 1896 1604 1934; x_wconf 61' lang='lat' dir='ltr'>supplicia</span> 
     </span>
     <span class='ocr_line' id='line_1_69' title="bbox 896 1936 1603 1973; baseline 0 -9"><span class='ocrx_word' id='word_1_425' title='bbox 896 1945 964 1965; x_wconf 83' lang='lat' dir='ltr'>esse</span> <span class='ocrx_word' id='word_1_426' title='bbox 998 1936 1185 1970; x_wconf 84' lang='lat' dir='ltr'>hausturum,</span> <span class='ocrx_word' id='word_1_427' title='bbox 1215 1945 1286 1973; x_wconf 89' lang='lat' dir='ltr'>pro:</span> <span class='ocrx_word' id='word_1_428' title='bbox 1313 1936 1451 1964; x_wconf 85' lang='lat' dir='ltr'>daturum</span> <span class='ocrx_word' id='word_1_429' title='bbox 1486 1945 1603 1973; x_wconf 82' lang='lat' dir='ltr'>poenas.</span> 
     </span>
     <span class='ocr_line' id='line_1_70' title="bbox 896 1973 1601 2012; baseline 0 -10"><span class='ocrx_word' id='word_1_430' title='bbox 896 1974 1030 2012; x_wconf 80' lang='lat' dir='ltr'>(haurire</span> <span class='ocrx_word' id='word_1_431' title='bbox 1052 1973 1177 2002; x_wconf 88' lang='lat' dir='ltr'>dicimur</span> <span class='ocrx_word' id='word_1_432' title='bbox 1203 1974 1310 2002; x_wconf 80' lang='lat' dir='ltr'>Latine</span> <span class='ocrx_word' id='word_1_433' title='bbox 1327 1983 1373 2008; x_wconf 85' lang='lat' dir='ltr'>ea,</span> <span class='ocrx_word' id='word_1_434' title='bbox 1396 1983 1463 2012; x_wconf 84' lang='lat' dir='ltr'>quae</span> <span class='ocrx_word' id='word_1_435' title='bbox 1487 1974 1601 2012; x_wconf 79' lang='lat' dir='ltr'>agendo</span> 
     </span>
     <span class='ocr_line' id='line_1_71' title="bbox 895 2012 1603 2050; baseline -0.001 -9"><span class='ocrx_word' id='word_1_436' title='bbox 895 2014 980 2042; x_wconf 82' lang='lat' dir='ltr'>nobis</span> <span class='ocrx_word' id='word_1_437' title='bbox 995 2022 1145 2050; x_wconf 86' lang='lat' dir='ltr'>paramus,</span> <span class='ocrx_word' id='word_1_438' title='bbox 1161 2012 1227 2041; x_wconf 82' lang='lat' dir='ltr'>sive</span> <span class='ocrx_word' id='word_1_439' title='bbox 1242 2014 1320 2041; x_wconf 83' lang='lat' dir='ltr'>bona</span> <span class='ocrx_word' id='word_1_440' title='bbox 1333 2016 1412 2046; x_wconf 88' lang='lat' dir='ltr'>sunt,</span> <span class='ocrx_word' id='word_1_441' title='bbox 1435 2012 1500 2040; x_wconf 88' lang='lat' dir='ltr'>sive</span> <span class='ocrx_word' id='word_1_442' title='bbox 1515 2012 1603 2041; x_wconf 88' lang='lat' dir='ltr'>mala.</span> 
     </span>
     <span class='ocr_line' id='line_1_72' title="bbox 898 2050 1601 2085; baseline -0.003 -5"><span class='ocrx_word' id='word_1_443' title='bbox 898 2052 1046 2080; x_wconf 84' lang='lat' dir='ltr'>Horatius</span> <span class='ocrx_word' id='word_1_444' title='bbox 1081 2052 1145 2079; x_wconf 85' lang='lat' dir='ltr'>Sat.</span> <span class='ocrx_word' id='word_1_445' title='bbox 1167 2051 1193 2084; x_wconf 89' lang='lat' dir='ltr'>I,</span> <span class='ocrx_word' id='word_1_446' title='bbox 1220 2052 1249 2085; x_wconf 84' lang='lat'>2,</span> <span class='ocrx_word' id='word_1_447' title='bbox 1274 2052 1323 2079; x_wconf 71' lang='lat'>78.</span> <span class='ocrx_word' id='word_1_448' title='bbox 1344 2051 1449 2079; x_wconf 81' lang='lat' dir='ltr'>malum</span> <span class='ocrx_word' id='word_1_449' title='bbox 1471 2050 1601 2079; x_wconf 79' lang='lat' dir='ltr'>laborum</span> 
     </span>
     <span class='ocr_line' id='line_1_73' title="bbox 897 2089 1601 2125; baseline -0.001 -7"><span class='ocrx_word' id='word_1_450' title='bbox 897 2090 1015 2118; x_wconf 77' lang='lat' dir='ltr'>haurire</span> <span class='ocrx_word' id='word_1_451' title='bbox 1030 2090 1119 2118; x_wconf 82' lang='lat' dir='ltr'>dixit.</span> <span class='ocrx_word' id='word_1_452' title='bbox 1133 2089 1251 2117; x_wconf 79' lang='lat' dir='ltr'>hausur.</span> <span class='ocrx_word' id='word_1_453' title='bbox 1266 2089 1359 2125; x_wconf 72' lang='lat' dir='ltr'>igitur</span> <span class='ocrx_word' id='word_1_454' title='bbox 1379 2089 1409 2117; x_wconf 91' lang='lat' dir='ltr'>h.</span> <span class='ocrx_word' id='word_1_455' title='bbox 1421 2089 1441 2116; x_wconf 84' lang='lat'>1.</span> <span class='ocrx_word' id='word_1_456' title='bbox 1454 2093 1518 2116; x_wconf 88' lang='lat' dir='ltr'>est:</span> <span class='ocrx_word' id='word_1_457' title='bbox 1539 2090 1601 2117; x_wconf 91' lang='lat' dir='ltr'>fore</span> 
     </span>
     <span class='ocr_line' id='line_1_74' title="bbox 898 2126 1604 2165; baseline 0 -9"><span class='ocrx_word' id='word_1_458' title='bbox 898 2132 931 2157; x_wconf 89' lang='lat' dir='ltr'>ut</span> <span class='ocrx_word' id='word_1_459' title='bbox 954 2129 1031 2157; x_wconf 88' lang='lat' dir='ltr'>luas.</span> <span class='ocrx_word' id='word_1_460' title='bbox 1049 2127 1214 2165; x_wconf 73' lang='lat' dir='ltr'><em>W.)—384</em></span> <span class='ocrx_word' id='word_1_461' title='bbox 1242 2126 1356 2165; x_wconf 63' lang='lat' dir='ltr'>SeiJaar</span> <span class='ocrx_word' id='word_1_462' title='bbox 1381 2127 1455 2155; x_wconf 66' lang='lat' dir='ltr'>atris</span> <span class='ocrx_word' id='word_1_463' title='bbox 1480 2127 1604 2165; x_wconf 70' lang='lat' dir='ltr'>iynibas,</span> 
     </span>
     <span class='ocr_line' id='line_1_75' title="bbox 898 2166 1603 2204; baseline 0 -9"><span class='ocrx_word' id='word_1_464' title='bbox 898 2167 992 2195; x_wconf 86' lang='lat' dir='ltr'>multa</span> <span class='ocrx_word' id='word_1_465' title='bbox 1016 2169 1191 2204; x_wconf 81' lang='lat' dir='ltr'>argutantur</span> <span class='ocrx_word' id='word_1_466' title='bbox 1218 2167 1330 2203; x_wconf 86' lang='lat' dir='ltr'>passim</span> <span class='ocrx_word' id='word_1_467' title='bbox 1353 2166 1543 2202; x_wconf 84' lang='lat' dir='ltr'>interpretes.</span> <span class='ocrx_word' id='word_1_468' title='bbox 1562 2167 1603 2196; x_wconf 82' lang='lat' dir='ltr'>cs.</span> 
     </span>
     <span class='ocr_line' id='line_1_76' title="bbox 897 2204 1602 2242; baseline -0.004 -7"><span class='ocrx_word' id='word_1_469' title='bbox 897 2206 983 2235; x_wconf 84' lang='lat' dir='ltr'>Serv.</span> <span class='ocrx_word' id='word_1_470' title='bbox 1006 2205 1065 2233; x_wconf 81' lang='lat' dir='ltr'>atri</span> <span class='ocrx_word' id='word_1_471' title='bbox 1086 2205 1165 2242; x_wconf 69' lang='lat' dir='ltr'>iyues</span> <span class='ocrx_word' id='word_1_472' title='bbox 1188 2204 1336 2232; x_wconf 88' lang='lat' dir='ltr'>nonnullis</span> <span class='ocrx_word' id='word_1_473' title='bbox 1359 2204 1542 2233; x_wconf 88' lang='lat' dir='ltr'>videbuntur</span> <span class='ocrx_word' id='word_1_474' title='bbox 1565 2205 1602 2233; x_wconf 86' lang='lat' dir='ltr'>ad</span> 
     </span>
     <span class='ocr_line' id='line_1_77' title="bbox 896 2242 1602 2283; baseline -0.001 -10"><span class='ocrx_word' id='word_1_475' title='bbox 896 2254 1000 2283; x_wconf 82' lang='lat' dir='ltr'>rogum</span> <span class='ocrx_word' id='word_1_476' title='bbox 1014 2247 1165 2282; x_wconf 83' lang='lat' dir='ltr'>spectare,</span> <span class='ocrx_word' id='word_1_477' title='bbox 1186 2246 1219 2271; x_wconf 92' lang='lat' dir='ltr'>ut</span> <span class='ocrx_word' id='word_1_478' title='bbox 1234 2252 1340 2271; x_wconf 85' lang='lat' dir='ltr'>sensus</span> <span class='ocrx_word' id='word_1_479' title='bbox 1358 2242 1414 2271; x_wconf 87' lang='lat' dir='ltr'>sit:</span> <span class='ocrx_word' id='word_1_480' title='bbox 1436 2252 1602 2282; x_wconf 85' lang='lat' dir='ltr'>persequar</span> 
     </span>
     <span class='ocr_line' id='line_1_78' title="bbox 896 2281 1598 2312; baseline -0.001 0"><span class='ocrx_word' id='word_1_481' title='bbox 896 2288 927 2312; x_wconf 86' lang='lat' dir='ltr'>te</span> <span class='ocrx_word' id='word_1_482' title='bbox 942 2283 1037 2311; x_wconf 88' lang='lat' dir='ltr'>mo&#39;rte</span> <span class='ocrx_word' id='word_1_483' title='bbox 1059 2281 1130 2311; x_wconf 84' lang='lat' dir='ltr'>inihi</span> <span class='ocrx_word' id='word_1_484' title='bbox 1156 2281 1247 2310; x_wconf 80' lang='lat' dir='ltr'>illata.</span> <span class='ocrx_word' id='word_1_485' title='bbox 1288 2281 1421 2310; x_wconf 77' lang='lat' dir='ltr'>Praestat</span> <span class='ocrx_word' id='word_1_486' title='bbox 1440 2281 1598 2311; x_wconf 83' lang='lat' dir='ltr'>Furiarum</span> 
     </span>
     <span class='ocr_line' id='line_1_79' title="bbox 898 2320 1602 2351; baseline -0.003 0"><span class='ocrx_word' id='word_1_487' title='bbox 898 2324 978 2351; x_wconf 82' lang='lat' dir='ltr'>faces</span> <span class='ocrx_word' id='word_1_488' title='bbox 990 2322 1047 2350; x_wconf 88' lang='lat' dir='ltr'>huc</span> <span class='ocrx_word' id='word_1_489' title='bbox 1061 2330 1175 2349; x_wconf 86' lang='lat' dir='ltr'>vocare.</span> <span class='ocrx_word' id='word_1_490' title='bbox 1186 2321 1340 2349; x_wconf 78' lang='lat'>385—387</span> <span class='ocrx_word' id='word_1_491' title='bbox 1355 2320 1451 2349; x_wconf 85' lang='lat' dir='ltr'>anima</span> <span class='ocrx_word' id='word_1_492' title='bbox 1458 2321 1602 2350; x_wconf 77' lang='lat' dir='ltr'>seduxerit</span> 
     </span>
     <span class='ocr_line' id='line_1_80' title="bbox 895 2358 1599 2398; baseline -0.001 -9"><span class='ocrx_word' id='word_1_493' title='bbox 895 2365 989 2394; x_wconf 80' lang='lat' dir='ltr'>artus,</span> <span class='ocrx_word' id='word_1_494' title='bbox 1002 2360 1166 2398; x_wconf 79' lang='lat' dir='ltr'>exquisite,</span> <span class='ocrx_word' id='word_1_495' title='bbox 1179 2358 1352 2396; x_wconf 78' lang='lat' dir='ltr'>sejunxerit.</span> <span class='ocrx_word' id='word_1_496' title='bbox 1392 2358 1451 2388; x_wconf 92' lang='lat' dir='ltr'>Vul</span> <span class='ocrx_word' id='word_1_497' title='bbox 1476 2370 1526 2389; x_wconf 90' lang='lat' dir='ltr'>are</span> <span class='ocrx_word' id='word_1_498' title='bbox 1536 2363 1599 2388; x_wconf 87' lang='lat' dir='ltr'>est:</span> 
     </span>
     <span class='ocr_line' id='line_1_81' title="bbox 897 2397 1602 2428; baseline -0.001 -1"><span class='ocrx_word' id='word_1_499' title='bbox 897 2400 1022 2428; x_wconf 84' lang='lat' dir='ltr'>animam</span> <span class='ocrx_word' id='word_1_500' title='bbox 1056 2400 1092 2427; x_wconf 88' lang='lat' dir='ltr'>ab</span> <span class='ocrx_word' id='word_1_501' title='bbox 1127 2397 1448 2427; x_wconf 76' lang='lat' dir='ltr'>artubus.—-Anima—</span> <span class='ocrx_word' id='word_1_502' title='bbox 1483 2398 1602 2427; x_wconf 80' lang='lat' dir='ltr'>mbra—</span> 
     </span>
     <span class='ocr_line' id='line_1_82' title="bbox 897 2435 1601 2471; baseline -0.004 -4"><span class='ocrx_word' id='word_1_503' title='bbox 897 2438 1013 2471; x_wconf 75' lang='lat' dir='ltr'>Manes,</span> <span class='ocrx_word' id='word_1_504' title='bbox 1035 2437 1073 2465; x_wconf 88' lang='lat' dir='ltr'>cf.</span> <span class='ocrx_word' id='word_1_505' title='bbox 1095 2437 1188 2465; x_wconf 86' lang='lat' dir='ltr'>Obss.</span> <span class='ocrx_word' id='word_1_506' title='bbox 1216 2436 1253 2464; x_wconf 85' lang='lat' dir='ltr'>ad</span> <span class='ocrx_word' id='word_1_507' title='bbox 1277 2435 1388 2465; x_wconf 87' lang='lat' dir='ltr'>Tibull.</span> <span class='ocrx_word' id='word_1_508' title='bbox 1411 2437 1475 2469; x_wconf 82' lang='lat' dir='ltr'>Ill.</span> <span class='ocrx_word' id='word_1_509' title='bbox 1501 2438 1530 2471; x_wconf 80' lang='lat'>2,</span> <span class='ocrx_word' id='word_1_510' title='bbox 1553 2439 1601 2466; x_wconf 87' lang='grc'>15.</span> 
     </span>
     <span class='ocr_line' id='line_1_83' title="bbox 898 2475 1601 2513; baseline -0.003 -7"><span class='ocrx_word' id='word_1_511' title='bbox 898 2477 942 2506; x_wconf 88' lang='grc' dir='ltr'>Η.</span> <span class='ocrx_word' id='word_1_512' title='bbox 956 2476 1062 2505; x_wconf 76' lang='lat' dir='ltr'>Manes</span> <span class='ocrx_word' id='word_1_513' title='bbox 1076 2476 1112 2504; x_wconf 89' lang='lat' dir='ltr'>de</span> <span class='ocrx_word' id='word_1_514' title='bbox 1126 2475 1203 2508; x_wconf 83' lang='lat' dir='ltr'>loco,</span> <span class='ocrx_word' id='word_1_515' title='bbox 1219 2484 1277 2513; x_wconf 88' lang='lat' dir='ltr'>quo</span> <span class='ocrx_word' id='word_1_516' title='bbox 1291 2475 1394 2504; x_wconf 83' lang='lat' dir='ltr'>animae</span> <span class='ocrx_word' id='word_1_517' title='bbox 1402 2476 1601 2504; x_wconf 85' lang='lat' dir='ltr'>continentur.</span> 
     </span>
     <span class='ocr_line' id='line_1_84' title="bbox 899 2513 1601 2551; baseline -0.003 -7"><span class='ocrx_word' id='word_1_518' title='bbox 899 2516 977 2544; x_wconf 79' lang='lat' dir='ltr'>Nam</span> <span class='ocrx_word' id='word_1_519' title='bbox 992 2514 1086 2542; x_wconf 74' lang='lat' dir='ltr'>venire</span> <span class='ocrx_word' id='word_1_520' title='bbox 1099 2513 1150 2542; x_wconf 78' lang='lat' dir='ltr'>sub</span> <span class='ocrx_word' id='word_1_521' title='bbox 1162 2513 1271 2542; x_wconf 79' lang='lat' dir='ltr'>animas</span> <span class='ocrx_word' id='word_1_522' title='bbox 1284 2513 1329 2543; x_wconf 87' lang='lat' dir='ltr'>vel</span> <span class='ocrx_word' id='word_1_523' title='bbox 1339 2513 1392 2542; x_wconf 72' lang='lat' dir='ltr'>sub</span> <span class='ocrx_word' id='word_1_524' title='bbox 1407 2514 1534 2543; x_wconf 77' lang='lat' dir='ltr'>hanzines</span> <span class='ocrx_word' id='word_1_525' title='bbox 1546 2524 1601 2551; x_wconf 85' lang='lat' dir='ltr'>pro</span> 
     </span>
    </p>
   </div>
   <div class='ocr_carea' id='block_1_18' title="bbox 900 2552 1602 2628">
    <p class='ocr_par' dir='ltr' id='par_1_21' title="bbox 900 2552 1602 2628">
     <span class='ocr_line' id='line_1_85' title="bbox 900 2552 1599 2586; baseline -0.001 -4"><span class='ocrx_word' id='word_1_526' title='bbox 900 2553 1000 2582; x_wconf 80' lang='lat' dir='ltr'>venire</span> <span class='ocrx_word' id='word_1_527' title='bbox 1029 2553 1058 2581; x_wconf 89' lang='lat' dir='ltr'>in</span> <span class='ocrx_word' id='word_1_528' title='bbox 1081 2553 1191 2585; x_wconf 88' lang='lat' dir='ltr'>locum,</span> <span class='ocrx_word' id='word_1_529' title='bbox 1213 2552 1264 2581; x_wconf 91' lang='lat' dir='ltr'>ubi</span> <span class='ocrx_word' id='word_1_530' title='bbox 1289 2552 1335 2581; x_wconf 89' lang='lat' dir='ltr'>illi</span> <span class='ocrx_word' id='word_1_531' title='bbox 1360 2557 1439 2586; x_wconf 88' lang='lat' dir='ltr'>sunt,</span> <span class='ocrx_word' id='word_1_532' title='bbox 1461 2553 1599 2581; x_wconf 85' lang='lat' dir='ltr'>Latinum</span> 
     </span>
     <span class='ocr_line' id='line_1_86' title="bbox 900 2590 1602 2628; baseline -0.004 -7"><span class='ocrx_word' id='word_1_533' title='bbox 900 2602 958 2621; x_wconf 87' lang='lat' dir='ltr'>non</span> <span class='ocrx_word' id='word_1_534' title='bbox 973 2595 1029 2621; x_wconf 86' lang='lat' dir='ltr'>est.</span> <span class='ocrx_word' id='word_1_535' title='bbox 1039 2591 1087 2620; x_wconf 88' lang='lat' dir='ltr'>Cf.</span> <span class='ocrx_word' id='word_1_536' title='bbox 1101 2590 1169 2620; x_wconf 88' lang='lat' dir='ltr'>AEn.</span> <span class='ocrx_word' id='word_1_537' title='bbox 1180 2590 1245 2625; x_wconf 92' lang='lat' dir='ltr'>XI,</span> <span class='ocrx_word' id='word_1_538' title='bbox 1258 2591 1324 2620; x_wconf 84' lang='lat'>181.</span> <span class='ocrx_word' id='word_1_539' title='bbox 1337 2595 1408 2620; x_wconf 82' lang='lat' dir='ltr'>nato</span> <span class='ocrx_word' id='word_1_540' title='bbox 1417 2591 1523 2620; x_wconf 80' lang='lat' dir='ltr'>Manes</span> <span class='ocrx_word' id='word_1_541' title='bbox 1531 2600 1602 2628; x_wconf 84' lang='lat' dir='ltr'>per-</span> 
     </span>
    </p>
   </div>
   <div class='ocr_carea' id='block_1_19' title="bbox 154 2628 1600 2708">
    <p class='ocr_par' dir='ltr' id='par_1_22' title="bbox 154 2628 1600 2708">
     <span class='ocr_line' id='line_1_87' title="bbox 154 2628 1600 2669; baseline -0.001 -12"><span class='ocrx_word' id='word_1_542' title='bbox 154 2628 181 2661; x_wconf 70' lang='grc' dir='ltr'>Ι,</span> <span class='ocrx_word' id='word_1_543' title='bbox 197 2630 264 2658; x_wconf 83' lang='grc'><strong>571.</strong></span> <span class='ocrx_word' id='word_1_544' title='bbox 278 2631 344 2669; x_wconf 83' lang='lat' dir='ltr'>sq.)</span> <span class='ocrx_word' id='word_1_545' title='bbox 360 2642 398 2661; x_wconf 78' lang='lat' dir='ltr'>ex</span> <span class='ocrx_word' id='word_1_546' title='bbox 412 2631 514 2661; x_wconf 77' lang='lat' dir='ltr'>reduxi</span> <span class='ocrx_word' id='word_1_547' title='bbox 527 2632 749 2661; x_wconf 85' lang='lat' dir='ltr'>assumendum.</span> <span class='ocrx_word' id='word_1_548' title='bbox 766 2633 806 2661; x_wconf 83' lang='lat' dir='ltr'>cf.</span> <span class='ocrx_word' id='word_1_549' title='bbox 819 2633 856 2661; x_wconf 81' lang='lat' dir='ltr'>de</span> <span class='ocrx_word' id='word_1_550' title='bbox 890 2633 975 2669; x_wconf 78' lang='lat' dir='ltr'>ferre</span> <span class='ocrx_word' id='word_1_551' title='bbox 1003 2629 1172 2668; x_wconf 87' lang='lat' dir='ltr'>(nuntium)</span> <span class='ocrx_word' id='word_1_552' title='bbox 1192 2630 1244 2659; x_wconf 78' lang='lat' dir='ltr'>sub</span> <span class='ocrx_word' id='word_1_553' title='bbox 1266 2629 1346 2658; x_wconf 82' lang='lat' dir='ltr'>imos.</span> <span class='ocrx_word' id='word_1_554' title='bbox 1385 2630 1435 2659; x_wconf 82' lang='lat' dir='ltr'>Ad</span> <span class='ocrx_word' id='word_1_555' title='bbox 1447 2633 1600 2658; x_wconf 82' lang='lat' dir='ltr'>construc-</span> 
     </span>
     <span class='ocr_line' id='line_1_88' title="bbox 154 2667 1597 2708; baseline 0.001 -15"><span class='ocrx_word' id='word_1_556' title='bbox 154 2676 186 2694; x_wconf 70' lang='grc' dir='ltr'>τε</span> <span class='ocrx_word' id='word_1_557' title='bbox 203 2667 230 2700; x_wconf 88' lang='lat' dir='ltr'>I,</span> <span class='ocrx_word' id='word_1_558' title='bbox 251 2670 428 2699; x_wconf 75' lang='lat'>525.-378.</span> <span class='ocrx_word' id='word_1_559' title='bbox 444 2672 502 2699; x_wconf 69' lang='lat'>375)</span> <span class='ocrx_word' id='word_1_560' title='bbox 515 2670 735 2708; x_wconf 63' lang='lat' dir='ltr'>horridajussa,</span> <span class='ocrx_word' id='word_1_561' title='bbox 748 2671 856 2708; x_wconf 87' lang='lat' dir='ltr'>quibus</span> <span class='ocrx_word' id='word_1_562' title='bbox 898 2670 1007 2698; x_wconf 79' lang='lat' dir='ltr'>tionem</span> <span class='ocrx_word' id='word_1_563' title='bbox 1022 2678 1159 2707; x_wconf 77' lang='lat' dir='ltr'>compara</span> <span class='ocrx_word' id='word_1_564' title='bbox 1169 2669 1226 2698; x_wconf 73' lang='lat'>243</span> <span class='ocrx_word' id='word_1_565' title='bbox 1239 2679 1245 2696; x_wconf 70' lang='grc' dir='ltr'>ι</span> <span class='ocrx_word' id='word_1_566' title='bbox 1266 2668 1317 2697; x_wconf 73' lang='lat' dir='ltr'>sub</span> <span class='ocrx_word' id='word_1_567' title='bbox 1332 2669 1457 2698; x_wconf 77' lang='lat' dir='ltr'>Tartara</span> <span class='ocrx_word' id='word_1_568' title='bbox 1476 2667 1597 2695; x_wconf 70' lang='lat' dir='ltr'>mittere.</span> 
     </span>
    </p>
   </div>
   <div class='ocr_carea' id='block_1_20' title="bbox 152 2708 853 2749">
    <p class='ocr_par' dir='ltr' id='par_1_23' title="bbox 152 2708 853 2749">
     <span class='ocr_line' id='line_1_89' title="bbox 152 2708 853 2749; baseline 0.003 -14"><span class='ocrx_word' id='word_1_569' title='bbox 152 2714 209 2734; x_wconf 75' lang='lat' dir='ltr'>non</span> <span class='ocrx_word' id='word_1_570' title='bbox 224 2716 327 2745; x_wconf 83' lang='lat' dir='ltr'>parere</span> <span class='ocrx_word' id='word_1_571' title='bbox 341 2708 449 2747; x_wconf 85' lang='lat' dir='ltr'>aliquis</span> <span class='ocrx_word' id='word_1_572' title='bbox 462 2710 594 2745; x_wconf 83' lang='lat' dir='ltr'>horreat,</span> <span class='ocrx_word' id='word_1_573' title='bbox 606 2709 761 2739; x_wconf 78' lang='lat' dir='ltr'>terribilia.</span> <span class='ocrx_word' id='word_1_574' title='bbox 777 2710 853 2749; x_wconf 78' lang='lat' dir='ltr'>quie-</span> 
     </span>
    </p>
   </div>
   <div class='ocr_carea' id='block_1_21' title="bbox 898 2705 1599 2743">
    <p class='ocr_par' dir='ltr' id='par_1_24' title="bbox 898 2705 1599 2743">
     <span class='ocr_line' id='line_1_90' title="bbox 898 2705 1599 2743; baseline -0.006 -5"><span class='ocrx_word' id='word_1_575' title='bbox 898 2708 1004 2741; x_wconf 73' lang='lat' dir='ltr'>AEscll.</span> <span class='ocrx_word' id='word_1_576' title='bbox 1020 2707 1109 2737; x_wconf 81' lang='lat' dir='ltr'>Pors·</span> <span class='ocrx_word' id='word_1_577' title='bbox 1122 2708 1191 2737; x_wconf 76' lang='grc'><strong>623.</strong></span> <span class='ocrx_word' id='word_1_578' title='bbox 1210 2710 1350 2743; x_wconf 74' lang='grc' dir='ltr'>θαλάμους</span> <span class='ocrx_word' id='word_1_579' title='bbox 1370 2710 1422 2735; x_wconf 63' lang='grc' dir='ltr'>ὑπὸ</span> <span class='ocrx_word' id='word_1_580' title='bbox 1443 2705 1599 2741; x_wconf 54' lang='lat' dir='ltr'>qfi‹.—-l?rt¹c</span> 
     </span>
    </p>
   </div>
  </div>
 </body>
</html>
