1796 3077
169 277 262 323 514
584 272 627 310 Ρ.
658 271 891 309 VIRGILII
922 270 1174 310 MARONIS

171 393 367 432 Pandarus
403 402 442 431 et
479 392 596 430 Bitias
634 405 807 430 successu
847 392 933 429 elati
970 400 1118 442 portam
1158 391 1369 437 recludunt,
1411 392 1616 442 hostesque

172 448 375 485 subeuntes
394 446 535 495 ingenti
563 446 666 482 caede
685 445 1047 495 propellunt—690.
1105 443 1200 493 Ejus
1228 445 1281 481 rei
1310 446 1441 483 nuntio
1461 455 1615 495 accepto

173 500 326 537 Turnus
354 513 419 549 per
444 507 592 548 portam
622 508 813 548 patentem
842 499 879 535 in
908 498 1102 548 oppidum,
1132 510 1199 534 seu
1231 506 1361 543 castra,
1394 499 1618 548 irrumpit-

175 556 276 596 7333
325 551 588 602 Trojanosque
624 552 661 588 in
698 551 827 601 fugam
864 551 1205 589 convertit—777:
1253 551 1415 596 tandem,
1453 552 1619 588 hostium

172 605 412 642 multitudine
442 604 731 649 circumventus,
760 604 955 655 paullatim
984 604 1083 640 cedit
1112 603 1161 640 ad
1189 616 1270 639 eam
1301 605 1429 654 oppidi
1460 614 1619 654 partein,

174 672 260 707 quae
293 659 409 695 fluvio
441 657 749 696 alluitur—789:
791 666 840 701 et,
873 665 916 693 ut
947 666 1026 694 erat
1059 664 1236 700 annatim,
1271 656 1424 694 flumine
1455 657 1619 695 secundo

174 711 321 749 delatus
340 710 505 749 escendit
524 711 630 748 littus
650 719 687 748 et
705 710 903 748 incolumis
922 711 970 747 ad
991 723 1078 747 suos
1098 709 1310 747 revertitur.

168 874 315 930 Atque
335 890 385 918 ea
406 877 570 918 diversa
589 878 756 931 penitus
778 878 879 917 dum
898 882 1019 931 parte
1040 882 1267 931 geruntur:

173 932 273 974 Irim
294 933 347 974 de
368 933 476 975 coelo
494 934 605 975 misit
626 935 823 975 Saturnia
842 934 958 974 Juno

173 989 394 1031 Audacem
415 991 469 1031 ad
490 990 697 1031 Turnum.
758 990 878 1031 Luco
898 998 986 1031 tum
1006 989 1116 1030 sorte
1137 989 1324 1043 parentis

178 1046 361 1087 Pilumni
381 1046 554 1087 Turnus
576 1054 737 1087 sacrata
757 1047 861 1087 valle
883 1048 1071 1087 sedebat.

174 1102 247 1143 Ad
268 1118 391 1158 quem
414 1104 471 1144 sic
492 1118 613 1144 roseo
635 1103 942 1144 Thaumantias
962 1118 1034 1143 ore
1054 1102 1195 1144 locuta
1215 1110 1303 1142 est:

176 1159 337 1208 Turne,
358 1161 474 1214 quod
495 1161 657 1214 optanti
677 1161 817 1200 divum
837 1160 1080 1214 promittere
1102 1174 1223 1200 nemo

178 1216 386 1266 Auderet,
407 1216 611 1257 volvenda
631 1217 733 1265 dies,
757 1231 821 1263 en,
841 1216 978 1256 attulit
999 1215 1122 1255 ultro.

179 1272 358 1321 AEneas,
378 1274 498 1321 urbe,
520 1280 562 1313 et
582 1273 716 1321 sociis,
738 1280 780 1312 et
800 1272 930 1313 classe
951 1271 1108 1320 relicta,

180 1330 359 1384 Sceptra
380 1329 562 1369 Palatini
582 1329 810 1382 sedemque
830 1329 951 1382 petiit
973 1328 1178 1368 Evandri.

179 1385 276 1426 Nec
298 1386 396 1426 satis
414 1401 423 1425 z
456 1392 664 1426 extremas
686 1385 862 1437 Corythi
881 1385 1116 1438 penetravit
1136 1384 1189 1424 ad
1210 1386 1360 1433 urbes;

182 1442 483 1495 Lydorumque
505 1455 684 1481 manum.
708 1440 903 1481 collectos
925 1447 1058 1480 armat
1079 1448 1280 1495 agrestes

182 1499 299 1545 Quid
320 1498 517 1538 dubitas?
549 1512 658 1538 nunc
680 1505 843 1551 tempus
864 1512 1008 1550 equos,
1029 1511 1139 1537 nunc
1159 1512 1333 1551 poscere
1354 1511 1514 1538 currus.

182 1554 354 1608 Rumpe
375 1569 512 1595 moras
533 1569 689 1603 omneS,
712 1562 754 1595 et
775 1555 944 1594 turbata
964 1554 1101 1608 arripe
1122 1561 1273 1594 castra.

183 1611 319 1661 Dixit,
340 1619 383 1652 et
403 1612 444 1652 in
461 1610 612 1652 coelum
632 1612 804 1666 paribus
829 1626 872 1651 se
894 1610 1060 1651 sustulit
1079 1610 1177 1659 alis;

181 1668 484 1722 lugentemque
506 1668 606 1722 fuga
626 1668 758 1708 secuit
779 1669 856 1708 sub
878 1667 1061 1708 nubibus
1081 1681 1237 1707 arcum.

182 1725 373 1779 Agnovit
387 1724 566 1779 juvenis,
587 1724 861 1778 duplicesque
881 1724 935 1765 ad
956 1724 1096 1764 sidera
1114 1723 1272 1778 palmas

184 1781 375 1830 Sustulit,
396 1788 438 1821 et
459 1780 529 1821 tali
549 1781 778 1835 fugientem
799 1789 863 1822 est
884 1795 985 1822 voce
1005 1789 1197 1822 secutus:

182 1837 256 1887 Iri,
277 1838 406 1880 decus
432 1837 537 1886 coeli,
559 1839 652 1892 quis
672 1845 713 1879 te
734 1838 833 1878 mihi
854 1838 1036 1879 nubibus
1058 1844 1193 1879 actam

1599 1102 1624 1141 (π

1576 1384 1627 1424 10

224 1992 313 2028 Quod
340 1992 406 2029 ipsa
432 2001 482 2019 res
508 1995 539 2020 et
593 1991 731 2020 rudenlia
764 1992 887 2021 suadere
926 1992 990 2020 (lam
1019 1992 1125 2022 eodem
1150 1992 1238 2021 modo
1263 1992 1411 2020 dixin—9
1430 1991 1553 2029 Sceptra
1580 2001 1634 2020 ex-

184 2031 301 2063 debuit,
316 2034 347 2058 ut
360 2040 414 2066 per
428 2029 533 2059 AEneae
555 2040 569 2058 a
582 2031 717 2059 isentiam
739 2030 836 2059 Latini
858 2034 888 2059 et
930 2031 1071 2067 quisitius
1083 2041 1170 2069 quam
1184 2041 1291 2068 regna:
1316 2035 1474 2067 utrumque
1487 2040 1540 2067 pro
1553 2031 1635 2067 regia

184 2069 292 2097 Rutuli
309 2072 520 2112 *oppugnarent
542 2069 652 2097 vallum
679 2070 887 2106 Trojanorum,
928 2070 1072 2097 Evandri.
1114 2069 1236 2106 Corythi
1248 2069 1287 2097 ad
1299 2069 1396 2103 urbes,
1416 2069 1451 2096 ad
1468 2068 1631 2102 Etruriam,

184 2108 252 2141 hoc,
269 2117 354 2145 epico
365 2117 458 2140 more,
472 2107 538 2136 deae
551 2107 643 2136 Iridis
659 2118 675 2135 a
687 2108 800 2137 Junone
814 2109 887 2136 mis-

185 2156 227 2175 εει).
240 2147 352 2175 monito
367 2146 524 2174 tribuitur:
553 2146 679 2174 Homeri
700 2146 839 2184 exemplo
858 2156 889 2175 v.

185 2195 211 2213 c.
233 2185 273 2214 ll.
296 2198 324 2219 σ,
355 2185 412 2213 166
432 2188 492 2213 etc.
540 2185 588 2213 Ad
612 2186 710 2222 poetae
732 2185 888 2214 artificium

184 2223 408 2260 agnoscendum
434 2222 530 2251 Servii
555 2227 623 2252 nota
653 2224 743 2252 facit:
779 2223 816 2251 In
838 2224 889 2252 lzoc

183 2262 256 2290 libro
276 2261 395 2290 mutatio
416 2266 459 2289 est
481 2262 605 2289 omnium
627 2271 742 2297 rerum,·
773 2273 838 2290 nam
862 2266 890 2290 et

185 2300 251 2329 alia>
262 2310 395 2338 personae
413 2304 441 2328 et
461 2299 522 2328 loca
543 2300 601 2328 alia
615 2305 692 2334 sunt,
707 2305 735 2329 el
749 2300 827 2329 aliud
840 2310 888 2328 ne-

184 2339 292 2376 yotinm
315 2338 462 2377 incipitur.
502 2338 551 2367 Ab
566 2338 670 2367 AEnea
689 2339 764 2367 enim
786 2339 889 2367 transit

186 2378 224 2405 «ul
243 2377 382 2409 Turnum,
403 2387 421 2404 a
444 2377 548 2405 Tuscia
561 2377 598 2405 ad
610 2377 739 2406 Ardeam
746 2387 757 2413 ,·
778 2388 796 2405 (ι
811 2377 889 2416 peti-

184 2415 260 2444 tione
275 2416 445 2444 auxiliorum
458 2416 496 2444 ml
509 2416 619 2445 bellum.

230 2455 303 2481 1—3
320 2454 456 2482 Parentis
475 2453 614 2487 Pilumni,
637 2454 666 2482 h.
687 2454 773 2483 abavi
794 2464 824 2483 v.
847 2453 891 2489 X,

189 2493 257 2520 619.
268 2492 395 2520 sedebat:
413 2493 513 2530 Asper
525 2497 588 2521 erat
602 2492 814 2530 interpretatus
827 2497 888 2521 est:

188 2531 247 2559 alia
266 2535 420 2566 argutatur
439 2531 580 2566 Servius;
606 2532 657 2560 sed
683 2535 799 2569 spectat
820 2531 890 2559 sim-

926 2117 1014 2145 quain
1030 2107 1167 2145 designat
1188 2118 1203 2136 a
1217 2107 1361 2144 Corytho,
1382 2107 1537 2135 conditore
1557 2107 1633 2135 Cor-

929 2150 1015 2174 tonae.
1042 2147 1155 2183 Supra:
1182 2146 1339 2184 Corythum
1357 2151 1505 2184 terrasque
1520 2145 1635 2184 require

927 2184 1086 2218 Ausonias,
1102 2184 1156 2212 lib.
1171 2184 1237 2217 Ill,
1262 2186 1328 2213 ΠΟ.
1349 2184 1495 2223 Lydorum
1517 2194 1633 2212 manum

929 2223 1075 2251 Etruscos
1105 2223 1184 2251 dixit
1209 2223 1245 2251 ad
1273 2223 1424 2261 vulgarem
1452 2222 1632 2260 opinionem,

929 2271 987 2299 qua
1011 2262 1032 2290 ii
1060 2272 1076 2290 a
1103 2262 1208 2300 Lydis,
1235 2262 1403 2299 Tyrrheno,
1430 2262 1528 2299 Atyos
1562 2261 1633 2295 filio,

929 2304 1050 2328 auctore
1063 2301 1283 2337 repetebantur.
1305 2300 1344 2329 cs.
1358 2300 1454 2334 VIH,
1475 2301 1544 2328 479.
1564 2300 1634 2328 480.

928 2339 1005 2367 -13
1020 2339 1135 2367 turbata
1156 2339 1254 2376 arripe
1273 2343 1379 2372 castra,
1396 2338 1526 2367 tumultu
1540 2337 1634 2371 illato,

929 2386 982 2443 {ver
994 2377 1092 2415 ipsum
1109 2387 1274 2411 accessum,
1289 2378 1406 2412 invade,
1421 2386 1551 2414 occupa:
1576 2376 1633 2403 sci—

942 2415 1000 2444 icet
1017 2421 1046 2444 ut
1060 2426 1161 2454 rapere
1175 2416 1274 2454 poetis
1286 2423 1332 2444 est
1345 2426 1400 2454 pro
1412 2424 1521 2453 capere.
1542 2413 1633 2442 Dixit

932 2458 1028 2483 autem
1057 2459 1153 2483 castra
1181 2456 1388 2492 Trojanorum,
1414 2464 1442 2481 v.
1470 2454 1500 2480 8.
1524 2453 1633 2485 urbem,

930 2492 1000 2521 alibi
1016 2503 1273 2532 ²11111<os,‹199erem.
1313 2493 1388 2521 Nam
1410 2492 1520 2520 AEneas
1538 2491 1566 2518 in
1584 2490 1634 2518 lit·
1667 2508 1673 2514 -

930 2535 1005 2566 tore,
1023 2532 1072 2560 ubi
1089 2533 1275 2565 escenderat,
1297 2532 1411 2562 urbem,
1434 2539 1533 2557 novam
1557 2528 1632 2557 Tro-

187 2568 308 2607 pliciter
330 2569 366 2596 ad
391 2568 580 2598 solitudinem
593 2574 624 2597 et
639 2570 738 2601 etiam.
753 2570 800 2598 cui
821 2580 889 2598 con·
918 2570 994 2606 jam,
1009 2570 1194 2604 condiderat,
1209 2580 1296 2608 quam
1307 2569 1458 2601 VII,157.
1470 2572 1631 2596 castrorum

187 2607 271 2635 venit
292 2606 407 2634 sedere·
448 2608 561 2636 Lucum
583 2612 681 2636 autem
706 2608 836 2637 Pilumni
860 2609 889 2636 in
928 2608 956 2636 in
973 2609 1188 2647 morempimtis
1202 2613 1287 2646 atque
1297 2617 1399 2645 (ις-σενι)
1413 2606 1511 2634 cinxit.
1545 2606 1589 2635 Ea
1602 2606 1631 2634 in

188 2656 223 2674 ea
238 2644 355 2682 regione
374 2644 468 2673 fuisse
489 2646 590 2683 quidni
612 2647 890 2676 216111ittamus?—7.

187 2683 323 2712 volvenda
344 2682 414 2714 dies,
436 2694 502 2720 quw
522 2684 664 2713 volvitur.
682 2696 710 2713 v.
726 2686 762 2714 ad
779 2686 806 2719 I,
821 2687 889 2714 269.

188 2722 356 2754 Lueretius,
371 2721 466 2749 sidera
486 2723 630 2756 rolvwda,
645 2728 757 2753 (etalem
781 2724 888 2753 wolven—

931 2652 1066 2676 extremo
1088 2648 1147 2676 fere
1167 2648 1266 2676 littore
1280 2647 1423 2679 lia-rebat,
1446 2645 1580 2681 subjecta
1602 2644 1630 2672 in

931 2687 1068 2723 proximo
1088 2686 1154 2715 loco
1176 2686 1283 2714 classe.
1306 2694 1333 2712 v.
1359 2683 1421 2716 IX,
1442 2685 1489 2712 (38.
1504 2684 1631 2713 (59:—15

930 2725 1016 2753 secuit
1041 2735 1138 2753 arcum
1166 2733 1237 2762 pro:
1280 2723 1400 2751 incessit
1431 2732 1485 2760 per
1516 2732 1629 2750 arcum.
