1796 3077
209 272 304 318 218

624 267 666 303 P.
699 263 929 302 VIRGILII
960 263 1208 301 MARONIS

276 387 446 429 Defessi
467 385 688 433 AEneadae,
709 398 804 437 quae
824 384 1026 437 proxima,
1046 381 1169 424 litora
1190 398 1316 424 cursu

219 444 490 486 Contendunt
509 449 666 497 petere,
688 448 730 481 et
752 440 901 494 Libyae
921 446 1141 480 vertuntur
1160 440 1214 480 ad
1234 455 1342 482 cras

219 501 299 542 Est
318 502 359 541 in
380 515 545 541 secessu
563 498 688 552 longo
710 497 845 546 locus3
877 496 1011 537 insula
1030 504 1198 551 portum

220 557 362 598 Efficit
383 557 551 610 objectu
569 554 758 602 laterum,
779 554 930 607 quibus
952 553 1082 594 omnis
1103 553 1156 594 ab
1178 552 1262 594 alto

1577 553 1656 594 160

216 613 442 667 Frangitur
461 613 587 666 inque
609 611 721 651 sinus
743 610 894 651 scindit
916 625 1007 651 sese
1028 611 1143 650 unda
1162 610 1373 651 reductos.

218 670 331 710 Hinc
352 676 478 721 atque
499 668 596 709 hinc
617 674 745 708 vastae
766 681 893 721 rupes
913 667 1151 721 geminique
1173 667 1382 708 minantur

217 725 267 767 In
288 724 439 766 coelum
459 724 631 779 scopuli,
652 738 831 778 quorum
851 724 929 764 sub
948 723 1102 764 vertice
1122 723 1205 764 late

218 782 413 835 AEquora
434 788 524 822 tuta
544 781 688 830 silent3
720 788 809 821 tum
829 780 939 821 silvis
961 795 1085 822 scena
1105 780 1290 821 coruscis

216 838 416 892 Desuper
435 837 707 892 horrentique
729 845 865 878 atrum
887 852 1031 878 nemus
1053 837 1238 877 imminet
1258 837 1419 886 umbra,
1577 835 1656 876 160

1634 836 1655 858 f.

216 894 372 935 Fronte
393 895 471 935 sub
492 895 669 936 adversa
687 893 869 947 scopulis
888 894 1170 947 pendentibus
1191 900 1355 934 antrum
1374 910 1383 942 3

215 951 334 991 Intus
356 966 476 1004 aquae
495 951 653 1000 dulces,
675 951 851 1004 vivoque
873 950 1018 991 sedilia
1039 965 1166 999 sax03

215 1006 511 1061 Nvmpharum
532 1008 694 1048 domus.

754 1006 839 1047 Hic
861 1006 991 1046 fessas
1013 1021 1096 1047 non
1116 1004 1279 1047 vincula
1300 1019 1424 1046 naves

215 1054 314 1104 Ulla
334 1071 477 1105 tenent
494 1080 503 1112 ;
535 1078 644 1105 unco
666 1078 750 1104 non
770 1062 912 1116 alligat
933 1078 1087 1103 ancora
1106 1077 1261 1102 morsu.

216 1120 317 1162 Huc
339 1127 498 1175 septem
519 1120 682 1162 AEneas
704 1118 887 1162 collectis
908 1120 1082 1161 navibus
1105 1120 1216 1161 omni

211 1232 260 1260 23.
274 1232 322 1261 24.
363 1232 499 1261 seriores
513 1232 612 1269 poe'tzn
626 1231 760 1260 tribuunt
772 1230 916 1268 Neptuno

212 1270 438 1308 hippocampos,
454 1280 482 1298 v.
500 1271 575 1299 Stat.
592 1270 637 1303 II,
658 1270 752 1298 Theb.
773 1269 916 1304 45-47.;

214 1313 247 1336 ut
260 1309 370 1336 Proteo
385 1310 495 1346 Georg.
508 1308 565 1342 IV,
578 1309 773 1337 389.-—ci.·1·ru
786 1306 918 1340 secundo,

213 1346 316 1379 celeri,
332 1347 454 1375 ductum
471 1357 486 1374 a
500 1347 578 1381 navi,
594 1357 661 1385 quae
683 1347 814 1375 secundo
836 1355 917 1374 amne

210 1385 378 1414 devehitur.
419 1385 562 1413 Ceterum
580 1385 657 1413 hunc
678 1385 776 1413 locum
791 1384 917 1413 ornatis—

213 1423 320 1451 simum
348 1428 414 1452 ante
440 1423 544 1452 oculos
567 1424 696 1452 habuere
723 1422 814 1451 Silius
839 1422 917 1455 VII,

212 1461 378 1490 254—259.
400 1465 430 1490 et
451 1462 566 1490 Statius
584 1462 679 1491 Theb.
693 1461 732 1495 V,
753 1462 918 1490 704—709.

212 1499 375 1538 -9enitor‚
405 1504 501 1537 pater.
526 1501 635 1529 Patres
661 1500 782 1538 proprie
816 1509 918 1528 omnes

212 1538 345 1567 seniores
370 1539 423 1572 dii,
443 1548 514 1567 mox
544 1543 573 1568 et.
600 1538 649 1567 alii
675 1539 747 1567 dicti
773 1542 851 1571 sunt,
880 1542 913 1566 ut

212 1576 307 1611 Mam,
323 1577 474 1612 Bacchus,
490 1578 612 1615 Apollo,
629 1577 658 1607 h.
673 1587 700 1606 e.
713 1577 913 1611 veneraffles,

213 1615 346 1648 verendi,
361 1615 467 1644 saneti.

252 1655 307 1682 157
323 1654 509 1683 Deferuntur
523 1654 643 1691 Trojani
662 1654 699 1683 ad
716 1654 789 1683 litus
806 1654 912 1692 Libyae

210 1691 289 1721 haud
308 1692 396 1730 longe
418 1703 434 1721 a
455 1693 643 1731 Carthagine.
683 1693 813 1731 Defessi,
832 1693 915 1726 fessi,

208 1730 315 1766 jactati
343 1735 532 1769 tempestate,
563 1736 595 1759 ut
621 1741 704 1768 saepe
730 1732 846 1769 poetae3
886 1735 915 1759 et

212 1778 283 1797 mox
306 1770 372 1798 168.
385 1772 484 1807 sessus
498 1770 789 1797 naz·es.—159—169
802 1769 914 1798 Primae

211 1806 272 1835 loci
285 1807 371 1836 lineae
385 1807 488 1845 petitae
507 1812 576 1835 sunt
586 1808 695 1844 partim
707 1817 745 1836 ex
762 1807 876 1843 odyss.
890 1819 914 1842 e,

210 1845 279 1875 404.
291 1849 321 1874 et
335 1846 402 1874 411.
418 1855 495 1883 sqq.,
512 1845 565 1872 ubi
581 1845 709 1882 Ulysses
725 1849 825 1873 enatat
843 1854 913 1873 nau-

209 1883 305 1921 fragio
325 1883 354 1912 in
374 1883 554 1917 Pha-nciam,
576 1883 685 1920 partim
701 1883 812 1920 Odyss.
827 1896 850 1916 ν,
864 1884 914 1916 95,

209 1930 288 1959 sqq.,
303 1922 355 1950 ubi
378 1921 407 1950 in
422 1921 555 1950 Ithacam
569 1921 717 1950 escendit.
754 1920 791 1949 In
805 1930 915 1949 secessu

208 1958 304 1996 lcmqo.
344 1959 446 1988 Sinum
461 1964 608 1988 secretum
623 1959 835 1997 interpretatur
845 1959 914 1988 Ser-

210 1997 290 2026 viuS.
329 1997 420 2027 Certe
444 2002 570 2027 tractum
591 1998 687 2026 litoris
713 2002 859 2026 remotum
883 2002 916 2026 et

212 2035 427 2074 infrequentem
438 2036 576 2074 designat
589 2038 688 2075 poeta,
698 2036 745 2065 cui
757 2046 794 2064 ex
809 2037 914 2065 adver-

213 2083 246 2101 so
260 2074 356 2102 insula
369 2080 416 2103 est
428 2078 587 2113 praetexta,
605 2075 716 2113 quippe
737 2085 803 2112 quae
820 2075 913 2103 conti-

211 2113 293 2141 nenti
307 2117 353 2141 est
367 2114 493 2151 objecta.
532 2114 610 2143 Haec
630 2113 712 2149 efficit
726 2117 842 2150 portum
865 2113 912 2141 oh-

202 2150 283 2185 jectu.
296 2150 418 2180 laterum
432 2161 566 2186 suorum,
581 2155 673 2180 tutam
684 2152 786 2180 reddit
796 2152 912 2181 navium

210 2189 367 2218 stationem
388 2190 417 2219 in
437 2191 488 2219 illo
506 2190 584 2224 loco,
606 2191 744 2229 quoniam
767 2191 865 2219 insula
886 2190 912 2219 ei

212 2227 331 2264 objecta
360 2232 418 2263 est,
446 2233 476 2258 et
504 2233 660 2258 ventorum
694 2229 755 2257 vim
787 2229 912 2266 excipit.

211 2264 360 2300 lateribus,
378 2268 414 2296 ad
431 2267 525 2296 latera
538 2267 655 2302 insulae,
676 2268 768 2296 onmis
786 2268 863 2296 unda
875 2267 911 2296 ab

212 2303 281 2337 alto,
307 2305 402 2333 omnis
422 2305 542 2340 fluctus,
562 2306 716 2344 franyitur
737 2309 767 2334 et
790 2306 911 2334 sinuoso

213 2341 294 2371 ssexu
307 2343 433 2372 recedit.
447 2344 486 2372 cf.
507 2344 543 2372 ad
559 2345 616 2374 Ge.
629 2344 686 2379 IV,
700 2345 769 2373 420.
809 2344 912 2372 Solent

210 2379 288 2408 enim
311 2381 421 2410 fluctus
442 2382 518 2411 allisi
532 2383 620 2421 longo
633 2386 730 2412 tractu
744 2386 910 2411 retrorsum

211 2417 271 2446 acti
304 2419 440 2448 dissolvi.
485 2421 591 2450 Malim
625 2422 667 2450 sic
699 2421 911 2459 interpretari3

209 2456 290 2484 unda
310 2457 456 2495 frangitur
478 2462 508 2488 et
529 2469 594 2489 sese
617 2459 646 2488 in
669 2459 753 2488 sinus
774 2460 911 2488 reductos

209 2498 335 2529 κόλπους,
363 2496 466 2526 volvit.
494 2497 529 2526 S.
569 2498 673 2527 Insula
704 2508 760 2527 non
790 2502 838 2527 est
864 2508 911 2536 ap.

211 2531 335 2561 Homer.
349 2533 377 2562 in
397 2535 473 2569 loco,
492 2546 579 2573 quem
600 2536 648 2565 hic
667 2537 828 2575 expressit,
847 2537 907 2566 od.

211 2584 234 2604 ν,
253 2571 321 2607 97.;
347 2573 400 2601 sed
418 2578 464 2602 est
490 2574 565 2603 alius
585 2575 681 2608 locus,
706 2586 793 2614 quein
820 2575 907 2604 Maro

210 2612 276 2638 ante
297 2609 397 2638 oculos
417 2611 531 2646 habuit,
552 2613 580 2641 in
600 2613 800 2652 descriptione
819 2617 906 2642 terrae

209 2646 374 2685 Cyclopum
389 2648 501 2686 Odyss.
517 2665 538 2684 e,
553 2652 620 2680 116.
660 2652 709 2680 Ex
723 2652 828 2680 eodem
840 2652 906 2680 loco

211 2686 293 2714 cervi
312 2686 364 2715 inf.
387 2687 452 2715 184.
492 2689 568 2717 oe‘tae
589 2689 617 2717 iu
640 2694 769 2719 mentem
789 2700 907 2720 venere.

208 2724 249 2752 At
265 2734 326 2754 vss.
367 2725 434 2760 160,
450 2726 465 2754 1
487 2727 506 2755 2
527 2737 565 2755 ex
587 2727 647 2757 od.
672 2743 695 2762 ν,
714 2729 763 2757 97.
786 2738 833 2766 sq.
853 2739 906 2757 ex-

206 2763 302 2798 pressi
331 2765 514 2793 sunt—162.
539 2767 593 2794 103
616 2767 703 2795 Nunc
724 2768 760 2796 de
785 2777 905 2801 secessu,

1576 1117 1657 1158 170

957 1239 1010 1258 seu
1032 1229 1208 1258 continentis
1235 1230 1331 1266 ipsius
1355 1230 1442 1258 litore
1464 1230 1537 1268 agit.
1576 1229 1658 1259 Hinc

956 1272 1040 1306 utque
1057 1268 1131 1296 hinc.
1173 1268 1221 1297 Ab
1242 1272 1369 1306 utroque
1389 1268 1484 1296 litoris
1505 1268 1593 1306 liujus
1612 1269 1657 1297 in-

958 1311 1088 1335 trorsum
1103 1306 1220 1335 reducti
1237 1316 1326 1334 cornu
1344 1317 1395 1335 seu
1409 1307 1502 1335 latere
1517 1307 1575 1335 duo
1590 1317 1657 1336 sco·

980 1345 1021 1373 uli
1036 1345 1162 1374 eminent
1178 1345 1262 1373 silvis
1277 1345 1377 1373 obsiti.
1388 1344 1553 1374 H.—-Hinc
1572 1351 1659 1383 alque

966 1383 1030 1411 linc.
1054 1384 1103 1412 Ex
1115 1384 1167 1412 liae
1178 1388 1206 1412 et
1217 1383 1266 1411 illa
1276 1387 1338 1421 part
1345 1394 1369 1412 e.
1378 1383 1412 1412 S.
1426 1384 1583 1418 minantur,
1596 1385 1660 1413 vid.

957 1422 1029 1451 Not.
1044 1423 1080 1451 ad
1095 1422 1152 1457 IV,
1167 1423 1311 1451 &sn—164
1327 1421 1470 1460 Superior
1488 1423 1585 1451 litoris
1605 1433 1658 1452 ora

959 1461 1043 1489 silvis
1066 1461 1163 1490 obsita
1185 1465 1240 1489 est.
1267 1470 1419 1489 convexum
1442 1471 1585 1490 nemorum
1606 1472 1658 1500 ap-

957 1500 1049 1538 pellat
1070 1500 1122 1529 inf.
1143 1501 1211 1529 310.
1232 1501 1307 1528 311:
1335 1499 1461 1528 Classem
1484 1500 1514 1527 in
1536 1510 1658 1529 convexo

951 1548 1107 1572 nemorum,
1127 1539 1178 1568 sub
1193 1549 1262 1576 rupe
1275 1542 1388 1571 cavata,
1403 1538 1566 1567 Arboribus
1580 1539 1659 1568 clau-

952 1587 1013 1604 sum
1033 1577 1138 1606 circum
1162 1581 1246 1615 atque
1267 1577 1448 1605 horrentibus
1467 1577 1577 1606 umbris
1599 1576 1658 1606 Oc·

951 1615 1031 1645 sulit.
1072 1615 1135 1644 Hie
1155 1626 1268 1644 scenam
1288 1616 1365 1644 dixit
1385 1620 1580 1654 prospectum
1593 1616 1658 1644 lon-

953 1664 1023 1697 gum
1047 1654 1183 1683 silvarum
1208 1664 1400 1689 coruscarunt,
1429 1654 1557 1683 tremula
1579 1654 1658 1684 inter

954 1693 1111 1722 intervalla
1123 1693 1189 1722 luce
1203 1692 1386 1725 micantium,
1401 1693 1472 1721 dum
1489 1697 1657 1728 moventur,

953 1732 1029 1760 (lesu
1055 1742 1086 1760 er
1106 1732 1316 1760 imminentem.
1356 1731 1466 1760 Multis
1487 1730 1587 1760 verbis
1609 1741 1658 1761 or-

954 1774 1022 1798 nata
1046 1780 1100 1799 nec
1115 1775 1193 1799 sunt.
1210 1771 1269 1799 Inf.
1286 1769 1367 1803 XII,
1388 1770 1456 1798 701.
1476 1770 1506 1798 2.
1526 1773 1576 1798 aut
1595 1769 1657 1808 ipse

954 1809 1079 1836 coruscis
1113 1818 1174 1837 cum
1200 1808 1305 1846 fremit
1339 1808 1460 1842 ilicibus,
1492 1812 1656 1846 quantas—-

952 1846 1134 1884 Apenninus.
1174 1847 1242 1876 Hoc
1254 1857 1356 1876 nemus
1370 1847 1400 1875 in
1412 1847 1499 1875 litore
1510 1847 1657 1885 Virgilius

953 1894 992 1912 ex
1014 1894 1071 1912 una
1092 1885 1158 1913 olea
1183 1895 1229 1923 ap.
1252 1885 1377 1914 Homer.
1404 1885 1425 1913 l.
1445 1895 1471 1913 c.
1492 1886 1558 1914 102.
1585 1895 1655 1923 pro-

953 1923 1087 1988 ppgavit,
1110 1926 1256 1959 tamquam
1273 1933 1312 1951 ex
1327 1923 1655 1953 su1-cu10.-166-168

989 1970 1023 1988 oc
1035 1965 1147 1989 antrum
1167 1960 1270 1989 itidem
1291 1971 1329 1989 ex
1349 1961 1483 1989 Homero
1506 1971 1535 1989 v.
1558 1963 1655 1991 103—-

953 1999 1019 2027 112.
1026 2000 1115 2035 frons
1129 1999 1249 2027 adversa
1268 1999 1304 2027 de
1322 1998 1464 2027 interiore
1485 1998 1584 2028 litoris
1606 2011 1653 2030 re-

952 2037 1035 2066 ducti
1056 2047 1107 2066 seu
1128 2037 1210 2066 sinus
1231 2047 1355 2066 recessu
1374 2041 1420 2066 est
1439 2037 1655 2075 accipiendum,

953 2075 1003 2112 qui
1019 2075 1164 2104 adversus
1183 2080 1229 2104 est
1242 2076 1420 2104 intrantibus
1437 2076 1653 2109 sinum—168.

954 2114 1010 2142 169
1023 2114 1093 2148 Hic,
1113 2114 1142 2142 in
1157 2124 1288 2148 secessu,
1303 2114 1332 2142 in
1345 2115 1412 2142 sinu
1426 2124 1502 2153 pone
1515 2115 1653 2146 insulam.

955 2151 985 2180 U
984 2162 1035 2181 nvo
1041 2163 1096 2181 ηοη
1105 2152 1205 2190 ulliyat
1213 2163 1240 2182 a.
1246 2162 1357 2188 morsm
1371 2152 1512 2182 translato
1520 2153 1654 2191 epitheto

952 2200 1066 2220 uncorae
1087 2191 1125 2219 ad
1144 2201 1280 2220 morsum.
1302 2191 1361 2219 Inf.
1378 2191 1459 2220 XII.
1473 2192 1531 2220 274
1544 2193 1654 2222 mordet

943 2229 1044 2265 fibula.
1057 2229 1100 2258 H.
1142 2230 1275 2258 Ancoras
1297 2240 1314 2258 a
1334 2229 1464 2268 Virgilio
1484 2230 1654 2269 descriptas

951 2268 1039 2304 (AEn.
1054 2268 1112 2301 Vi,
1127 2269 1155 2296 3.
1171 2273 1230 2296 tum
1245 2268 1326 2296 dente
1340 2268 1433 2297 tenaci
1444 2269 1564 2297 Ancora
1576 2270 1651 2307 sun-

949 2305 1035 2334 dabat
1044 2306 1143 2343 navis)
1157 2316 1212 2335 non
1225 2317 1291 2336 esse
1307 2309 1381 2336 εὐνὰς
1395 2308 1474 2346 apud
1485 2307 1651 2337 Homerum

949 2345 1064 2380 obvias,
1080 2349 1207 2380 constat,
1223 2356 1320 2383 neque
1334 2345 1472 2384 Heynius
1491 2345 1652 2384 ignoravit.

950 2383 984 2411 Is
996 2383 1036 2412 Il.
1048 2398 1076 2416 a,
1089 2385 1147 2412 436
1161 2384 1272 2413 diserte
1288 2384 1377 2412 dicit:
1394 2387 1465 2414 εὐναὶ
1481 2388 1549 2412 sunt
1564 2393 1649 2420 saxa,

950 2432 1017 2460 quae
1032 2432 1086 2460 pro
1099 2423 1213 2451 ancoris
1228 2427 1322 2451 erant.
1343 2422 1390 2452 W.
1429 2421 1532 2451 Simile
1552 2422 1649 2459 Nym-

949 2461 1069 2498 phaeum
1088 2461 1125 2489 ad
1147 2461 1304 2490 Heracleae
1318 2461 1454 2490 Ponticae
1468 2469 1554 2497 agros
1569 2463 1649 2489 tran-

951 2498 1095 2528 stulerant
1109 2504 1228 2528 veteres
1240 2501 1350 2538 poetae,
1369 2500 1449 2537 quod
1469 2497 1589 2536 repetiit
1608 2509 1648 2528 ex

944 2536 982 2565 iis
1007 2537 1139 2573 Quintus
1160 2539 1227 2567 Cal.
1246 2540 1304 2573 VI,
1333 2539 1400 2566 470.
1422 2547 1488 2574 sqq.
1507 2536 1647 2566 versibus

945 2585 1002 2603 non
1017 2576 1113 2605 malis.
1153 2577 1229 2605 Tota
1246 2577 1306 2606 loci
1326 2575 1487 2614 descriptio
1506 2574 1646 2613 proxim&

947 2614 984 2642 ad
1008 2618 1121 2644 naturae
1142 2615 1301 2644 veritatem
1328 2614 1406 2642 facta
1431 2622 1499 2642 esse
1521 2613 1643 2643 videtur

946 2652 985 2680 εἴ.
1025 2652 1122 2688 Slzaw,
1138 2653 1267 2687 Travels,
1282 2663 1312 2691 p.
1327 2652 1392 2680 159.
1432 2652 1563 2681 Similem
1574 2662 1645 2690 por·-

945 2694 994 2719 tus
1014 2691 1117 2720 faciem
1141 2692 1177 2720 ad
1200 2701 1304 2720 novam
1324 2690 1536 2729 Carthaginem
1560 2700 1591 2719 v.
1613 2690 1643 2719 in

947 2729 1012 2758 Liv.
1028 2730 1159 2764 XXVI,
1172 2731 1221 2758 43.

985 2769 1137 2798 170--173
1169 2769 1282 2806 Septem
1316 2766 1445 2801 nauibus,
1481 2777 1548 2800 una,
1583 2767 1643 2805 qua
