1796 3077
174 222 271 267 288

597 216 641 254 P.
674 214 907 254 VIRGILII
940 213 1192 252 MARONIS

173 338 375 389 Auditur,
398 340 657 394 propiusque
679 345 806 377 aestus
828 337 1022 378 incendia
1043 337 1229 378 volvunt.

174 396 295 452 Ergo
315 412 407 451 age,
428 411 523 436 care
544 403 679 449 pater,
696 394 848 434 cervici
868 395 1086 447 imponere
1107 403 1287 445 nostrae3

172 452 271 508 Ipse
293 455 442 494 subibo
464 451 662 499 humeris,
684 466 761 492 nec
782 466 848 492 me
870 450 989 491 labor
1010 451 1088 491 iste
1109 453 1302 504 gravabit
1320 470 1329 501 ;

174 510 274 557 Quo
296 525 361 551 res
383 523 562 562 cumque
580 508 744 557 cadent,
767 523 896 548 unum
918 516 960 548 et
981 521 1201 548 commune
1222 508 1439 562 periclum,

174 566 272 607 Una
290 567 398 607 salus
421 566 627 606 ambobus
649 566 741 606 erit.

173 624 237 664 Sit
253 639 404 671 comes,
426 631 468 664 et
489 622 614 678 longe
637 629 775 663 servet
795 622 972 675 vestigia
989 622 1158 675 conjux.

172 680 277 728 Vos,
301 679 456 728 famuli,
476 695 570 733 quae
591 680 742 728 dicam,
761 679 907 719 animis
931 679 1137 720 advertite
1155 680 1316 720 vestris.

172 737 253 778 Est
273 739 379 778 urbe
400 737 580 792 egressis
601 736 786 777 tumulus
808 735 1094 789 templumque
1112 744 1326 777 vetustum

173 794 370 835 Desertae
392 794 573 841 Cereris,
589 794 800 848 juxtaque
821 794 993 846 antiqua
1013 808 1254 846 cupressus,

172 851 396 906 Religione
416 859 583 905 patrum
605 850 758 891 multos
779 858 944 891 servata
964 865 1041 903 per
1061 865 1190 891 annos
1209 868 1219 899 ;

172 909 298 949 Hanc
319 924 372 949 ex
394 909 559 949 diverso
582 909 725 949 sedem
741 908 953 948 veniemus
975 908 1015 946 in
1034 922 1174 947 unam.

171 966 256 1014 Tu,
279 967 457 1019 genitor,
479 980 582 1019 cape
600 980 718 1005 sacra
739 980 866 1005 manu
886 964 1130 1017 patriosque
1150 964 1331 1004 Penates
1348 982 1358 1014 ;

172 1022 262 1072 Me,
285 1022 395 1063 bello
417 1038 439 1063 e
462 1030 578 1063 tanto
599 1022 835 1075 digressum
856 1030 899 1061 et
920 1020 1036 1060 caede
1058 1021 1231 1069 recenti,

172 1080 416 1121 Attrectare
439 1079 570 1128 nefas,
593 1079 727 1120 donec
748 1093 813 1119 me
836 1077 1006 1118 flumine
1028 1078 1121 1119 vivo

172 1137 378 1178 Abluero.

172 1193 281 1235 Haec
302 1194 425 1242 fatus,
446 1193 554 1234 latos
571 1193 768 1233 humeros
790 1193 1066 1247 subjectaque
1087 1190 1193 1231 colla

174 1250 307 1292 Veste
329 1265 457 1304 super
476 1249 661 1303 fulvique
682 1251 888 1290 insternor
908 1249 1017 1303 pelle
1039 1247 1170 1288 leonis
1189 1265 1198 1296 ;

173 1307 452 1361 Succedoque
475 1308 605 1347 oneri.

172 1364 397 1418 Implicust,
422 1365 697 1417 sequiturque
720 1370 883 1416 patrem
904 1378 987 1402 non
1007 1362 1202 1415 passibus
1224 1362 1380 1416 aequis3

171 1421 290 1462 Pone
313 1422 424 1461 subit
447 1421 617 1474 conjux.

173 1478 233 1519 Et
254 1493 332 1528 me,
355 1493 478 1532 quem
499 1478 661 1517 dudum
682 1491 766 1517 non
787 1476 871 1516 ulla
892 1477 1047 1530 injecta
1068 1477 1293 1516 movebant

171 1535 295 1584 Tela,
318 1550 455 1589 neque
478 1535 655 1574 adverso
677 1533 895 1587 glomerati
917 1548 971 1573 ex
993 1533 1157 1586 agmine
1180 1533 1317 1582 Graii,

171 1591 300 1633 Nunc
323 1607 466 1632 omnes
488 1599 648 1632 terrent
669 1606 795 1638 aurae,
818 1606 944 1631 sonus
965 1590 1122 1630 excitat
1143 1591 1289 1639 omnis,

173 1649 435 1703 Suspensum
457 1656 499 1689 et
520 1649 677 1702 pariter
698 1648 923 1701 comitique
945 1647 1146 1700 onerique
1168 1647 1397 1688 timentem.

172 1706 354 1760 Jamque
374 1706 713 1760 propinquabam
733 1706 881 1759 portis,
902 1719 1152 1758 omnemque
1174 1704 1349 1745 videbar

804 564 915 605 Mihi
936 579 1091 618 parvus
1114 564 1231 606 Iulus
1544 564 1630 606 710

1548 848 1632 889 715

670 1306 850 1346 Dextrae
871 1322 914 1346 se
936 1320 1089 1359 parvus
1114 1304 1228 1345 Iulus

681 1419 871 1459 Ferimur
891 1434 969 1473 per
989 1433 1123 1473 opaca
1146 1418 1346 1460 locorum.
1549 1420 1632 1460 725

1548 1704 1631 1745 730

175 1763 373 1804 Evasisse
396 1763 527 1803 vicem
545 1779 552 1810 ;
586 1763 725 1802 subito
745 1777 874 1814 quum
895 1762 1043 1801 creber
1064 1761 1116 1802 ad
1139 1776 1261 1801 aures

172 1820 302 1861 Visus
325 1819 473 1859 adesse
496 1819 653 1872 pedum
673 1819 847 1866 sonitus,
869 1819 1119 1871 genitorque
1140 1833 1217 1872 per
1238 1819 1429 1858 umbram

174 1876 468 1929 Prospiciens:
503 1874 634 1922 Nate,
657 1874 877 1922 exclamat,
897 1874 1011 1928 fuge,
1034 1882 1154 1922 nate3
1190 1875 1501 1929 propinquant3

173 1933 390 1973 Ardentes
410 1931 568 1986 clipeos
589 1938 716 1985 atque
737 1945 821 1971 aera
842 1931 1037 1971 micantia
1059 1945 1199 1971 cerno.

171 2029 320 2062 cendium,
346 2028 473 2067 propius
498 2026 701 2065 semin—707
730 2026 881 2064 imponere.

172 2067 289 2106 impone
316 2071 355 2101 te,
375 2066 604 2096 &mamm-Tu
628 2065 729 2094 Sera-et·
753 2064 882 2102 vestiyia,

173 2106 202 2134 h.
219 2117 245 2135 e.
262 2108 402 2135 observet
420 2116 543 2143 gressus
563 2114 656 2137 meos,
679 2104 772 2142 107191),
788 2114 804 2132 e
820 2104 883 2131 lon-

173 2145 282 2183 ginquo
296 2155 304 2180 ;
319 2145 353 2173 id
367 2145 529 2182 adjectum,
545 2153 591 2177 ne,
609 2143 635 2171 si
650 2143 736 2171 multi
751 2153 807 2171 una
819 2142 883 2171 exi-

172 2189 249 2218 rent,
264 2183 562 2222 deprehenderentur
578 2183 613 2210 ab
630 2182 779 2210 hostibus.
820 2181 882 2209 Ita-

194 2233 230 2251 ue
247 2227 277 2251 et
287 2223 413 2251 famulos
428 2232 481 2260 per
495 2221 631 2250 diversas
643 2221 706 2249 vias
719 2219 884 2248 dimisit.—

172 2233 231 2289 ἶ7114
256 2261 382 2290 Deserta
400 2260 488 2289 Ceres
509 2260 660 2298 exquisite
681 2258 772 2292 dicta,
796 2260 883 2296 cujus

172 2299 317 2338 templum
332 2304 397 2328 erat
411 2300 567 2328 desertum
583 2302 733 2326 vetustate
748 2297 795 2326 vel
813 2296 883 2326 belli

173 2338 343 2367 decennalis
359 2343 502 2376 tempore.
543 2337 703 2375 (Propert.
717 2337 764 2369 ΙΙ,
784 2338 813 2370 6,
833 2337 882 2364 36.

173 2377 279 2405 eodem
296 2387 387 2406 sensu
408 2377 488 2406 dixit
506 2376 633 2405 desertos
648 2376 723 2404 cleos.
742 2375 882 2411 1V.)-·ex

173 2415 296 2449 diverso,
324 2426 362 2444 ex
395 2415 526 2445 diversis
555 2414 802 2453 partibus—718
829 2413 881 2442 Me

174 2453 255 2487 bello.
275 2454 426 2492 ingeniose
448 2454 601 2483 inventum
623 2453 678 2481 hoc
693 2464 708 2481 a
725 2454 825 2491 poeta,
846 2455 881 2480 ut

174 2502 264 2521 causa
284 2493 374 2526 adsit,
404 2502 458 2522 cur
480 2502 564 2522 sacra
592 2492 740 2521 Anchises
768 2491 884 2524 efferat,

175 2541 215 2560 ex
231 2531 379 2560 communi
396 2532 576 2560 narratione.
590 2531 634 2559 H.
676 2531 765 2559 Hanc
786 2539 883 2558 rerum

176 2580 214 2598 ex
239 2569 398 2599 ositionem
419 2570 593 2607 postulabat
614 2569 721 2607 religio
736 2572 884 2598 veterum.

175 2580 237 2637 vitii
265 2618 348 2646 supr.
375 2609 441 2637 167.
465 2608 708 2638 W.-721-723
735 2607 867 2636 Insterni

176 2647 286 2676 AEueas
307 2646 437 2676 humeris
457 2648 550 2676 vestis
571 2646 719 2681 laciniam,
742 2646 879 2683 vestique

175 2685 294 2722 pellem.
341 2685 588 2723 Superinsternor
615 2689 701 2714 veste
736 2689 767 2713 et
798 2684 880 2723 pelle

174 2725 267 2753 leonis
282 2724 421 2755 humeros
435 2727 466 2754 et
479 2724 555 2754 colla
570 2725 718 2761 subjecta,
735 2724 764 2752 h.
780 2733 806 2754 e.
820 2723 881 2752 col-

923 2024 996 2059 lum,
1019 2025 1098 2062 quod
1120 2025 1258 2062 subjicio,
1280 2025 1425 2053 submitto
1440 2025 1521 2054 oneri
1536 2025 1632 2063 impo-

924 2064 1190 2093 sito.—730-734
1219 2064 1334 2093 Portis.
1384 2064 1440 2092 Est
1474 2068 1561 2102 porta
1595 2065 1632 2092 ab

923 2102 1009 2132 hoste
1023 2113 1140 2136 aversa,
1154 2104 1191 2131 ad
1203 2103 1288 2132 Idam
1301 2104 1416 2131 ducens
1424 2107 1452 2131 et
1464 2107 1567 2141 partes
1579 2112 1632 2131 au—

925 2141 1044 2175 strales,
1069 2143 1147 2171 unde
1170 2142 1242 2170 litus
1264 2142 1325 2179 peti
1347 2146 1475 2179 poterat,
1497 2146 1527 2170 et
1547 2142 1576 2170 in
1596 2151 1632 2169 eo

924 2181 1106 2214 Antandrus,
1122 2181 1190 2214 ΙΙΙ,
1213 2182 1242 2210 6.
1263 2190 1372 2208 omnem
1391 2180 1489 2214 vicem,
1504 2181 1630 2209 fortunae

922 2228 1036 2252 casum,
1049 2220 1227 2262 periculum.
1239 2219 1283 2248 H.
1325 2220 1438 2248 Omnes
1448 2219 1557 2248 libriin
1568 2218 1630 2248 lec-

923 2257 1002 2286 tione
1029 2268 1105 2286 vmm
1129 2258 1330 2286 consentiunt.
1370 2257 1465 2286 Evasi
1489 2257 1565 2286 viam
1585 2260 1632 2286 est

923 2296 959 2324 ad
973 2296 1059 2325 finem
1073 2298 1138 2333 ejus
1154 2297 1292 2334 perveni,
1312 2300 1343 2324 et
1359 2297 1450 2325 locum
1464 2297 1542 2325 evasi
1562 2304 1629 2324 eum

921 2335 1040 2372 reliqui.
1081 2335 1172 2364 Ovid.
1189 2336 1265 2364 Met.
1281 2335 1347 2368 Ill,
1365 2336 1412 2364 19.
1437 2335 1629 2372 Panopesque

920 2378 1049 2402 evaserat
1061 2384 1141 2402 arva.
1158 2374 1226 2403 [En.
1239 2374 1284 2403 IV
1290 2397 1296 2408 ,
1308 2375 1364 2407 685
1377 2373 1486 2412 yradus
1499 2376 1630 2401 evaserat

920 2413 1071 2440 omnes.cs.
1088 2413 1153 2447 ΙΙΙ,
1169 2414 1238 2441 282.
1280 2412 1312 2441 Si
1324 2412 1390 2450 quis
1405 2412 1482 2440 viam
1496 2410 1629 2440 evasisse

920 2455 1018 2488 putat,
1046 2451 1097 2480 ubi
1126 2451 1263 2490 pericula
1291 2451 1488 2483 minabantur,
1517 2449 1568 2477 ille
1598 2453 1628 2477 et

923 2489 1061 2555 pericula
1081 2490 1138 2518 via=
1160 2501 1191 2519 se
1214 2490 1357 2527 effugisse
1382 2488 1489 2517 credit.
1523 2488 1630 2516 Mark-

937 2528 1003 2556 andi
1030 2530 1201 2565 conjectura
1226 2528 1324 2562 vicem,
1347 2537 1405 2565 qua
1432 2536 1538 2555 sensus
1565 2526 1631 2555 sine

924 2567 1015 2596 dubio
1041 2567 1147 2597 melior
1171 2568 1216 2601 fit,
1236 2566 1353 2605 (Tacit.
1381 2565 1456 2594 Ann.
1483 2565 1577 2598 XIV,
1598 2566 1629 2593 6.

921 2605 1044 2634 evasisse
1056 2616 1172 2644 yravem
1183 2605 1297 2642 casum)
1313 2614 1351 2632 ex
1366 2604 1403 2632 iis
1417 2613 1484 2632 esse
1495 2603 1629 2637 videtur,

920 2645 1028 2682 quibus
1054 2649 1190 2673 autorum
1217 2644 1349 2682 ipsorum
1378 2642 1530 2680 scriptura
1556 2651 1630 2682 vere

921 2684 1104 2712 emendatur.
1131 2682 1313 2711 W.—‹1desse
1341 2681 1379 2709 ad
1403 2691 1489 2710 aures
1513 2680 1626 2709 dictum

921 2726 1023 2760 potest
1038 2721 1133 2752 videri
1155 2731 1209 2760 pro
1229 2720 1360 2750 accedere
1376 2720 1424 2749 vel
1444 2719 1569 2749 accislere
1588 2718 1628 2747 ad
