1796 3077
596 200 863 239 AENEIDOS.

922 202 1021 239 ΜΒ.
1051 201 1122 240 vi.
1507 210 1598 254 407

160 315 313 376 Re‘gna
334 321 435 362 meis
456 321 565 370 fatis,
589 321 713 364 Latio
730 324 947 364 considere
968 322 1174 369 Teucros,

162 378 450 432 Errantesque
469 379 569 419 deos
591 381 832 434 agitataque
855 380 1023 420 numina
1044 379 1203 433 Trojae.

161 434 274 476 Turn
295 435 461 476 Phoebo
483 443 525 476 et
546 435 701 477 Triviae
724 437 857 478 solido
878 438 931 477 de
950 451 1153 477 marmore
1177 436 1374 491 templum

159 490 391 541 Instituam,
414 491 626 546 festosque
648 494 738 534 dies
756 494 808 535 de
830 494 994 534 nomine
1017 493 1184 533 Phoebi.

164 547 231 589 Te
251 563 418 603 quoque
438 564 589 604 magna
609 557 777 591 manent
796 551 936 605 regnis
955 549 1185 604 penetralia
1200 551 1374 601 nostris3

160 603 245 645 Hic
264 620 344 660 ego
365 621 544 660 namque
566 614 658 647 tuas
679 614 811 648 sortes
832 621 1066 661 arcanaque
1088 606 1186 656 fata,

160 660 289 703 Dicta
309 677 412 703 meae
433 663 560 718 genti,
582 679 750 717 ponam,
770 663 984 717 lectosque
1005 664 1191 713 sacrabo,

158 717 299 768 Alma,
322 720 445 760 viros.

154 830 254 885 Ipsa
273 846 398 872 canas
419 846 506 872 oro.

506 719 633 760 Foliis
655 728 816 760 tantum
836 735 887 760 ne
909 721 1090 761 carmina
1109 720 1272 770 manda,

155 773 226 816 Ne
249 776 416 816 turbata
437 774 575 816 volent
595 777 754 830 rapidis
775 776 958 816 ludibria
979 777 1125 824 ventis,

569 831 715 872 Finem
736 832 853 872 dedit
873 847 944 872 ore
962 832 1176 886 loquendi.

210 888 282 936 At,
307 888 466 928 Phoebi
487 888 672 929 nondum
689 889 866 943 patiens,
889 889 1076 928 immanis
1098 889 1138 928 in
1160 897 1279 930 antro

158 944 399 985 Bacchatur
420 952 548 994 vates,
569 960 767 998 magnum
788 946 821 985 si
842 953 1012 999 pectore
1033 946 1163 999 possit

158 1001 408 1042 Excussisse
431 1001 579 1042 deum:
613 1009 728 1042 tanto
748 1003 880 1056 magis
901 1001 968 1042 ille
989 1001 1138 1056 fatigat

156 1058 219 1098 Os
240 1058 448 1106 rabidum,
470 1057 559 1098 fera
579 1059 709 1099 corda
728 1059 916 1107 domans,
939 1058 1142 1112 fingitque
1164 1059 1407 1113 premendo.

1542 1060 1597 1100 30

154 1114 277 1155 Ostia
290 1115 463 1168 jamque
485 1115 633 1155 domus
652 1122 828 1169 patuere
850 1115 1035 1169 ingentia
1054 1123 1221 1156 centum

154 1171 315 1224 Sponte
337 1186 425 1220 sua,
446 1172 634 1224 vatisque
656 1171 796 1212 ferunt
816 1186 1019 1225 responsa
1034 1186 1112 1225 per
1131 1186 1274 1212 auras:

154 1227 194 1268 O
217 1228 384 1268 tandem
405 1228 565 1282 magnis
585 1227 725 1282 pelagi
746 1227 945 1269 defuncte
961 1227 1152 1282 periclis!

151 1284 238 1325 Sed
259 1291 371 1324 terra
391 1285 584 1338 graviora
604 1293 786 1326 manent.

154 1397 242 1438 Sed
262 1413 347 1438 non
368 1404 409 1438 et
428 1398 589 1439 venisse
610 1397 762 1439 volent.

845 1283 895 1325 In
910 1299 1040 1339 regna
1060 1284 1212 1325 Lavini

152 1341 413 1382 Dardanidae
434 1342 623 1390 venient3
656 1343 772 1382 mitte
792 1341 902 1382 hanc
922 1341 975 1382 de
996 1349 1168 1395 pectore
1189 1356 1331 1383 curam
1349 1359 1358 1391 3
1539 1342 1594 1381 8.)

825 1397 956 1446 Bella,
979 1398 1153 1438 horrida
1170 1397 1295 1447 bella,

152 1453 212 1494 Et
234 1454 442 1508 Thybrim
461 1454 592 1495 multo
614 1461 875 1509 spumantem
896 1455 1097 1509 sanguine
1115 1469 1254 1495 cerno.

152 1565 214 1597 Da,
235 1565 293 1599 fac,
310 1565 405 1599 effice,
427 1569 461 1594 ut
480 1566 602 1604 passim,
618 1576 646 1594 v.
662 1576 687 1594 c.
703 1565 786 1600 XII,
805 1566 852 1594 97.

151 1604 271 1633 'l'ribuit
288 1609 384 1633 autem
399 1605 576 1642 superstitio
592 1605 646 1633 hoc
660 1605 791 1638 vatibus,
809 1608 853 1639 ut,

150 1652 217 1680 quae
231 1643 409 1681 praedicunt,
430 1643 585 1672 videantur
604 1643 663 1681 ipsi
685 1643 770 1681 quasi
790 1643 851 1672 effi-

149 1691 219 1709 cere
248 1686 278 1710 et
305 1691 360 1719 pro
385 1682 509 1710 arbitrio
540 1682 740 1717 constituere3
775 1682 852 1711 unde

150 1720 240 1748 etiam
260 1730 327 1748 cum
340 1720 544 1759 objurgatione
559 1721 595 1748 ab
610 1720 646 1748 iis
667 1720 852 1759 postulatum

150 1758 298 1793 videmus,
314 1758 342 1786 in
357 1759 432 1797 ipsis
447 1759 538 1787 sacris
554 1759 674 1792 nostris,
687 1764 720 1787 ut
734 1758 853 1788 laetiora

151 1797 359 1826 vaticinentur.
400 1798 417 1828 J
423 1807 466 1826 am
481 1807 535 1835 pro
549 1807 600 1826 nos
611 1797 756 1826 considere
765 1807 853 1835 quam

150 1835 283 1872 graviter
297 1835 355 1864 ista
377 1836 458 1865 dicta
476 1840 545 1864 sunt
560 1845 590 1863 v.
602 1837 650 1864 67.
660 1837 698 1864 65
711 1835 717 1863 !
740 1835 777 1864 da
792 1835 853 1865 La·

148 1873 188 1902 tio
202 1874 346 1903 considere
360 1874 787 1912 Teucros—Trojae.—69—74
801 1875 850 1903 Ad

149 1912 293 1950 templum
319 1913 347 1941 in
375 1913 491 1941 Palatio
517 1914 552 1941 ab
577 1914 714 1951 Augusto
738 1913 849 1941 factum

148 1950 270 1988 respici,
290 1955 323 1980 ut
338 1952 448 1980 AEneas
467 1961 505 1980 ex
522 1956 709 1989 posterorum
724 1961 850 1990 persona

150 1993 219 2017 vota
248 1990 347 2024 faeiat,
365 1991 427 2028 jam
451 1990 574 2018 Servius
603 1991 735 2025 notavit;
771 1991 849 2019 conf.

150 2027 273 2056 Sueton.
290 2028 397 2058 Octav.
410 2030 458 2058 29.
481 2029 530 2057 Ex
548 2028 670 2067 Virgilii
680 2028 780 2057 verbis
796 2030 848 2057 vix

149 2065 237 2094 aliter
251 2067 382 2102 judices,
399 2077 487 2105 quam
502 2077 569 2096 cum
589 2067 725 2105 Apolline
740 2067 848 2097 Dianae

149 2113 267 2142 quoque
286 2107 380 2135 sorori
403 2107 498 2134 fuisse
520 2106 551 2134 id
571 2110 795 2141 consecratum3
817 2112 849 2135 ut

148 2142 179 2170 in
192 2142 273 2171 ludis
287 2143 481 2173 saecularibus
496 2144 622 2182 aliisque
638 2145 731 2174 sacris
744 2154 848 2173 conso-

150 2180 238 2209 ciatae
254 2182 337 2210 fuere
353 2183 507 2220 utriusque
520 2182 567 2212 dei
583 2182 759 2221 religiones.
800 2184 849 2212 Ex

151 2219 292 2257 Propert.
310 2220 337 2254 I,
351 2222 398 2255 31,
413 2223 448 2250 15
463 2226 599 2259 apparet,
619 2222 766 2260 Apollinis
788 2223 848 2261 sig-

149 2267 218 2286 num
236 2258 266 2286 in
287 2267 322 2287 eo
337 2259 449 2297 templo
470 2260 599 2289 medium
614 2260 693 2289 inter
706 2261 851 2290 Latonam

148 2300 181 2325 et
195 2296 317 2325 Dianam
330 2299 564 2335 stetisse-festos
574 2298 645 2333 dies,
656 2298 744 2328 ludos
757 2300 850 2338 Apol-

148 2334 263 2364 linares
290 2336 326 2364 ab
358 2337 494 2374 Augusto
519 2337 851 2367 institutos.——71—73

148 2372 244 2402 libros
259 2374 424 2412 Sibyllinos
440 2380 470 2404 et
491 2375 552 2403 XV
571 2376 650 2405 viros
668 2377 706 2405 iis
727 2377 849 2414 inspici-

148 2412 244 2441 endis.
285 2413 402 2442 Servati
415 2418 515 2442 autem
529 2414 572 2442 illi
593 2414 663 2443 libri
679 2415 809 2453 primum
822 2416 850 2444 in

151 2450 194 2479 Ca
217 2451 313 2484 itolio,
334 2453 370 2480 ab
390 2453 530 2489 Augusto
546 2462 616 2481 vero
633 2454 688 2482 sub
702 2454 850 2492 Apollinis

149 2461 280 2518 Pafatini
294 2490 357 2519 basi
381 2490 504 2524 conditi,
530 2494 562 2518 ut
581 2501 619 2519 ex
639 2493 782 2521 Suetonio
797 2502 849 2521 no-

150 2531 213 2556 tum
227 2529 336 2557 Octav.
357 2531 406 2564 31,
420 2535 450 2558 et
464 2529 584 2558 Tibullo
598 2529 642 2562 ΙΙ,
664 2533 693 2565 5,
711 2532 726 2559 l
743 2531 851 2560 Plzoebe

139 2567 223 2602 save,
247 2577 336 2595 novus
346 2568 507 2606 inqretlitur
521 2572 571 2597 lua
585 2568 688 2607 templa
707 2570 852 2604 sacerdos,

151 2604 389 2639 Qnindecemvir
411 2606 559 2639 Messala;
581 2606 645 2635 haec
669 2607 760 2645 igitur
783 2612 851 2636 sunt

145 2644 501 2680 penetralia.—74—-76
527 2645 714 2683 Exsequitur
740 2647 851 2675 AEneas

149 2681 260 2710 Heleni
276 2690 473 2723 praeceptum,
493 2695 560 2723 sup.
580 2684 645 2719 ΙΙΙ,
667 2685 735 2714 443.
747 2686 805 2714 444
819 2691 849 2714 et

892 1567 950 1595 457
964 1566 1034 1605 Ipsa
1048 1571 1143 1595 canat.
1169 1575 1245 1595 nunc
1261 1565 1352 1604 igitur
1372 1576 1452 1594 more
1473 1576 1527 1595 suo
1548 1577 1595 1596 re-

892 1605 975 1639 licto,
1000 1615 1054 1633 non
1082 1605 1162 1634 soliis
1189 1605 1342 1633 oraculum
1365 1604 1512 1639 inscribit,
1540 1606 1594 1635 sed

893 1653 944 1672 ore
958 1644 1190 1682 profem—(De
1206 1643 1296 1677 foliis,
1320 1643 1444 1673 materia
1463 1644 1595 1673 scriben-

892 1682 934 1715 di,
970 1682 1010 1711 cf.
1037 1686 1097 1711 not.
1123 1683 1160 1711 ad
1183 1682 1248 1715 III,
1274 1682 1342 1710 444.
1363 1683 1477 1716 Addas,
1500 1683 1594 1712 Athe-

892 1721 935 1749 nis
960 1723 1192 1757 ὲκφυλλοφορίαν,
1223 1723 1450 1757 ἑκφυλλοφορεῖν,
1485 1726 1515 1751 et
1538 1722 1593 1760 Sy-

892 1759 1007 1788 racusis
1031 1763 1204 1793 πεταλισμὸν
1231 1759 1350 1793 docere,
1378 1759 1458 1788 foliis
1483 1759 1594 1798 oleagi-

893 1797 956 1826 neis
981 1807 1052 1826 usos
1080 1808 1147 1827 esse
1174 1797 1388 1835 antiquissimis
1410 1799 1595 1837 temporibus

893 1846 948 1874 pro
963 1836 1074 1865 charta.
1092 1836 1151 1874 R.)

927 1875 975 1903 77.
989 1875 1143 1903 bacchatur
1162 1884 1216 1912 pro
1237 1874 1368 1912 simplici
1391 1874 1547 1909 discurrit,
1564 1886 1593 1905 v.

891 1923 957 1951 sup.
973 1913 1029 1947 lv,
1044 1914 1111 1942 301.
1152 1913 1291 1951 Finqilur
1308 1923 1403 1951 equus
1418 1924 1434 1942 a
1448 1914 1593 1949 magistro

886 1952 1049 1990 premendo,
1073 1952 1101 1980 h.
1131 1962 1156 1980 e.
1189 1952 1260 1980 dum
1288 1952 1446 1990 premitur,
1470 1962 1594 1990 pressus

889 1990 995 2023 frenis,
1024 2000 1228 2028 compressu&
1265 1991 1426 2019 coercitus.
1453 1991 1492 2019 cf.
1525 2001 1592 2030 sup.

897 2029 924 2062 J,
960 2030 1017 2064 633
1072 2038 1145 2066 ergo
1172 2029 1308 2058 Phoebus
1344 2029 1466 2057 domans
1496 2029 1596 2067 Sibyl-

890 2067 960 2101 lam,
979 2067 1010 2095 τὶ
1027 2067 1206 2096 divinatrice
1220 2072 1349 2096 mentem
1363 2077 1494 2101 versans,
1509 2072 1543 2096 ut
1558 2078 1592 2097 ea

889 2105 1060 2139 incalescat,
1085 2106 1171 2143 finyil
1194 2105 1350 2144 premendo
1384 2115 1439 2143 pro
1473 2106 1594 2143 premit.

891 2145 947 2173 Est
968 2145 1057 2173 etiam
1074 2144 1233 2172 brevitatis
1257 2144 1320 2172 laus
1341 2143 1370 2172 in
1394 2143 1492 2172 verbis
1513 2148 1592 2174 tanto

890 2183 1082 2221 ma9i5.-81.
1098 2183 1137 2211 82
1151 2183 1248 2211 aditus
1262 2182 1298 2210 ad
1315 2182 1473 2211 interiores
1493 2193 1594 2212 reces-

891 2232 942 2250 sus
965 2222 1051 2250 antri.
1071 2232 1099 2249 v.
1123 2231 1190 2258 sup.
1205 2220 1243 2249 ad
1255 2231 1282 2249 v.
1300 2221 1357 2256 453
1378 2220 1416 2249 cf.
1430 2220 1547 2250 Callim.
1561 2222 1591 2251 in

892 2260 993 2298 Apoll.
1008 2261 1038 2289 3.
1055 2261 1085 2288 6.
1099 2260 1128 2288 7.
1150 2260 1288 2288 Putauda
1305 2263 1404 2288 autem
1418 2264 1466 2288 est
1477 2260 1593 2298 Sibylla

893 2300 1013 2337 adytum
1027 2299 1172 2337 ingressa,
1188 2298 1243 2326 deo
1257 2298 1355 2335 plena,
1370 2308 1408 2326 ex
1423 2298 1513 2336 adyto
1525 2299 1591 2328 haec

893 2337 1061 2369 vociferari,
1080 2347 1152 2366 voce
1170 2346 1225 2374 per
1245 2346 1318 2365 cava
1339 2336 1413 2365 antri
1427 2342 1592 2366 resonante.

892 2377 969 2405 conf.
984 2387 1012 2404 v.
1026 2377 1065 2405 98
1079 2381 1108 2404 et
1120 2376 1247 2404 44.-83
1262 2385 1306 2413 sq.
1322 2375 1484 2404 secundum
1500 2376 1593 2405 Hele—

890 2415 919 2443 ni
934 2415 1157 2453 praeditztionem
1180 2424 1248 2451 sup.
1271 2414 1337 2447 ΙΙΙ,
1357 2415 1424 2443 458.
1446 2425 1490 2452 sq.
1515 2415 1593 2444 conf.

890 2454 1068 2491 praeclarum
1083 2454 1180 2481 locum
1203 2453 1315 2482 Tibulli
1334 2452 1380 2487 ΙΙ,
1405 2455 1434 2488 5,
1453 2454 1492 2482 39
1515 2464 1592 2492 sqq.,

894 2493 943 2520 ubi
955 2492 1080 2530 Sibyllae
1090 2491 1252 2525 oraculum,
1262 2491 1319 2520 alio
1327 2492 1446 2530 quidem
1457 2495 1592 2530 tempore

891 2540 925 2559 ac
940 2531 1006 2559 loco
1022 2531 1134 2564 datum,
1156 2534 1185 2559 et
1203 2530 1293 2559 latius
1308 2530 1478 2568 expositum
1491 2536 1548 2559 est.
1563 2531 1593 2558 in

890 2579 981 2607 regna
1005 2569 1131 2602 Lauinii,
1152 2570 1189 2598 ad
1216 2569 1371 2598 Lavinium
1396 2569 1452 2598 hoc
1474 2569 1593 2597 tandem

890 2608 1081 2636 manifestum
1101 2608 1139 2636 de
1155 2608 1220 2636 loeo
1235 2608 1332 2637 aditus
1347 2608 1384 2635 ad
1402 2607 1519 2636 Italiam
1539 2617 1589 2635 va-

893 2647 1188 2684 ticiniu1n.-57ja1n
1201 2647 1334 2676 Homero
1348 2647 1536 2684 frequentata
1550 2645 1593 2673 rei

890 2686 986 2722 imago
1005 2684 1042 2713 11.
1056 2698 1082 2719 n,
1105 2685 1174 2715 329.
1193 2685 1307 2715 Dorica
1328 2689 1434 2720 castra,
1458 2694 1524 2722 sup.
1545 2684 1593 2718 11,
