1796 3077
604 232 873 271 AENEIDOS.

929 232 1028 272 ΜΒ·
1060 232 1132 271 IV·
1515 242 1609 286 3325

153 353 244 395 Aut
264 353 423 409 gremio
446 353 688 403 Ascanium,
711 355 912 410 genitoris
933 355 1114 410 imagine
1135 363 1271 411 capta,

153 410 343 461 Detinet,
365 411 583 453 infandum
603 412 635 453 si
656 412 801 454 fallere
820 413 954 468 possit
974 428 1172 455 amorem.

151 468 256 511 Non
276 476 429 524 coeptae
449 478 675 524 assurgunt
694 478 856 519 turres3
885 485 970 510 non
990 485 1106 512 arma
1121 471 1323 525 juventus

154 525 356 576 Exercet,
379 534 578 581 portusve
599 535 672 567 aut
692 527 1012 582 propugnacula
1032 527 1144 569 bello

153 581 270 624 Tuta
290 591 465 637 parant:
490 584 679 638 pendent
699 600 830 639 opera
849 585 1098 639 interrupta,
1119 585 1326 640 minaeque

153 638 379 681 Murorum
398 642 601 696 ingentes,
624 650 874 696 aequataque
894 641 1088 683 machina
1103 641 1226 683 coelo.

211 697 352 744 Quam
373 697 494 739 simul
516 713 563 739 ac
586 698 658 739 tali
679 700 887 754 persensit
906 706 1026 752 peste
1047 699 1182 740 teneri

1554 699 1610 739 90

152 753 264 795 Cara
283 755 402 796 Jovis
424 756 592 809 conjux,
614 770 692 796 nec
712 755 865 796 famam
886 757 1056 796 obstare
1077 756 1222 805 furori,

152 810 331 852 Talibus
353 812 602 866 aggreditur
622 811 833 853 Venerem
857 812 1057 853 Saturnia
1077 814 1223 854 dictis:

153 867 383 923 Egregiam
404 882 504 909 vero
524 868 694 909 laudem
714 876 756 910 et
775 868 910 923 spolia
930 869 1070 924 ampla
1090 870 1257 911 refertis

152 924 309 979 Tuque
330 939 521 980 puerque
543 933 665 975 tuus3
693 941 892 980 magnum
912 933 954 967 et
975 926 1245 968 memorabile
1266 941 1436 976 numen,

152 980 251 1022 Una
272 982 370 1023 dolo
392 982 534 1023 divum
555 983 589 1023 si
608 983 762 1024 femina
782 983 890 1024 victa
912 983 1093 1024 duorum
1112 991 1190 1025 est.
1553 985 1609 1025 95

151 1038 249 1080 Nec
269 1054 335 1080 me
356 1040 464 1080 adeo
485 1039 603 1089 fallit,
624 1041 798 1081 veritam
821 1047 862 1081 te
883 1041 1037 1082 moenia
1057 1048 1200 1082 nostra

151 1095 381 1150 Suspectas
402 1096 601 1138 habuisse
621 1097 769 1138 domos
788 1096 1056 1152 Carthaginis
1077 1098 1186 1139 altae.

152 1153 240 1193 Sed
261 1154 354 1207 quis
375 1154 454 1194 erit
474 1154 657 1194 modus?
688 1162 761 1194 aut
780 1168 865 1208 quo
886 1169 997 1195 nunc
1016 1156 1245 1196 certamina
1267 1162 1383 1195 tanta
1400 1157 1415 1196 2

153 1209 270 1256 Quin
291 1211 430 1264 potius
450 1226 597 1265 pacem
619 1218 819 1251 aeternam
838 1219 1070 1265 pactosque
1092 1211 1352 1265 Hymenaeos

151 1266 415 1308 Exereemus
432 1269 448 1308 2
481 1267 628 1317 habes,
649 1275 739 1308 tota
759 1267 875 1321 quod
896 1276 1034 1309 mente
1054 1269 1197 1323 petisti
1217 1284 1225 1308 :

1530 1269 1609 1309 100

151 1322 292 1365 Ardet
310 1339 452 1365 amans
474 1324 605 1374 Dido,
627 1325 840 1379 traxitque
860 1339 939 1379 per
959 1339 1054 1366 ossa
1075 1325 1272 1366 furorem.

149 1483 295 1513 virtutem
306 1484 413 1514 AEneae
428 1488 458 1514 et
470 1484 671 1514 conditionem
687 1495 781 1519 suam,
796 1488 868 1514 vota

152 1526 185 1551 et
197 1523 342 1552 rationem
359 1523 396 1551 iis
416 1524 553 1562 potiendi
567 1524 664 1552 animo
676 1528 866 1562 reputantem

152 1561 324 1591 incubuisse
344 1572 461 1591 mecum
480 1565 618 1591 statuas?
657 1562 745 1591 Neve
761 1563 867 1591 eadem

151 1600 235 1629 notio
254 1600 301 1630 bis
322 1601 635 1630 exhibita.-—vacua——
644 1601 752 1630 relictis
771 1605 801 1630 te
822 1602 867 1629 of-

151 1639 264 1675 fendat,
280 1650 434 1679 compares
449 1640 518 1669 AEn.
534 1641 599 1675 III,
615 1641 682 1669 1:23.
707 1641 802 1669 Hoste
816 1650 867 1669 va-

151 1688 220 1708 care
240 1679 348 1713 dumos,
371 1679 505 1718 sedesque
524 1679 640 1708 adstare
663 1680 793 1708 relictas.
820 1678 867 1707 W.

153 1717 244 1753 Quod
267 1718 413 1756 praeolare
433 1718 594 1756 subjicitur
606 1718 868 1757 illum—videtque,

152 1762 261 1785 ornatu
286 1757 416 1786 maximo
444 1757 612 1786 enuntiavit
634 1757 776 1795 Aponon.
799 1757 866 1791 III,

151 1795 398 1824 453-458--84
409 1796 532 1833 yremio,
548 1796 587 1824 cf.
601 1795 629 1831 I,
641 1797 710 1825 718.
731 1796 775 1824 H.
795 1795 867 1823 ima—

149 1833 228 1872 gine,
252 1838 367 1872 patrem
387 1835 535 1864 Ascanius
556 1844 607 1863 ore
631 1839 662 1863 et
680 1834 867 1863 lineamentis

152 1872 451 1911 referebat.——-sullere
468 1883 607 1908 canorem,
629 1873 658 1902 h.
671 1884 697 1902 e.
712 1873 866 1911 expellere

151 1911 182 1940 in
205 1921 340 1950 praesens
362 1912 459 1940 animo
475 1922 563 1941 curas
583 1912 715 1949 amoris3
739 1916 773 1940 ut
787 1912 866 1950 apud

152 1949 315 1979 Horatium
331 1951 395 1980 Sat.
408 1951 455 1985 II,
469 1952 499 1985 7,
516 1951 696 1989 lll.fallere
710 1960 808 1979 curam
819 1951 867 1979 di-

151 1989 238 2018 eitur.
252 1989 456 2019 W.-86-S9
466 2000 551 2018 arma
562 1995 672 2019 exercet
683 1989 866 2028 exquisitius

152 2037 242 2066 quam
255 2038 285 2057 se
304 2028 333 2058 iu
351 2028 463 2064 armi-9,-
484 2039 552 2058 nani
573 2039 704 2059 exercere
725 2033 773 2058 est
796 2039 865 2067 pro-

153 2066 219 2104 prie
240 2077 371 2102 movere,
392 2071 477 2097 motu
487 2078 620 2103 versare,
640 2069 767 2106 agitare,
788 2072 865 2096 trac-

153 2108 227 2138 tare.
245 2115 304 2144 quo
317 2106 384 2144 ipso
398 2116 486 2135 usum
507 2107 550 2136 rei
571 2107 776 2145 assequimur3
798 2107 866 2135 hino

153 2143 272 2172 omnino
293 2154 390 2183 agere,
415 2155 574 2184 peragere,
601 2147 867 2175 11199—100.—et

152 2192 222 2211 mox
233 2183 356 2221 pendent
376 2194 432 2222 pro
452 2188 530 2214 sunt.
552 2186 689 2222 (pendere
703 2185 741 2214 de
761 2185 866 2220 rebus,

153 2231 222 2259 quae
243 2231 299 2250 non
318 2223 521 2260 perficiuntur.
542 2224 607 2261 W.)
622 2228 652 2253 et
667 2223 751 2252 minae
770 2234 867 2252 muro-

153 2269 228 2294 rum,
242 2260 320 2289 muri
334 2260 397 2294 alti,
434 2262 498 2290 uasi
512 2262 670 2292 altitudine
685 2273 740 2292 sua
753 2263 867 2292 minan-

154 2302 223 2335 tes;
259 2299 315 2328 hoo
342 2298 419 2337 simp
433 2300 597 2330 ioissimum
625 2306 655 2330 et
681 2312 739 2330 usu
764 2303 865 2340 poetae

152 2337 376 2376 frequentatum
391 2348 397 2366 z
414 2347 481 2376 sup.
496 2339 524 2374 Ι,
539 2341 596 2369 162
609 2340 691 2369 Hinc
705 2345 791 2379 atque
802 2341 867 2369 hinc

152 2381 243 2406 vastae
263 2386 349 2416 rupes
368 2376 527 2416 yemiuique
546 2379 695 2408 minantur
714 2379 743 2408 in
757 2379 867 2408 coelum

152 2415 271 2454 scopuli.
313 2416 360 2444 De
377 2415 546 2445 eminentiis
567 2427 719 2447 murorum
741 2428 775 2447 ao
800 2417 866 2456 pin-

153 2454 210 2488 nis,
231 2457 391 2488 ἐπάλξεσιν,
415 2459 593 2493 acceperunt
609 2457 672 2499 jam
685 2460 816 2491 veteres,
837 2467 868 2486 v.

154 2493 265 2531 Serv.;
300 2494 352 2523 sed
380 2493 436 2522 hoo
463 2503 553 2522 sensu
579 2504 662 2523 mmae
688 2496 868 2530 technicum,

155 2532 289 2570 adeoque
306 2532 357 2561 vix
372 2532 536 2570 poeticum,
548 2536 579 2561 et
593 2533 735 2562 seriorum
749 2534 869 2572 quidem

154 2571 337 2609 scriptorum
364 2571 542 2600 vocabulum
568 2571 663 2600 fuisse
687 2573 866 2602 videtur.—

154 2609 286 2638 machina
301 2610 401 2648 simpl.
415 2609 519 2643 moles,
540 2610 719 2647 aedificium3
741 2611 784 2640 sic
804 2621 867 2640 me-

154 2647 214 2676 lius
233 2653 319 2686 puto,
340 2659 428 2688 quam
442 2649 479 2678 de
493 2649 585 2687 tignis
601 2649 722 2678 statutis
737 2654 768 2678 et
782 2650 868 2678 colli-

156 2686 246 2723 gatis,
266 2687 376 2725 quibus
394 2687 547 2723 insistunt,
569 2687 621 2726 qui
634 2697 736 2716 muros
750 2689 870 2717 confici-

155 2728 216 2756 unt.
239 2726 342 2764 (nobis
363 2725 520 2765 Geriiste).
540 2727 585 2757 H.
605 2727 804 2757 instrumenta
828 2727 869 2756 in-

907 1484 1021 1528 telligo,
1041 1486 1174 1523 qualium
1187 1486 1278 1515 estin
1294 1485 1375 1514 bello
1389 1496 1473 1514 usus·
1492 1486 1568 1514 Hoec
1582 1491 1612 1515 et

906 1534 984 1552 murt
1002 1530 1070 1553 sunt
1084 1535 1182 1563 opera,
1197 1535 1264 1563 quae
1281 1525 1423 1562 pendent.
1447 1524 1496 1554 JV.

943 1564 1060 1591 90—92
1082 1568 1174 1602 peste,
1201 1563 1330 1592 exitioso
1357 1564 1473 1598 morbo,
1503 1573 1614 1594 amore.

906 1601 945 1630 cf.
962 1602 989 1636 I,
1004 1603 1208 1639 7l2.fa7›1‹1n1,
1224 1602 1253 1630 h.
1269 1612 1295 1630 e.
1311 1612 1413 1631 curam
1426 1602 1535 1641 famae5
1557 1613 1613 1632 non

906 1640 987 1668 illam
998 1642 1061 1678 jam
1078 1644 1158 1669 metu
1171 1641 1257 1669 malae
1272 1642 1357 1670 samm
1368 1641 1515 1670 revocari.
1530 1642 1569 1670 cf·
1583 1653 1613 1672 v.

908 1679 1059 1708 lfa—H.
1069 1679 1248 1718 assyreditur‚
1260 1680 1476 1717 interpretarer
1487 1691 1493 1708 :
1507 1685 1612 1715 tentat,

906 1722 937 1746 et
959 1718 1057 1747 inesse
1080 1722 1218 1756 putarem
1239 1719 1390 1747 notionem
1414 1719 1563 1757 capiendi,
1584 1720 1613 1748 iu

906 1757 1082 1785 sententiam
1096 1767 1179 1786 suam
1193 1757 1299 1786 dolose
1314 1757 1521 1795 pertrahendi,
1536 1758 1613 1787 utin

906 1796 1008 1824 verbis
1023 1795 1142 1833 ayyredi
1154 1795 1277 1834 aliquem
1287 1797 1420 1834 pecunia.
1452 1797 1524 1825 Sall.
1539 1797 1556 1826 J
1561 1808 1612 1835 ug.

907 1844 934 1862 c.
947 1835 998 1867 28,
1019 1835 1077 1863 nisi
1099 1844 1115 1863 a
1132 1845 1223 1863 versu
1236 1835 1305 1863 476.
1329 1835 1381 1863 illa
1401 1840 1484 1864 esset
1506 1836 1611 1865 aliena.

906 1873 964 1901 Est
977 1873 1068 1911 igitur
1082 1874 1163 1911 apud
1177 1874 1331 1902 Maronem
1345 1873 1464 1912 alloqui,
1484 1879 1518 1903 ut
1531 1874 1611 1903 imm-

905 1912 971 1940 dere
995 1916 1169 1950 usurpatur,
1196 1913 1265 1941 265.
1295 1911 1342 1941 W.
1365 1913 1498 1941 93—98
1520 1914 1613 1951 spolIa

906 1954 1008 1979 ornate
1028 1961 1083 1989 pro
1097 1951 1235 1980 victoria.
1251 1961 1337 1989 puer,
1359 1954 1433 1985 παῖς,
1453 1951 1544 1984 filius.
1566 1963 1613 1981 res

905 1994 975 2018 nota
995 1990 1043 2019 vel
1059 2000 1097 2019 ex
1113 1990 1396 2021 Horatia—numen
1418 1990 1475 2019 erit
1497 1991 1615 2020 scilicet

905 2034 1051 2062 vestrum,
1065 2029 1094 2058 h.
1111 2040 1137 2057 e.
1152 2038 1218 2062 VOS,
1240 2029 1294 2061 dii,
1313 2029 1338 2057 si
1351 2029 1612 2059 circumvenerim

906 2068 967 2095 duo
988 2077 1076 2096 unam
1101 2067 1249 2096 feminam.
1273 2067 1313 2095 cf.
1337 2067 1429 2095 Ovid.
1455 2068 1531 2096 Met.
1553 2069 1612 2103 IV,

905 2107 974 2134 416.
1013 2105 1117 2134 Lectio
1138 2116 1241 2134 numen
1261 2106 1450 2143 praeferenda
1472 2106 1543 2134 mihi
1567 2107 1614 2136 vin

906 2145 994 2173 detur
1009 2144 1095 2173 alteri
1108 2155 1218 2179 nomen,
1238 2148 1329 2176 κλέος,
1351 2144 1456 2182 gloria.
1470 2144 1515 2172 Η.
1538 2145 1614 2174 Sen-

907 2194 958 2212 sus
973 2184 1132 2212 verborum
1146 2183 1272 2212 Junonis
1284 2194 1289 2211 :
1306 2182 1434 2221 Eyreyie
1446 2193 1513 2212 vero
1527 2183 1612 2212 vicis-

906 2223 954 2257 tis,
969 2221 995 2250 si
1002 2222 1143 2260 feminam
1155 2222 1184 2249 in
1196 2232 1320 2250 amorem
1330 2221 1494 2255 induxistis,
1510 2222 1552 2251 ita
1560 2223 1612 2252 de-

905 2261 1045 2295 claratar,
1060 2264 1093 2289 ut
1105 2271 1160 2298 pro
1172 2260 1299 2289 victoria
1310 2260 1373 2289 laus
1384 2264 1415 2290 et
1425 2261 1528 2304 spolia,
1542 2272 1610 2300 quae

905 2300 987 2335 illam
1002 2303 1177 2337 sequuntur,
1192 2299 1293 2337 posita
1307 2299 1378 2327 sint.
1417 2300 1450 2328 Si
1468 2300 1536 2338 quis
1549 2301 1613 2329 lau·

905 2339 967 2368 dem
980 2338 1090 2373 retulit,
1111 2339 1177 2376 ejus
1191 2348 1295 2367 nomen
1309 2342 1412 2366 notum
1428 2348 1495 2367 esse
1509 2343 1592 2377 patet
1605 2350 1612 2371 ;

906 2388 1011 2406 sensus
1033 2377 1125 2416 igitur
1146 2376 1339 2415 praestantior
1359 2380 1390 2406 et
1408 2377 1515 2406 fortior
1535 2378 1614 2407 inest

905 2416 1026 2446 lectioni
1040 2426 1151 2450 numen,
1167 2426 1254 2454 quam
1269 2415 1444 2454 amplector.
1484 2416 1533 2445 Ex
1549 2417 1612 2446 vic-

906 2456 984 2484 toria
995 2455 1073 2484 enim
1084 2455 1211 2483 deorum
1225 2465 1332 2493 magna
1342 2464 1445 2483 eorum
1456 2456 1612 2494 consequi-

907 2499 956 2523 tur
976 2494 1140 2527 veneratio,
1159 2503 1264 2522 numen
1285 2494 1319 2522 fit
1335 2493 1529 2529 memorabile,
1551 2498 1611 2522 ὀνο-

908 2537 1023 2569 μαστόν.
1067 2532 1129 2560 Pro
1155 2532 1498 2571 quandoquidem—victa
1525 2543 1611 2561 usur-

905 2575 995 2610 patur
1008 2570 1149 2600 si—victa
1162 2575 1223 2607 est,·
1245 2576 1315 2610 apte
1332 2572 1445 2610 quippe
1461 2582 1521 2611 qua
1540 2581 1610 2600 con·

903 2610 1056 2649 junctione
1081 2619 1150 2638 cum
1174 2609 1337 2640 indicativo
1357 2612 1474 2648 juncta,
1496 2610 1553 2638 sibi
1571 2610 1609 2638 de

907 2649 1034 2677 victoria
1046 2657 1102 2676 non
1116 2652 1198 2678 cerlo
1214 2654 1363 2684 constare,
1377 2649 1457 2679 Juno
1470 2648 1610 2678 dissimu-

907 2688 1005 2717 lanter
1023 2687 1080 2725 (cf.
1096 2688 1168 2725 100)
1184 2688 1348 2727 siguificare
1364 2687 1503 2717 voluerit.
1526 2685 1611 2716 lis.—

909 2727 948 2755 06
963 2725 1026 2755 Nee
1038 2725 1118 2761 adeo,
1133 2737 1185 2757 nec
1206 2727 1291 2765 plane
1304 2728 1408 2765 ignara
1419 2736 1485 2756 sum
1499 2730 1530 2755 te
1545 2735 1611 2754 sus-
