1796 3077
594 281 866 320 AENEIDOS.
924 281 1026 320 LIB.
1057 282 1129 319 XI.

108 400 417 456 Omnipotens!
450 403 554 446 Non
575 406 759 455 exuvias,
778 405 965 460 pulsaeve
987 412 1195 460 tropaeum

107 456 310 512 Virginis,
333 468 407 501 aut
427 461 562 516 spolia
582 461 668 503 ulla
688 471 802 516 peto.

110 513 244 555 Facta
264 515 415 557 ferent.

862 462 974 504 Mihi
995 471 1136 504 cetera
1156 463 1325 505 laudem

480 517 590 560 Haec
612 519 704 559 dira
725 534 819 560 meo
840 519 942 560 dum
963 518 1134 560 vulnere
1156 521 1290 573 pestis

107 569 238 611 Pulsa
258 571 396 621 cadat,
417 575 574 627 patrias
595 575 792 616 remeabo
813 575 1016 629 inglorius
1035 576 1178 617 urbes.

105 625 272 676 Audiit,
294 635 337 668 et
357 631 443 670 voti
461 630 653 672 Phoebus
676 631 907 673 succedere
929 639 1092 685 partem

108 681 259 724 Mente
280 684 417 725 dedit:
451 695 613 740 partem
635 687 824 729 volucres
842 688 1039 742 dispersit
1056 688 1099 727 in
1120 700 1259 728 auras.

1489 687 1571 727 795

110 739 331 781 Sterneret
351 749 398 782 ut
420 743 560 783 subita
581 745 795 784 turbatam
815 752 949 784 morte
973 743 1204 791 Camillam,

107 794 274 836 Annuit
295 799 432 838 oranti
449 814 457 838 :
489 799 691 840 reducem
707 807 755 840 ut
775 802 911 854 patria
932 799 1015 840 alta
1037 800 1213 848 videret,

108 851 213 892 Non
229 853 367 903 dedit3
398 855 525 907 inque
546 863 669 896 notos
685 871 830 896 vocem
851 864 1014 896 vertere
1034 855 1244 910 procellae.

110 907 245 961 Ergo,
267 916 315 949 ut
330 910 455 949 missa
476 925 602 951 manu
624 913 805 952 sonitum
822 912 941 953 dedit
960 911 1083 952 hasta
1101 927 1177 966 per
1197 926 1334 960 auras,

110 963 370 1006 Convertere
392 966 564 1016 animos,
587 982 704 1008 acres
725 967 955 1022 oculosque
973 967 1120 1017 tulere,

790 1024 911 1065 Nihil
932 1025 1024 1078 ipsa
1045 1039 1183 1078 neque
1205 1038 1333 1072 aurae,

111 1019 266 1062 Cuncti
285 1022 340 1062 ad
360 1023 547 1076 reginam
568 1023 730 1065 Volsci.

1488 968 1573 1007 800

115 1075 211 1117 Nec
234 1078 394 1118 sonitus
416 1094 588 1129 memor,
612 1088 684 1121 aut
704 1081 907 1121 venientis
929 1081 983 1121 ab
1004 1080 1164 1121 aethere
1185 1079 1277 1121 teli:

111 1132 251 1173 Hasta
271 1135 350 1174 sub
371 1143 581 1176 exsertam
601 1136 737 1177 donec
758 1136 922 1191 perlata
942 1136 1143 1190 papillam

109 1188 263 1238 Haesit,
285 1190 605 1245 virgineumque
627 1192 710 1233 alte
727 1194 837 1234 bibit
857 1200 951 1233 acta
971 1207 1180 1233 cruorem.

111 1245 382 1286 Concurrunt
402 1248 580 1300 trepidae
602 1249 789 1297 comites,
807 1249 1104 1301 dominamque
1125 1254 1318 1288 ruentem

433 1302 562 1357 Fugit
583 1311 680 1345 ante
702 1319 846 1345 omnes
867 1305 1104 1345 exterritus
1128 1305 1309 1352 Arruns,

112 1301 372 1355 Suscipiunt.

115 1357 287 1398 Laetitia
307 1359 525 1412 mixtoque
547 1367 662 1409 metu
675 1377 684 1409 3
716 1375 793 1401 nec
808 1362 897 1414 jam
918 1360 1094 1413 amplius
1116 1360 1251 1401 hastae

118 1413 320 1463 Credere,
342 1429 421 1455 nec
443 1414 536 1455 telis
557 1430 779 1457 occurrere
800 1416 969 1470 virginis
990 1416 1134 1456 audet.

118 1469 186 1510 Ac
203 1470 317 1510 velut
334 1470 414 1520 ille,
437 1472 552 1525 prius
569 1487 695 1524 quam
714 1471 797 1513 tela
813 1473 978 1512 inimica
995 1479 1238 1524 sequantur,

119 1526 332 1567 Continuo
353 1527 395 1566 in
414 1535 578 1568 montes
600 1543 690 1569 sese
712 1530 828 1569 avius
849 1528 1013 1568 abdidit
1033 1527 1153 1577 altos,

1497 1525 1581 1564 810

118 1582 274 1624 Occiso
290 1591 473 1637 pastore,
493 1583 632 1638 lupus,
655 1599 858 1639 magnove
870 1585 1066 1638 juvenco,

120 1639 326 1679 Conscius
347 1640 517 1680 audacis
538 1641 651 1689 facti,
670 1641 933 1695 caudamque
950 1639 1183 1680 remulcens

123 1696 317 1749 Subjecit
336 1697 593 1750 pavitantem
614 1705 750 1746 utero,
774 1697 980 1751 silvasque
1001 1696 1169 1750 petivit:

121 1751 254 1792 Haud
276 1766 396 1792 secus
417 1766 470 1793 ex
493 1752 623 1794 oculis
641 1768 685 1794 se
708 1754 902 1794 turbidus
924 1752 1096 1793 abstulit
1117 1751 1297 1798 Arruns,

119 1808 442 1862 Contentusque
463 1809 565 1863 fuga
585 1811 733 1850 mediis
756 1825 799 1850 se
819 1810 1049 1850 immiscuit
1071 1809 1208 1848 armis.

119 1864 198 1905 Illa
217 1879 343 1904 manu
363 1865 544 1905 moriens
565 1865 695 1906 telum
716 1866 846 1906 trahit
864 1882 872 1906 :
907 1881 1002 1906 ossa
1024 1865 1098 1905 sed
1120 1865 1229 1904 inter

120 1920 304 1962 Ferreus
325 1921 380 1961 ad
401 1929 539 1962 costas
560 1921 645 1962 alto
666 1930 748 1962 stat
767 1922 939 1963 vulnere
960 1935 1119 1961 mucro.

124 1976 306 2017 Labitur
327 1978 575 2032 exsanguis3
606 1977 806 2018 labuntur
826 1979 980 2032 frigida
995 1977 1080 2017 leto

125 2033 328 2083 Lumina3
359 2049 602 2088 purpureus
624 2035 837 2088 quondam
858 2034 972 2075 color
993 2048 1066 2073 ora
1087 2031 1268 2084 reliquit.

123 2089 238 2129 Tum
260 2090 317 2130 sic
339 2091 558 2144 exspirans
581 2092 754 2139 Accam,
775 2104 830 2131 ex
850 2089 1081 2144 aequalibus
1103 2102 1241 2134 unam,

1501 2086 1586 2125 820

122 2144 390 2199 Alloquitur3
422 2146 509 2187 fida
529 2155 624 2189 ante
642 2147 743 2188 alias
765 2162 860 2200 quac
881 2146 969 2188 sola
990 2143 1196 2191 Camillae,

126 2281 232 2302 versas
254 2271 390 2310 seqnitur
410 2273 447 2301 ab
465 2273 533 2302 istis
547 2272 770 2312 partes—79¹4.
782 2272 839 2300 795

130 2311 168 2340 ad
181 2311 378 2340 Homericum
388 2310 428 2339 11.
441 2313 540 2346 π,249
552 2322 618 2350 sqq.
627 2310 715 2344 dedit,
730 2310 841 2344 annuit,

128 2353 231 2383 mente,
244 2351 349 2387 γνώμῃ,
360 2349 500 2384 consilio,
514 2351 637 2379 decreto
652 2349 760 2384 animi3
776 2348 843 2376 nul-

128 2387 159 2416 lo
171 2391 268 2416 tamen
285 2387 372 2425 signo
385 2387 646 2417 declarato.--797
656 2387 759 2426 patria
772 2386 843 2415 alta.

127 2426 247 2455 Ornans
271 2425 425 2463 epitheton
439 2427 514 2455 satis
528 2427 684 2471 frequens,
697 2426 727 2454 h.
742 2425 833 2458 clara,

130 2464 250 2493 nobilis.
306 2464 465 2492 Interdum
499 2465 537 2494 ad
569 2468 662 2493 Situm
698 2464 843 2496 refertur,

130 2502 221 2531 etiam
236 2501 273 2530 ad
288 2511 442 2531 murorum
456 2513 491 2531 ac
505 2503 631 2531 turrium
645 2502 846 2531 altitudinem.

134 2541 196 2569 Sed
222 2540 252 2568 in
274 2540 387 2569 talibus
411 2540 554 2578 epithetis
576 2540 649 2569 satis
668 2545 726 2572 est,
749 2540 846 2568 animo

135 2579 293 2607 observari
307 2579 469 2607 obscuram
486 2579 638 2607 notionem
655 2589 770 2618 magnae
793 2577 846 2606 ali-

140 2618 229 2653 cujus
247 2620 277 2644 et
290 2616 445 2654 praeclarae
458 2617 514 2646 rei.

174 2655 210 2682 ln
233 2655 290 2683 803
312 2660 428 2684 exserta
448 2654 560 2694 papilla
579 2654 704 2682 humero
737 2653 846 2681 dextro

137 2693 266 2727 nudato,
279 2696 309 2721 ut
327 2703 372 2721 vs.
387 2695 447 2722 645)
461 2691 688 2723 vidimus.--z'lle
701 2692 782 2730 lupus
792 2702 801 2718 .·
815 2694 849 2717 ut

145 2730 305 2771 illa—aper
324 2731 370 2767 X,
393 2734 469 2762 707:
494 2732 577 2767 ΧΠ,
605 2733 634 2760 5.
655 2740 715 2760 sese
731 2729 850 2764 abdidit,

880 2272 991 2300 abdere
1009 2270 1096 2303 solet,
1119 2267 1213 2301 abdit,
1236 2268 1326 2305 fugit,
1341 2277 1379 2296 ex
1396 2277 1441 2305 gr.
1463 2267 1589 2296 aoristo.

881 2310 1013 2339 conscius
1027 2307 1144 2337 audacis
1155 2305 1246 2343 sacti,
1262 2316 1353 2344 quem
1367 2308 1435 2340 θῆρα
1449 2309 1529 2333 κακὸν
1543 2309 1589 2343 ῥέ-

882 2352 967 2381 ξαντα
999 2348 1129 2376 dixerat.
1171 2344 1291 2373 caudam
1310 2344 1500 2383 pavitantem,
1527 2354 1593 2382 quoe

883 2392 931 2416 est
944 2387 1017 2416 ferae
1033 2382 1210 2425 pavitantis,
1234 2383 1402 2417 remulcens,
1423 2382 1592 2416 reflectens,

883 2429 1030 2463 ὸρῥωὸῶν,·
1055 2423 1109 2453 sed
1135 2421 1308 2458 exquisite:
1343 2424 1378 2450 ut
1404 2421 1526 2449 mulcere
1554 2420 1595 2448 sit

885 2463 1050 2493 mulcendo
1073 2460 1233 2493 inflectere,
1263 2459 1306 2487 uti
1330 2469 1360 2487 v.
1382 2469 1409 2487 c.
1431 2459 1461 2487 in
1482 2458 1593 2487 felibus

886 2502 952 2531 fieri
965 2501 1114 2530 videmus.
1124 2497 1326 2532 HesiodAEp-f.
1337 2498 1406 2526 512.
1421 2497 1474 2525 sed
1487 2497 1524 2525 de
1540 2496 1593 2524 fri-

887 2550 976 2579 gore·-
998 2542 1083 2572 Θῆρες
1100 2540 1127 2564 δὲ
1142 2538 1297 2571 φρίσσουσ’,
1313 2538 1392 2570 οὐρὰς
1411 2537 1434 2563 δ’
1454 2538 1505 2563 ὑπὸ
1522 2537 1594 2567 μέζε’

888 2582 991 2607 ἔθεντο.
1021 2578 1078 2604 815
1103 2577 1181 2609 μίκτο
1203 2576 1226 2601 δ’
1251 2574 1450 2612 ὁμίλῳ.-818
1471 2572 1596 2606 lubitum·

888 2626 966 2644 nunc
981 2616 1018 2644 de
1043 2614 1111 2652 ipso
1133 2616 1252 2646 conatu,
1274 2616 1378 2641 nutat:
1402 2621 1469 2640 nam
1485 2622 1512 2638 v.
1536 2610 1595 2637 828

887 2655 1007 2683 demum
1023 2652 1062 2680 de
1079 2661 1156 2688 equo
1170 2650 1287 2679 defluit.

925 2694 981 2721 821
997 2695 1064 2720 avale
1080 2689 1154 2718 alias
1167 2688 1228 2716 sola
1239 2688 1301 2725 fida
1322 2697 1389 2725 quae
1412 2691 1493 2726 crat:
1516 2686 1597 2727 quod

889 2728 1075 2761 communius
1088 2727 1164 2758 solet
1179 2726 1239 2756 dici
1253 2737 1259 2755 ι
1282 2736 1338 2756 uua
1356 2729 1421 2754 mace
1434 2723 1506 2752 alias
1515 2722 1595 2760 julis-
