1796 3077
577 235 851 276 AENEIDOS.
908 235 1011 274 LIB.
1044 235 1138 274 XII.

1491 243 1585 288 639

117 363 236 407 Talis
258 380 390 421 equos
413 364 551 408 alacer
566 367 705 408 media
720 367 830 408 inter
850 365 1002 421 proelia
1023 365 1200 407 Turnus
1228 367 1230 369 ’

119 422 349 464 Fumantes
371 424 526 464 sudore
542 425 704 478 quatit3
736 422 974 464 miserabile
995 423 1115 464 caesis

119 479 325 520 Hostibus
346 479 550 521 insultans
567 497 577 529 ς
610 481 771 534 spargit
790 480 941 534 rapida
957 478 1116 533 ungula
1135 493 1252 520 rores

119 534 399 589 Sanguineos,
421 537 636 591 mixtaque
656 551 781 578 cruor
802 535 989 577 calcatur
1010 550 1151 576 arena.

1497 537 1582 577 340

117 591 301 645 Jamque
324 593 417 634 neci
437 593 773 646 Sthenelumque
788 593 921 641 dedit,
944 591 1293 646 Thamyrimque,
1314 591 1580 648 Pholumque

116 647 264 697 Hunc,
285 663 548 703 congressus,
568 657 610 691 et
630 650 744 690 hunc
761 667 770 699 3
802 649 919 689 illum
939 650 1100 690 eminus
1117 665 1125 698 3
1158 649 1319 690 eminus
1344 650 1465 690 ambo

120 702 392 753 Imbrasidas,
416 706 629 747 Glaucum
651 714 778 760 atque
801 705 965 751 Laden,
989 720 1095 759 quos
1117 704 1332 747 Imbrasus
1353 707 1443 760 ipse

119 759 346 802 Nutrierat
368 761 517 816 Lycia,
536 764 798 818 paribusque
819 770 1042 803 ornaverat
1064 762 1208 811 armis3

119 815 205 857 Vel
225 817 417 858 conferre
439 834 621 868 manum,
643 818 708 859 vel
722 833 833 872 equo
854 826 1109 872 praevertere
1130 826 1292 860 ventos.

1495 819 1521 860 00

1524 819 1580 860 ἓ

120 872 250 914 Parte
271 874 352 914 alia
371 875 511 915 media
533 875 751 916 Eumedes
772 876 813 915 in
833 875 987 929 proelia
1006 874 1152 924 fertur,

117 928 299 984 Antiqui
319 930 461 985 proles
483 931 595 972 bello
616 931 822 985 praeclara
843 930 1046 971 Dolonis:

116 984 303 1027 Nomine
324 1002 446 1028 avum
466 988 669 1036 referens,
686 989 825 1029 animo
845 988 1124 1041 manibusque
1143 994 1386 1041 parentem:

118 1041 207 1088 Qui
225 1044 452 1096 quondam,
475 1051 612 1085 castra
632 1051 679 1085 ut
700 1044 900 1084 Danaum
919 1044 1160 1097 speculator
1177 1044 1328 1093 adiret,

113 1097 261 1139 Ausus
280 1099 443 1140 Pelidae
461 1101 643 1154 pretium
665 1101 744 1141 sibi
764 1115 942 1154 poscere
963 1115 1135 1141 currus:

1493 1102 1578 1143 350

115 1154 241 1195 Illum
262 1156 455 1209 Tydides
477 1156 557 1197 alio
579 1171 658 1210 pro
679 1156 833 1197 talibus
854 1157 965 1196 ausis

113 1210 276 1252 Affecit
297 1213 459 1265 preti03
491 1227 568 1253 nec
590 1213 710 1266 equis
730 1214 888 1266 aspirat
910 1211 1103 1252 Achillis.

112 1267 244 1308 Hunc
265 1267 413 1322 procul
432 1275 479 1309 ut
496 1284 644 1322 campo
663 1268 836 1309 Turnus
860 1269 1079 1322 prospexit
1100 1275 1272 1322 aperto:

112 1324 229 1365 Ante
249 1324 330 1365 levi
345 1324 489 1378 jaculo
511 1324 684 1379 longum
705 1339 782 1378 per
801 1326 924 1364 inane
945 1332 1127 1373 secutus,

115 1380 236 1421 Sistit
257 1395 389 1434 equos
404 1382 584 1434 bijuges,
607 1388 650 1421 et
670 1395 796 1420 curru
818 1380 972 1428 desilit,
994 1388 1121 1432 atque

1485 1383 1569 1422 350

115 1437 359 1477 Semianimi
381 1436 586 1491 lapsoque
604 1437 858 1490 supervenit,
882 1444 936 1484 et,
958 1436 1071 1489 pede
1093 1435 1201 1476 collo

114 1492 342 1547 Impresso,
360 1493 523 1534 dextrae
544 1508 787 1534 mucronem
808 1499 1046 1545 extorquet,
1069 1500 1111 1532 et
1133 1492 1216 1532 alto

115 1549 368 1604 Fulgentem
389 1549 702 1604 tingitjugulo3
734 1557 861 1602 atque
881 1548 975 1589 haec
992 1549 1166 1602 insuper
1184 1549 1327 1590 addit:

114 1605 198 1655 En,
221 1621 360 1660 agros,
383 1614 438 1655 et,
461 1621 587 1659 quam
610 1606 735 1654 bello,
758 1605 960 1659 Trojane,
982 1605 1142 1658 petisti,

113 1662 368 1716 Hesperiam
388 1664 537 1703 metire
547 1663 719 1716 jacens:
751 1662 844 1702 haec
865 1662 1050 1716 praemia,
1072 1662 1143 1715 qui
1159 1676 1225 1702 me
1484 1663 1569 1704 060

111 1718 243 1760 Ferro
265 1720 356 1759 ausi
375 1726 552 1767 tentare,
576 1719 738 1767 ferunt3
772 1719 830 1758 sic
851 1719 1006 1758 moenia
1027 1718 1227 1759 condunt.

110 1775 228 1816 Huic
249 1775 442 1816 comitem
463 1776 661 1816 Asbuten
680 1776 871 1827 conjecta
892 1775 1064 1828 cuspide
1085 1775 1234 1824 mittit3

111 1831 395 1885 Chloreaque,
416 1832 711 1885 Sybarimque,
735 1831 1000 1884 Daretaque,
1025 1830 1464 1885 Thersilochumque3

110 1887 171 1929 Et
191 1889 393 1929 sternacis
413 1889 512 1943 equi
528 1887 694 1942 lapsum
714 1887 876 1929 cervice
897 1887 1171 1942 Thymoeten.

109 2021 266 2057 incedunt,
286 2023 434 2052 Formido
455 2023 528 2061 (pro
555 2033 614 2061 qua
634 2021 819 2051 Formidinis

108 2070 161 2089 ora
173 2061 246 2095 dici,
262 2061 352 2090 obvia
366 2071 415 2090 res
429 2064 504 2098 est),
521 2062 582 2096 Ira,
599 2061 735 2090 Insidiae.
758 2062 817 2089 Va-

107 2098 199 2127 riavit
227 2104 258 2128 et
285 2100 405 2128 ornavit
432 2100 567 2129 Comites
592 2100 702 2128 Martis
738 2100 819 2137 apud

110 2136 278 2165 Homerum
298 2148 304 2166 z
327 2142 428 2173 Φόβον,
443 2141 558 2172 Δεῖμον,
568 2142 675 2172 Ἔριδα,
690 2148 721 2167 v.
737 2149 763 2166 c.
779 2138 818 2166 Il.

111 2179 136 2209 ὸ,
148 2175 224 2203 4-1οε
247 2175 376 2204 Hesiod.
393 2177 479 2204 Scut.
495 2178 562 2205 195.

147 2214 305 2242 337—3-10
321 2213 405 2242 Talis
422 2224 522 2243 rerum
544 2215 664 2253 species
679 2225 763 2253 saepe
780 2215 816 2242 ab

110 2251 246 2281 Homero
261 2252 357 2280 oculis
378 2252 535 2290 objicitur,
555 2254 625 2282 vide
652 2254 687 2282 ll.
703 2260 732 2287 λ,
748 2255 815 2282 531.

107 2290 264 2318 534—536
279 2301 285 2317 z
303 2304 326 2324 v,
336 2291 394 2319 498
409 2292 554 2328 sq.—3<12
567 2302 735 2330 conyressus
749 2301 817 2320 cum

106 2328 172 2362 illo,
193 2327 340 2356 cominus.
363 2333 487 2361 συνάψας
506 2333 553 2359 τὰς
575 2335 677 2364 χεῖρας.
697 2332 754 2360 3-15
783 2334 814 2358 ut

109 2376 161 2395 seu
176 2366 295 2404 pedites
309 2376 363 2394 seu
376 2376 413 2395 ex
429 2377 505 2405 equo
519 2373 698 2405 pugnarent.

146 2405 205 2433 346
227 2414 292 2442 sqq.
315 2405 476 2442 Ingeniose
497 2406 664 2436 Eumedem
687 2417 764 2435 nunc
786 2406 815 2434 in

106 2453 223 2472 carmen
239 2452 323 2471 suum
334 2443 479 2480 produxit
489 2448 518 2472 et
528 2446 654 2479 ornavit,
666 2449 815 2483 tamquam

106 2491 164 2509 avo
180 2481 317 2509 Eumede
339 2484 369 2508 et
389 2486 474 2518 patre
497 2482 614 2512 Dolone
630 2487 752 2512 natum:
774 2483 814 2510 cf.

108 2519 201 2548 Iliad.
213 2532 238 2554 κ,
251 2520 320 2548 314.
343 2518 497 2548 Homerus
514 2521 635 2558 quidem
645 2522 683 2550 de
697 2521 814 2549 Dolone

108 2557 138 2589 ἦν
153 2561 182 2585 δέ
194 2571 232 2586 τις
242 2560 423 2592 ὲνΤρώεσσιυ,
440 2558 492 2586 sed
510 2559 561 2596 qui
576 2563 621 2588 tot
636 2560 695 2588 alia
712 2560 815 2587 memi-

105 2595 194 2628 nerit,
209 2596 237 2623 in
251 2597 361 2633 quibus
376 2596 531 2625 versandis
546 2601 575 2625 et
590 2598 730 2626 ornandis
744 2599 814 2636 po'e'-

105 2637 157 2667 tae,
167 2633 195 2662 in
207 2633 314 2671 primis
322 2634 441 2672 tragici,
455 2645 507 2664 seu
522 2639 553 2663 ut
567 2636 698 2665 novitate
713 2641 744 2665 et
761 2646 811 2665 va·

858 2021 966 2050 rietate
986 2022 1152 2057 delectent,
1170 2032 1222 2050 seu
1236 2032 1291 2060 pro
1307 2023 1424 2052 consilii
1438 2023 1568 2053 diversi-

858 2064 931 2093 tate,
949 2060 987 2087 ab
1011 2060 1146 2088 Homero
1162 2070 1216 2088 suo
1231 2061 1384 2095 recedunt,
1406 2071 1462 2090 non
1477 2063 1567 2091 mira-

858 2099 941 2126 bitur
958 2098 1112 2126 Maronem
1123 2099 1152 2127 h.
1168 2098 1188 2126 l.
1204 2098 1262 2126 sibi
1275 2102 1387 2127 tantum
1402 2100 1494 2128 licere
1511 2110 1566 2137 pu-

858 2140 950 2169 tasse,
966 2140 999 2164 ut
1013 2142 1042 2164 et
1056 2136 1185 2164 nobilem
1203 2140 1232 2164 et
1250 2137 1357 2165 fortem
1373 2138 1488 2166 faceret
1500 2139 1566 2167 Do-

856 2175 1185 2212 lonem.—autiq11ipro
1202 2175 1310 2203 nobilis
1320 2180 1349 2204 et
1363 2177 1465 2212 magni
1477 2176 1563 2206 Serv,

856 2214 964 2241 -354,
986 2213 1044 2241 Per
1067 2213 1186 2247 longum
1210 2214 1342 2250 spatium
1359 2215 1461 2251 jaculo
1487 2214 1564 2243 inse-

858 2251 1096 2290 quutusfl'uruus
1113 2252 1277 2280 Eumedem
1294 2252 1479 2290 elonginquo
1493 2253 1561 2281 vul-

857 2300 975 2319 nerasse
992 2290 1143 2327 putandus
1164 2295 1220 2318 est.
1261 2290 1342 2318 Hinc
1363 2290 1415 2318 ille
1430 2291 1562 2320 semiani-

854 2329 908 2357 mis
923 2329 1093 2366 lapsusque:
1109 2332 1137 2356 et
1150 2329 1281 2361 Turnus,
1296 2328 1346 2366 qui
1360 2328 1473 2357 hastam
1485 2339 1563 2358 nunc

854 2377 913 2395 non
936 2367 1069 2399 haberet,
1091 2376 1263 2399 nun-runem,
1285 2376 1338 2395 seu
1361 2366 1487 2401 hastam,
1510 2378 1563 2396 seu

857 2405 1004 2441 gladium,
1026 2404 1107 2432 illius
1129 2414 1217 2432 manu
1231 2409 1404 2442 extorquet,
1420 2416 1480 2443 quo
1494 2416 1561 2435 eum

851 2443 1080 2482 jugulet.——355
1095 2443 1259 2480 Postquam
1274 2448 1420 2480 sequutus
1435 2448 1465 2472 et
1479 2454 1563 2473 asse-

855 2486 967 2520 quutus
979 2481 1038 2509 telo
1052 2491 1119 2509 eum
1132 2485 1195 2509 erat
1207 2490 1216 2507 ε
1237 2481 1341 2509 desilit
1354 2481 1475 2510 Turnus
1493 2493 1562 2511 cur-

854 2531 901 2553 ru,
919 2524 952 2547 ut
967 2529 1048 2556 saepe
1062 2523 1230 2556 pugnantes
1253 2519 1290 2548 de
1311 2520 1450 2549 curribus
1466 2521 1560 2549 comi-

855 2569 910 2587 nus
926 2557 1130 2592 congressuri.
1145 2568 1175 2585 v.
1189 2568 1215 2586 c.
1232 2557 1271 2586 Il.
1282 2571 1309 2592 γ,
1324 2559 1372 2586 29.
1393 2563 1422 2587 et
1435 2559 1511 2587 infra
1527 2568 1557 2586 v.

853 2597 1020 2625 681.—355
1035 2595 1120 2633 tinyit
1128 2596 1350 2633 ensemjuyulo,
1366 2597 1396 2624 h.
1407 2607 1432 2625 e.
1448 2597 1558 2624 immit-

851 2635 890 2664 tit
902 2635 930 2663 in
941 2633 1092 2671 jugulum,
1114 2638 1146 2662 ut
1159 2635 1301 2672 sauguine
1317 2634 1558 2673 nugatum—300
