1796 3077
546 207 812 247 AENEIDOS.

868 207 968 247 ΜΒ.
996 208 1071 247 111.
1429 213 1521 258 307

96 325 324 368 Sollemnes
343 342 471 382 quum
491 328 598 369 forte
619 330 750 383 dapes
770 337 811 370 et
830 329 962 369 tristia
983 330 1106 379 dona,

95 382 210 425 Ante
229 385 374 425 urbem
394 385 436 425 in
455 384 560 433 luco,
584 385 675 426 falsi
696 386 917 426 Simoentis
937 387 990 426 ad
1011 387 1176 434 undam,

94 439 279 481 Libabat
298 442 425 482 cineri
444 441 754 490 Andromache,
776 442 1011 496 Manesque
1032 444 1207 484 vocabat

94 496 354 538 Hectoreum
372 498 427 538 ad
448 498 662 547 tumulum,
683 499 804 539 viridi
824 514 947 552 quem
965 500 1120 553 cespite
1140 501 1316 548 inanem,

94 553 155 594 Et
175 555 375 607 geminas,
395 569 563 595 causam
582 555 773 604 lacrimis,
796 565 1030 596 sacraverat
1051 571 1157 597 aras.

95 609 157 650 Ut
177 625 242 650 me
263 612 482 664 conspexit
501 612 748 661 venientem,
769 619 811 652 et
830 611 961 652 Troia
980 613 1135 653 circum

1440 555 1534 596 305*

93 665 227 706 Arma
247 682 387 707 amens
406 668 523 717 vidit,
545 670 703 723 magnis
724 670 923 709 exterrita
941 670 1149 718 monstris,

95 722 295 777 Deriguit
314 724 403 764 visu
422 724 465 764 in
483 725 621 765 medio
637 742 647 774 ;
679 725 790 765 calor
811 740 904 765 ossa
924 725 1091 779 reliquit
1109 744 1118 774 3

95 779 290 829 Labitur,
321 787 362 820 et
382 779 506 833 longo
528 781 596 820 vix
616 781 785 821 tandem
805 789 991 834 tempore
1012 782 1149 822 fatur:
1531 820 1534 823 Α

94 835 265 877 Verane
285 844 326 876 te
346 835 486 884 facies,
507 850 629 876 verus
648 837 749 876 mihi
769 838 936 877 nuntius
958 837 1097 885 affers,
1447 836 1530 875 310

95 891 211 932 Nate
232 892 340 932 dea?
371 892 524 932 vivisne
542 894 557 932 2
588 900 672 941 aut,
694 893 728 933 si
747 892 820 933 lux
841 892 948 933 alma
963 894 1147 942 recessit,

95 947 260 989 Hector
279 948 352 988 ubi
372 950 460 989 est?
492 949 613 997 dixit,
633 948 906 1003 lacrimasque
927 949 1076 990 effudit
1096 958 1138 990 et
1159 963 1322 990 omnem

95 1004 289 1058 Implevit
310 1004 488 1045 clamore
507 1004 657 1046 locum.

716 1005 759 1047 V
761 1007 803 1046 ix
822 1021 957 1060 pauca
977 1006 1132 1047 furenti

99 1061 300 1115 Subjicio,
323 1068 365 1102 et
385 1062 487 1102 raris
509 1063 701 1102 turbatus
722 1063 894 1103 vocibus
915 1062 1052 1103 hisco:

96 1117 207 1159 Vivo
223 1118 430 1170 equidem,
452 1118 660 1171 vitamque
681 1127 868 1160 extrema
884 1134 960 1173 per
979 1120 1116 1160 onmia
1135 1119 1257 1160 duco.

97 1173 169 1215 Ne
190 1175 337 1214 dubita
353 1190 361 1213 :
393 1189 489 1214 nam
508 1189 607 1214 vera
621 1175 751 1216 vides.

1451 1117 1535 1156 315

97 1230 221 1271 Heu!
252 1231 345 1284 quis
365 1237 406 1271 te
427 1245 561 1279 casm,
583 1230 791 1289 deiectam
811 1232 992 1285 conjuge
1014 1238 1143 1280 tanto,

97 1285 303 1341 Excipit?
335 1295 407 1327 aut
426 1301 521 1340 quae
541 1287 669 1341 digna
689 1289 785 1328 satis
806 1287 974 1328 fortuna
994 1289 1163 1328 revisit?

98 1342 298 1384 Hectoris
319 1343 617 1384 Andromache
639 1343 832 1397 Pyrrhin’
855 1346 1063 1385 connubia
1085 1346 1254 1385 servas?

98 1399 270 1454 Dejecit
285 1399 456 1448 vultum,
478 1407 520 1440 et
540 1400 719 1440 demissa
738 1414 840 1441 voce
862 1399 1003 1441 locuta
1023 1407 1086 1441 est
1105 1416 1113 1441 :

1454 1398 1539 1438 320

101 1456 142 1496 O
164 1455 265 1497 felix
280 1471 363 1496 una
384 1463 480 1496 ante
501 1455 600 1496 alias
621 1456 827 1497 Priameia
846 1457 975 1510 virgo,

99 1512 311 1553 Hostilem
332 1513 386 1552 ad
406 1512 610 1553 tumulum
631 1512 776 1567 Trojae
797 1513 874 1553 sub
895 1514 1102 1554 moenibus
1123 1513 1217 1555 altis

101 1569 132 1610 J
135 1584 231 1610 ussa
247 1569 367 1616 mori,
386 1584 481 1622 quae
503 1570 673 1609 sortitus
693 1584 777 1609 non
796 1569 968 1623 pertulit
989 1569 1107 1618 ullos,

101 1625 197 1667 Nec
216 1626 382 1667 victoris
403 1626 496 1667 heri
515 1626 652 1681 tetigit
673 1626 837 1681 captiva
857 1625 1019 1668 cubile!

104 1805 258 1834 301—305
281 1804 387 1832 Ornati
401 1813 518 1832 versus.
537 1804 739 1833 Andromache
760 1804 803 1832 iu-

99 1842 197 1880 ferius
204 1842 321 1880 serebat
332 1842 469 1871 Manibus
482 1842 630 1871 Hectoris.
645 1843 728 1876 dona,
743 1842 771 1870 h.
783 1843 804 1871 l.

104 1881 134 1910 in
154 1891 187 1909 re
213 1891 296 1909 sacra
309 1881 346 1909 de
367 1881 666 1909 libatione.—-Simois
687 1884 750 1909 erat
765 1881 806 1909 si-

104 1919 245 1948 mulatus.
259 1920 339 1947 conf.
354 1918 406 1946 ins.
420 1920 478 1947 349
492 1929 537 1957 sq.
551 1924 581 1948 et
595 1921 662 1948 336.
682 1926 715 1948 ut
729 1919 805 1948 soie-

103 1958 174 1986 bant
197 1957 377 1986 coloniarum
391 1957 558 1986 conditores
579 1958 742 1996 patriorum
761 1958 805 1986 10-

105 2006 207 2024 corum
225 2006 259 2024 ac
280 1996 433 2025 fluminum
454 1996 571 2025 nomina
584 1998 746 2025 transferre
769 2006 785 2024 a

106 2043 198 2063 novas
213 2034 481 2063 sedes.—Hectori
501 2035 635 2063 tumulum
650 2035 736 2063 viridi
748 2044 806 2062 ces-

101 2073 163 2110 pite
177 2072 298 2107 inanem,
312 2073 340 2101 h.
355 2083 381 2101 e.
395 2073 602 2111 cenotaphium
614 2077 809 2103 exstruxerat

108 2111 271 2148 —9eminas
290 2121 368 2144 αναε,
393 2112 456 2141 sive
473 2119 507 2140 ut
525 2113 588 2140 Eoi.
611 2113 650 2146 V,
672 2114 711 2141 60·
731 2111 808 2140 Ecce,

111 2149 182 2177 duas
198 2148 259 2183 tibi,
280 2149 410 2186 Daphni,
427 2150 489 2179 sive
502 2160 589 2179 unam
603 2151 720 2182 marito,
735 2150 808 2178 alte-

109 2197 173 2215 ram
188 2187 258 2220 filio,
273 2188 456 2225 Astyanacti.
484 2189 585 2218 Probo
602 2190 809 2227 posteriorem,

111 2225 202 2263 quia:
231 2235 346 2253 causam
376 2225 511 2261 lacrimis,
539 2227 811 2265 adjectum.—306

110 2264 208 2292 -309
224 2263 314 2293 Troi'a
326 2273 419 2297 arma,
440 2265 521 2293 viros
537 2266 812 2303 Trojanos.—mon-

112 2302 195 2335 stri&
219 2305 354 2340 aspectu,
373 2302 422 2339 qui
435 2303 495 2340 ipsi
505 2304 629 2333 monstri
643 2309 673 2333 et
683 2303 813 2342 prodigii

111 2340 205 2369 instar
223 2341 394 2368 einh—309
408 2343 460 2375 Δὴν
480 2345 508 2369 ὀὲ
529 2356 574 2376 μιν
590 2346 714 2379 ἀμφασίη
729 2346 814 2371 ἐπέων

113 2383 187 2415 λάβε
203 2396 240 2401 -——
254 2381 322 2410 Ὀψὲ
344 2380 373 2405 ὁέ
393 2381 423 2412 δι’]
444 2392 488 2412 μιν
511 2383 623 2409 ἔπεσσιν
644 2384 812 2417 ἀμειβομένη

113 2421 285 2451 προσέειπεν.
295 2416 409 2454 Odyss.
419 2421 444 2445 ὅ.
457 2419 718 2448 704.-310--313
729 2419 813 2447 Tune

116 2465 204 2484 vetes
229 2456 299 2484 ades
315 2455 399 2492 ipse?
420 2456 542 2491 affersue
556 2461 582 2485 te
598 2458 653 2494 (cf.
674 2458 726 2486 inf.
743 2458 817 2493 346)

117 2493 198 2527 mihi,
212 2499 246 2522 ut
260 2494 301 2522 sis
318 2494 484 2530 verusacies
497 2494 563 2529 viri,
578 2497 662 2533 cujus
687 2496 815 2533 speciem

119 2531 226 2566 habes,
238 2542 323 2561 verus
346 2532 462 2560 nuntius
477 2532 541 2560 tui?
561 2538 595 2562 ut
612 2544 684 2562 vere
697 2534 746 2562 ille
763 2534 818 2568 sis,

116 2579 204 2607 quem
225 2571 326 2599 vultus
349 2571 463 2599 nuntiat
475 2572 523 2598 3—
539 2576 589 2599 aut
611 2572 637 2599 si
657 2572 704 2600 lux
728 2573 817 2606 alma,

116 2607 190 2643 vita,
210 2609 339 2643 recessit,
361 2613 392 2638 et
413 2609 476 2637 haec
500 2610 604 2637 umbra
630 2610 734 2639 AEneae
759 2615 818 2644 est,

120 2655 186 2688 quae
208 2647 279 2676 mihi
297 2658 333 2685 ap
358 2651 437 2677 aret:
458 2647 570 2676 Hector
582 2647 635 2676 'nbi
649 2652 701 2682 est,
725 2649 820 2686 quiet

120 2693 187 2721 lpse
200 2684 275 2720 inter
288 2696 337 2716 um
360 2696 409 2721 ras
422 2690 567 2715 vex-satur.
580 2686 663 2721 dixit,
675 2686 821 2717 lacrimas-

843 1814 897 1842 que
919 1803 1017 1841 effudit
1040 1803 1193 1841 sq.—313.
1223 1802 1280 1830 3172
1298 1801 1424 1838 fiaerenti,
1451 1801 1544 1839 impa-

845 1843 952 1870 tienter
974 1842 1098 1874 dolenti,
1119 1846 1151 1869 ut
1175 1841 1250 1868 bene
1272 1841 1357 1868 Serv.
1398 1840 1487 1877 Saepe
1501 1839 1546 1868 sic

846 1880 947 1909 Graeci
968 1884 1113 1914 μαίνεσθαι
1135 1880 1171 1907 de
1191 1879 1296 1916 quavis
1317 1878 1405 1906 animi
1418 1887 1547 1906 commo-

845 1919 924 1948 tione
936 1919 1052 1957 insigni.
1092 1917 1230 1954 Suly'icio,
1246 1921 1409 1953 ἱνποβάλλω,
1424 1926 1548 1953 respon-

847 1958 912 1986 deo.
929 1974 968 1980 —
989 1958 1066 1985 hisco
1093 1956 1272 1994 exquisitius
1306 1965 1392 1993 quam
1429 1954 1548 1992 loquor,-

848 1996 957 2034 quippe
972 1996 1140 2032 intercepta
1154 2004 1258 2032 magno
1273 1994 1359 2022 animi
1371 1997 1453 2021 motu
1468 2003 1552 2021 voce.

847 2036 1040 2063 —315—319
1061 2038 1187 2061 extrema
1203 2043 1256 2069 per
1283 2031 1386 2065 omnia,
1408 2032 1444 2060 ad
1471 2031 1552 2068 peri—

849 2073 916 2101 cula
927 2077 956 2101 et
972 2072 1140 2100 discrimina
1152 2070 1417 2107 refer—(Iejectnm,
1435 2074 1551 2096 ὸειιὸτε-

849 2124 904 2145 ρον,
920 2121 1006 2148 ψιεωι
1020 2110 1178 2147 privatam,
1193 2108 1356 2141 viduatam,
1369 2108 1553 2135 Hectore.—

848 2149 914 2188 qnis
942 2158 1025 2177 casus*
1053 2152 1078 2175 le
1103 2147 1217 2184 excipit,
1249 2147 1285 2174 ad
1308 2156 1395 2183 quain
1422 2145 1551 2174 fortunae

851 2187 1048 2216 conditionem
1063 2186 1185 2214 redacta
1194 2186 1244 2213 es?
1272 2183 1430 2222 Excipiunt
1443 2193 1494 2211 nos
1509 2193 1552 2218 ea,

853 2236 920 2263 quae
936 2225 1018 2253 nobis
1035 2231 1104 2262 post
1116 2233 1159 2256 ea,
1175 2233 1242 2260 quae
1256 2222 1442 2255 cecideruut,
1457 2221 1554 2250 obtin-

855 2269 937 2302 gunt.
949 2264 1035 2301 [liqna
1057 2262 1128 2290 satis
1145 2271 1186 2290 sc.
1207 2259 1428 2289 ‘ta—connubia
1445 2269 1555 2294 servas,

854 2302 980 2340 accipio,
994 2306 1027 2330 ut
1045 2302 1098 2329 Gr.
1115 2303 1267 2336 φυλάσσειν
1283 2308 1338 2336 pro
1359 2302 1431 2333 ἔχειν
1454 2298 1492 2326 de
1507 2299 1554 2332 iis,

855 2341 962 2379 quibus
977 2346 1110 2368 tenemur
1123 2344 1153 2367 et
1167 2337 1286 2366 obnoxii
1301 2347 1414 2370 sumus,
1426 2346 1480 2375 pro
1495 2347 1556 2365 ma-

856 2379 994 2407 trimonio
1016 2380 1119 2415 juncta
1139 2386 1183 2410 es,
1210 2375 1337 2404 haberis.
1376 2375 1461 2403 Voce
1487 2385 1557 2403 con-

856 2417 938 2446 nubii
953 2418 1046 2445 utitur
1060 2416 1200 2444 honesta:
1221 2424 1291 2443 vere
1305 2413 1391 2447 enim,
1406 2417 1558 2451 tamquam

857 2456 985 2493 captiva,
1002 2465 1058 2483 non
1073 2454 1183 2490 conjux
1198 2457 1270 2486 erat,
1285 2453 1339 2481 sed
1360 2452 1497 2489 eorporis
1511 2452 1558 2480 sui

858 2504 942 2522 usum
955 2493 1122 2531 praebebat,
1143 2491 1314 2520 concubinae
1330 2491 1406 2519 loco.
1422 2490 1464 2518 H.
1479 2491 1558 2518 Hec-

858 2532 929 2560 toris
943 2531 1142 2560 Andromache
1154 2540 1208 2568 pro
1216 2539 1291 2558 uxor
1305 2529 1461 2558 Hectoris-
1476 2528 1559 2557 Alibi

859 2570 995 2606 adsiliunt
1011 2569 1055 2597 vel
1064 2569 1155 2605 filiam
1173 2568 1385 2606 designandam
1399 2573 1561 2602 usurpatur

860 2610 923 2637 haec
939 2608 1129 2646 compositio,
1143 2612 1178 2635 ut
1197 2607 1252 2635 Ge.
1267 2607 1295 2640 I,
1312 2607 1377 2634 138.
1417 2604 1561 2642 Lycaonis

860 2648 987 2682 ,4rctos;
1008 2647 1097 2684 idque
1118 2650 1149 2674 et
1176 2644 1368 2683 pedestribus
1385 2646 1561 2680 usarpatum

862 2685 1069 2723 scriptoribus.
1121 2684 1250 2714 Notabis
1275 2684 1345 2713 infr.
1369 2682 1437 2712 402.
1464 2689 1562 2709 rarum
