1796 3077
160 263 258 309 540

593 257 636 294 P.
667 251 900 293 VIRGILII
931 250 1182 289 MARONIS

164 378 358 434 Trajicit‚
409 377 441 427 l,
463 376 599 417 verbis
617 375 810 416 virtutem
831 372 962 414 illude
982 371 1193 425 superbis.

167 436 242 477 Bis
263 436 376 490 capti
396 434 587 487 Phryges
606 431 698 472 haec
718 430 891 471 Rutulis
911 443 1114 483 responsa
1132 426 1362 469 remittunt.

755 487 916 529 Teucri
936 485 1118 528 clamore
1139 492 1386 539 sequuntur,

166 493 266 535 Hoc
286 500 447 533 tantum
468 489 692 530 Ascanius.

1532 426 1616 468 635

169 550 422 602 Laetitiaque
444 547 644 594 fremunt,
665 544 909 598 animosque
930 543 986 584 ad
1007 543 1145 583 sidera
1166 541 1334 584 tollunt.

169 606 369 649 AEtheria
389 612 477 645 tum
497 603 606 644 forte
625 601 752 657 plaga
772 602 948 643 crinitus
967 598 1126 654 Apollo

170 665 368 716 Desuper
389 660 601 701 Ausonias
622 660 733 700 acies
752 660 986 712 urbemque
1007 657 1195 706 videbat,

169 721 299 761 Nube
320 718 485 767 sedens,
507 724 635 771 atque
654 716 721 757 his
741 716 942 758 victorem
962 713 1116 755 affatur
1136 713 1274 755 Iulum
1291 728 1302 755 τ

1536 712 1620 753 640

171 777 315 817 Macte
337 789 444 816 nova
464 775 632 823 virtute,
655 787 790 828 puer3
821 773 879 815 sie
899 773 984 813 itur
1004 772 1060 813 ad
1081 777 1208 820 astra,

171 833 266 875 Diis
285 833 439 888 genite,
461 839 504 873 et
522 832 715 886 geniture
736 831 854 872 deos.

912 829 940 870 J
945 844 1020 870 ure
1040 829 1178 870 omnia
1193 827 1305 870 bella

171 891 312 941 Gente
333 890 411 930 sub
425 888 633 931 Assaraci
652 887 740 929 fato
759 894 938 929 ventura
957 886 1143 927 resident
1160 902 1170 935 ;
1211 909 1217 915 ·

169 947 267 989 Nec
287 954 328 989 te
349 946 483 1000 Troja
502 946 628 1001 capit.

171 1061 486 1115 Ascaniumque
508 1060 629 1114 petit.

171 1117 409 1171 Antiquum
429 1119 471 1158 in
493 1117 649 1158 Buten.

687 944 834 995 Simul,
854 944 947 986 haec
967 943 1133 992 effatus,
1155 944 1209 984 ab
1230 941 1315 984 alto

171 1003 354 1046 fEthere
376 1018 419 1044 se
440 1004 581 1052 mittit,
603 1003 810 1058 spirantes
831 1002 1014 1042 dimovet
1035 1015 1173 1048 auras,

687 1059 884 1100 Formam
905 1065 994 1098 tum
1014 1057 1191 1098 vertitur
1213 1056 1298 1097 oris

710 1115 794 1158 Hie
815 1114 1037 1157 Dardanio
1059 1112 1262 1155 Anchisae

1540 996 1626 1037 645

174 1176 374 1230 Armiger
395 1181 491 1215 ante
512 1174 604 1224 fuit,
625 1173 822 1227 fidusque
843 1173 903 1214 ad·
918 1171 1060 1212 limina
1079 1177 1222 1212 custos
1241 1188 1251 1220 ;

173 1233 288 1274 Tum
309 1232 503 1273 comitem
523 1231 709 1272 Ascanio
730 1238 852 1284 pater
873 1228 1051 1270 addidit.

176 1290 332 1330 Omnia
350 1288 542 1343 longaevo
563 1287 718 1336 similis,
740 1299 984 1339 vocemque,
1006 1283 1290 1339 coloremque,

1110 1228 1207 1268 Ibat
1228 1227 1386 1282 Apollo

1546 1282 1632 1323 650

178 1346 238 1386 Et
257 1346 391 1386 crines
411 1345 542 1393 albos,
559 1351 602 1385 et
622 1358 731 1384 saeva
753 1343 974 1383 sonoribus
995 1356 1111 1381 arma
1128 1357 1138 1390 3

176 1402 322 1456 Atque
343 1402 408 1442 his
429 1401 646 1442 ardentem
668 1400 790 1440 dictis
807 1398 962 1438 affatur
981 1397 1142 1437 Iulum:

178 1460 242 1500 b‘it
263 1458 376 1508 satis,
399 1457 611 1506 AEneada,
633 1456 725 1498 te¹is
744 1456 915 1510 impune
937 1454 1185 1495 Numanum

179 1601 206 1625 δὲ
229 1600 335 1632 κλαγγὴ
355 1599 440 1632 ’γένετ’
461 1600 603 1631 ἀργυρέοιο
621 1596 813 1633 [hosca—634.
826 1595 884 1624 635

179 1637 348 1675 Superbiae,
362 1645 421 1674 qua
433 1635 523 1664 victis
538 1639 588 1664 aut
601 1635 691 1664 caesis
708 1634 809 1663 illudit
823 1634 887 1662 vic·

179 1681 237 1707 tor,
248 1676 347 1713 dignfe
362 1675 481 1704 horrida
492 1675 613 1703 heroum
626 1674 700 1707 vita,
711 1673 887 1711 exemplum

180 1715 271 1752 poeta
284 1715 320 1743 ab
336 1713 471 1743 Homero
482 1713 711 1752 repetiit-637
725 1712 837 1740 animos
848 1710 887 1740 ad

179 1753 276 1781 sidera
302 1753 415 1787 tollunt,
443 1752 622 1782 ferocientes
648 1757 679 1781 et
699 1750 885 1780 exsultantes

179 1792 278 1828 efferri
304 1791 410 1820 animis
431 1795 483 1820 aut
503 1791 563 1829 ipsi
584 1790 695 1820 animos
716 1790 818 1827 efferre
839 1789 884 1818 di-

181 1834 300 1865 cuntur,
314 1834 343 1859 et
357 1840 434 1859 nunc
453 1829 574 1867 quidem
594 1834 654 1859 tam
675 1829 831 1862 sublimes,
852 1830 886 1856 ut

181 1869 292 1898 mrluxn
315 1869 373 1897 sibi
395 1869 542 1907 attingere
563 1868 734 1898 videantur.
788 1868 887 1896 sensu

181 1908 298 1936 facilius
313 1917 373 1936 rein
386 1917 544 1945 assequare
556 1917 645 1945 qnam
660 1906 772 1936 verbis.

221 1947 280 1975 030
291 1946 440 1974 Ausonias
457 1945 533 1974 acies
553 1946 717 1985 urbemque,
732 1953 887 1983 oppugna-

183 1984 294 2013 tionem
310 1988 477 2013 castrorum
499 1995 552 2013 seu
572 1985 657 2014 urbis
678 1984 891 2021 Trojanorum,

182 2033 268 2051 novae
291 2023 404 2061 Trojae.
422 2023 460 2052 cf.
477 2023 505 2056 1,
519 2024 577 2053 224
590 2024 750 2063 sqq-{541
767 2025 890 2055 vinctus,

184 2062 297 2099 origine
320 2066 351 2090 et
374 2071 441 2096 usu,
467 2066 515 2091 est
535 2067 652 2096 auctus,
675 2061 888 2100 amplificatus.

187 2101 243 2129 Est
258 2100 381 2138 aliquid,
396 2101 421 2129 si
435 2101 545 2130 reddas
560 2111 566 2129 ι
590 2112 607 2130 ο
624 2111 699 2139 puer
718 2104 819 2135 aucte,
840 2109 887 2128 or-

184 2143 264 2173 nate,
276 2149 352 2168 nova
365 2139 486 2169 virtute.
519 2140 580 2169 Sed
593 2140 711 2169 videtur
723 2139 806 2168 aliud
817 2138 891 2177 quid

185 2178 309 2216 insuper
318 2178 580 2216 desiderari,quod
593 2189 628 2208 ex
640 2179 760 2207 notione
772 2181 891 2211 auctus,

186 2217 237 2255 qui
253 2217 383 2246 fructum
399 2222 429 2246 et
441 2227 527 2247 usum
547 2228 580 2247 ac
593 2218 780 2256 voluptatem
794 2216 893 2252 affert,

187 2256 367 2285 eliciendum
399 2260 456 2285 est.
497 2256 621 2286 Scilicet
653 2260 765 2285 mactus
796 2255 891 2289 laude,

186 2294 303 2329 virtute,
314 2299 360 2323 cst
374 2295 425 2333 qui
440 2296 550 2324 fruitur
563 2295 651 2325 laude
664 2306 679 2323 e
692 2306 724 2324 re
738 2296 813 2324 bene
826 2303 892 2337 ges-

188 2336 229 2366 ta,
248 2344 284 2361 ex
306 2344 449 2363 successu
470 2334 616 2371 gaudens,
636 2332 892 2362 fructumlaetitiae

191 2371 259 2399 inde
274 2372 410 2410 capiens:
433 2378 463 2402 et
476 2374 520 2402 sic
533 2373 603 2402 nihil
621 2376 668 2402 est
689 2373 771 2411 quod
785 2371 892 2400 melius

188 2419 295 2438 vocem
307 2411 411 2439 reddat
426 2422 514 2450 quam
525 2414 652 2446 ὀνήμενος
666 2411 695 2440 in
710 2412 762 2440 illo
777 2410 893 2439 Home-

190 2448 253 2477 l'lCO
265 2449 325 2477 Od.
338 2454 368 2485 β,
382 2451 540 2484 33,ἐσθλός’
553 2465 599 2486 μοι
615 2453 691 2478 δοκεῖ
704 2450 783 2483 εἶναι,
797 2451 894 2484 ὁνὴμε·

192 2492 244 2521 ὶιος,
258 2487 309 2525 qui
325 2488 453 2517 fructum
468 2490 536 2518 inde
554 2489 666 2528 capiet,
686 2489 733 2518 cui
754 2489 829 2517 bene
843 2487 894 2521 sit,

195 2527 268 2554 bene
295 2527 409 2555 eveniat
423 2527 429 2555 Ξ
465 2529 543 2557 unde
573 2529 693 2564 vulgare
719 2528 895 2556 Graecorum

194 2569 280 2592 {sumo-
294 2569 326 2593 ut
345 2565 375 2592 ll.
392 2566 413 2593 l.
434 2570 510 2594 ὄναιο
524 2570 569 2598 τῆς
584 2565 644 2596 ven}
664 2569 770 2603 εἷρεγῆς.
811 2565 896 2594 Bene

193 2603 310 2631 eveniat
319 2603 446 2641 prinnini
458 2605 513 2633 hoc
527 2606 648 2634 virtutis
662 2602 877 2634 documentum
889 2604 895 2632 Ε

196 2641 256 2670 heti
274 2641 313 2670 sit
327 2642 448 2670 ominis!
490 2645 597 2681 Itaque
613 2644 741 2679 omnino,
756 2644 780 2673 si
796 2643 824 2672 in
838 2643 899 2671 sor-

197 2680 285 2709 mnlis
306 2681 342 2709 ad
365 2680 441 2708 (ivos
462 2682 600 2717 precandi
621 2683 764 2716 occurrit,
784 2686 895 2710 mactus

197 2720 313 2750 videtur
327 2729 396 2749 esse
411 2719 512 2755 laetus,
531 2722 690 2761 propitius.
709 2723 747 2751 cf.
766 2721 842 2751 Cato
856 2720 894 2749 de

870 2761 899 2802 4,

928 1594 1000 1622 RR.
1022 1593 1189 1623 134.-642
1206 1594 1338 1632 yenilure
1358 1593 1425 1622 deos
1444 1597 1567 1632 propter
1580 1594 1635 1624 Ju-

925 1633 999 1661 lium
1021 1633 1173 1662 Caesarem
1196 1637 1228 1661 et
1251 1633 1434 1671 Augustum,
1455 1638 1487 1661 ut
1509 1634 1635 1662 Serv.—

925 1673 994 1701 642.
1020 1673 1078 1701 (113
1100 1671 1313 1701 Ascribendus
1338 1675 1385 1700 est
1406 1672 1454 1700 hio
1474 1672 1560 1701 locus
1580 1672 1631 1707 iis,

924 1710 954 1739 in
969 1709 1078 1748 quibus
1093 1710 1176 1748 pacis
1190 1721 1244 1748 per
1257 1711 1358 1740 orbem
1379 1714 1525 1740 terrarum
1542 1711 1631 1741 resti-

925 1754 1000 1779 tutae
1023 1756 1054 1778 et
1079 1749 1147 1779 ,lani
1171 1749 1268 1778 clausi
1289 1750 1432 1779 memoria
1451 1750 1631 1781 celebratur.

924 1789 1015 1818 Certe
1026 1792 1096 1827 post
1109 1788 1148 1818 U.
1165 1788 1201 1817 C.
1217 1790 1275 1818 725
1290 1788 1405 1827 scripta
1418 1789 1484 1818 haec
1497 1799 1563 1818 esse
1578 1800 1629 1818 ne-

925 1837 1013 1856 cesse
1029 1835 1092 1863 es13
1113 1827 1153 1856 cf.
1174 1827 1246 1857 Vita
1260 1828 1347 1866 Virg.
1361 1829 1417 1857 sub
1431 1828 1458 1857 h.
1478 1838 1504 1856 a.
1518 1828 1632 1858 Merito

926 1866 983 1894 hoc
998 1870 1058 1894 tuae
1074 1867 1155 1904 genti
1175 1867 1308 1902 dabitur,
1331 1875 1363 1896 ut
1381 1868 1525 1897 oriundus
1541 1878 1577 1897 ex
1594 1878 1631 1897 ea

926 1905 1084 1943 Augustus
1098 1906 1195 1934 onmia
1215 1906 1293 1935 bella
1306 1906 1400 1935 finiat.
1439 1907 1556 1935 Nomen
1570 1907 1633 1935 As-

926 1944 1024 1973 saraci
1044 1943 1082 1972 ad
1104 1944 1296 1981 splendorem
1316 1945 1459 1974 orationis
1480 1945 1628 1983 pertinet:

929 1992 959 2011 v.
981 1983 1018 2011 ad
1033 1983 1090 2011 Ge.
1106 1983 1173 2019 ΙΙΙ,
1187 1984 1224 2012 35
1237 1994 1245 2013 t
1265 1984 1335 2012 AEn.
1357 1984 1384 2018 I,
1398 1984 1467 2012 284.
1481 1983 1631 2021 belltzsuto

928 2026 1067 2050 ventura:
1089 2022 1165 2050 bona
1179 2022 1401 2056 determinatio,
1422 2022 1451 2050 in
1466 2022 1572 2060 primis
1586 2032 1632 2052 re-

928 2064 1034 2098 spectu
1049 2060 1196 2089 bellorum
1208 2060 1357 2094 civilium,
1372 2061 1409 2089 ‹le
1420 2061 1530 2098 quibus
1547 2071 1632 2090 max·

927 2098 986 2128 ime
1000 2098 1194 2136 accipiendus
1207 2099 1400 2129 locus-*ou
1415 2099 1479 2129 Nec
1500 2104 1527 2128 te
1545 2101 1636 2138 Tvnja

928 2138 1022 2177 capit:
1042 2139 1155 2167 virtute
1176 2142 1227 2166 tua
1240 2138 1305 2167 haec
1319 2137 1460 2172 tenuitas,
1483 2139 1519 2167 ad
1544 2149 1632 2177 quain

931 2186 1007 2205 nunc
1034 2176 1155 2214 Trojani
1179 2177 1293 2205 redacti
1320 2181 1399 2211 sunt,
1431 2177 1552 2214 indigna
1578 2181 1636 2207 est.

931 2215 1045 2244 Notum
1063 2216 1135 2244 satis
1148 2220 1196 2244 est
1207 2215 1284 2244 illud
1299 2216 1436 2255 Philippi
1449 2216 1486 2244 ad
1499 2216 1633 2245 Alexan-

929 2254 1016 2283 drum
1038 2254 1152 2285 silium:
1174 2255 1286 2291 Qnaere
1307 2255 1389 2284 alind
1408 2265 1543 2294 regnum,
1559 2263 1633 2284 Μακ-

930 2297 1020 2322 εδονία
1032 2297 1084 2329 γάρ
1096 2306 1127 2322 σε
1140 2296 1170 2322 οὐ
1180 2295 1370 2328 χωρεῖ-645
1381 2294 1526 2334 spirantes
1536 2303 1635 2323 auraS.

930 2333 1000 2361 Nec
1010 2333 1130 2367 vitales,
1145 2342 1213 2361 cum
1226 2333 1346 2367 Servio,
1359 2343 1416 2362 nec
1430 2334 1550 2367 odoras,
1565 2342 1633 2361 cum

932 2372 1043 2406 Cerda,
1058 2371 1110 2400 sed
1129 2371 1246 2405 ssantes,
1261 2377 1393 2402 πνεούσας
1405 2376 1497 2406 αὔρας,
1511 2371 1634 2408 accipe:

931 2411 989 2439 647
1006 2410 1090 2439 Alius
1110 2414 1175 2439 erat
1189 2411 1288 2443 Butes,
1307 2421 1395 2450 quem
1414 2420 1505 2449 supra
1524 2419 1635 2438 memo-

933 2449 1012 2478 ravit
1025 2449 1077 2477 lib.
1091 2449 1131 2483 V,
1147 2450 1216 2480 372.
1256 2449 1565 2479 Adumbravitautem
1578 2448 1637 2476 Pe-

933 2488 1099 2526 riphautem
1114 2488 1154 2517 Il.
1173 2503 1199 2524 ρ,
1218 2489 1277 2518 323
1299 2499 1344 2526 sq.
1358 2490 1426 2520 (non
1441 2487 1537 2516 locum
1554 2487 1591 2515 ll.
1606 2501 1638 2521 π,

933 2528 992 2556 715
1008 2528 1066 2565 sq.)
1107 2527 1152 2556 An
1170 2537 1244 2557 vero
1260 2527 1350 2557 etiam
1368 2526 1443 2555 illud
1456 2535 1494 2554 ex
1508 2525 1571 2553 vita
1587 2526 1638 2555 he-

937 2575 1021 2594 roum
1035 2566 1089 2594 sit:
1113 2566 1246 2605 fidusque
1259 2566 1298 2594 ad
1308 2565 1408 2594 limina
1421 2568 1527 2598 custos,
1540 2569 1573 2592 ut
1592 2575 1637 2593 ar-

937 2604 1042 2642 migeri
1053 2606 1249 2642 (θεράποντες)
1262 2605 1351 2633 iidem
1365 2609 1394 2632 et
1407 2602 1552 2631 satellites
1567 2603 1638 2637 sint,

938 2653 1004 2671 nani
1026 2643 1054 2671 lii
1076 2648 1143 2672 sunt
1164 2645 1203 2673 ad
1219 2643 1317 2672 limina
1340 2642 1493 2675 custodes,
1513 2642 1637 2670 dubito:

934 2681 992 2710 nisi
1006 2683 1045 2710 ad
1057 2682 1155 2711 limina
1171 2683 1231 2711 dici
1253 2681 1351 2720 potuit
1369 2691 1435 2719 pro,
1454 2681 1483 2709 in
1499 2681 1636 2710 domo.—

934 2722 990 2752 051
1020 2722 1109 2750 Butae
1133 2721 1239 2751 similis
1263 2720 1352 2749 etiam
1376 2720 1456 2750 oanis
1481 2724 1511 2748 et
1532 2719 1635 2755 armis,
