1796 3077
649 229 916 269 AENEIDOS.

140 354 257 397 Pone
278 363 418 411 caput,
439 355 658 412 fessosque
678 355 823 399 oculos
844 356 984 399 furare
1005 357 1151 399 labori.

973 229 1074 269 LIB.
1109 229 1156 268 V.
1498 238 1588 282 401

1504 357 1587 397 845

137 411 236 466 Ipse
257 428 337 467 ego
356 413 570 468 paulisper
589 429 667 469 pro
687 421 728 455 te
748 422 823 455 tua
842 429 1016 456 munera
1034 415 1160 456 inibo.

140 469 221 510 Cui
239 471 308 511 vix
329 470 522 512 attollens
544 471 769 512 Palinurus
788 471 946 513 lumina
964 472 1078 513 fatur
1094 489 1104 513 ε

139 526 269 568 Mene
291 527 386 569 salis
406 528 562 583 placidi
582 528 741 569 vultum
761 528 1001 584 fluctusque
1022 530 1186 584 quietos

137 582 339 638 Ignorare
354 586 510 639 jubes?
541 600 661 627 mene
681 586 780 627 huic
801 586 1015 627 confidere
1036 588 1251 628 monstro?

137 639 322 682 AEneam
341 643 510 683 credam
529 643 632 697 quid
652 643 763 684 enim
781 642 999 685 fallacibus
1020 644 1184 693 austris,

138 696 198 737 Et
219 698 314 739 coeli
333 700 458 741 toties
480 701 685 754 deceptus
705 700 854 741 fraude
876 701 1038 741 sereni?

137 752 262 795 Talia
282 756 394 797 dicta
415 757 556 805 (labat,
579 756 824 810 clavumque
845 757 995 798 affixus
1016 767 1058 799 et
1077 757 1244 798 haerens

136 809 362 866 Nusquam
382 814 614 861 amittebat,
636 812 862 867 oculosque
885 815 963 854 sub
983 822 1095 854 astra
1116 816 1299 855 tenebat.

138 867 255 909 Ecce
275 869 380 910 deus
400 884 561 910 ramum
583 869 762 910 Lethaeo
782 885 877 910 rore
896 871 1146 918 madentem,

136 923 278 979 Vique
301 934 543 981 soporatum
565 927 728 981 Stygia,
749 941 877 980 super
895 935 1076 981 utraque
1097 935 1269 981 quassat

1506 926 1588 966 855

137 980 378 1036 Tempora3
412 984 711 1038 cunctantique
731 984 917 1024 natantia
938 984 1093 1025 lumina
1115 984 1248 1025 solvit.

137 1037 225 1079 Vix
244 1041 401 1093 primos
421 1040 590 1094 inopina
610 1041 728 1094 quies
750 1040 965 1081 laxaverat
983 1051 1099 1082 artus
1118 1057 1126 1081 ε

136 1094 197 1136 Et
216 1111 344 1151 super
366 1097 624 1147 incumbens,
656 1112 750 1137 cum
769 1099 926 1152 puppis
947 1107 1066 1152 parte
1085 1097 1262 1145 revulsa,

138 1152 330 1207 Cumque
350 1153 622 1208 gubernaclo,
653 1153 834 1207 liquidas
854 1156 1036 1209 projecit
1057 1156 1099 1195 in
1119 1154 1252 1195 undas

135 1209 416 1264 Praecipitem,
438 1225 486 1252 ac
507 1211 642 1252 socios
662 1211 949 1264 nequidquam
971 1226 1083 1265 saepe
1102 1218 1335 1252 vocantem.

1506 1209 1588 1249 860

137 1266 235 1320 Ipse
256 1266 400 1308 volans
422 1275 570 1309 tenues
592 1282 636 1308 se
659 1267 826 1308 sustulit
847 1267 932 1309 ales
953 1269 1007 1308 ad
1029 1283 1165 1309 auras.

137 1323 280 1365 Currit
299 1324 379 1366 iter
399 1332 536 1365 tutum
556 1339 640 1366 non
662 1325 796 1365 secius
817 1339 987 1379 aequore
1009 1324 1165 1373 classis,

138 1380 446 1435 Promissisque
467 1382 598 1436 patris
618 1381 813 1434 Neptuni
832 1382 1024 1422 interrita
1043 1382 1190 1422 fertur.

134 1437 317 1492 Jamque
338 1439 446 1478 adeo
467 1437 662 1492 scopulos
686 1438 880 1478 Sirenum
897 1439 1073 1479 advecta
1095 1438 1277 1485 subibat,

135 1494 341 1536 Difficiles
361 1495 586 1549 quondam,
607 1494 917 1548 multorumque
938 1495 1103 1535 ossibus
1125 1494 1241 1534 albos
1258 1510 1268 1542 ;

1506 1492 1589 1532 865

137 1550 253 1592 Tum
272 1566 401 1592 rauca
421 1552 590 1592 assiduo
609 1551 735 1605 longe
753 1550 837 1592 sale
858 1567 960 1592 saxa
981 1552 1209 1592 sonabant:

137 1608 283 1655 Quum
302 1616 425 1662 pater
443 1609 595 1649 amisso
614 1607 848 1648 fluitantem
863 1622 1004 1649 errare
1024 1608 1224 1662 magistro

138 1700 276 1725 κλέπτειν.
296 1697 354 1725 847
370 1706 417 1734 sq.
457 1697 640 1734 Comparant
655 1696 777 1725 Lucret.
796 1696 843 1729 ΙΙ,

136 1736 302 1764 556-559.
334 1735 382 1763 vix
421 1735 553 1764 attollens
587 1734 706 1764 Iumina.
759 1735 845 1763 Bona

137 1773 235 1802 Servii
251 1777 337 1803 nota:
359 1778 379 1791 “
393 1773 517 1802 numinis
535 1774 693 1812 praesentin
708 1783 842 1812 proeyra-

135 1816 228 1841 vatus.
244 1823 308 1841 nam
332 1817 360 1841 et
381 1822 501 1851 sequens
525 1813 586 1851 ejus
611 1811 706 1841 oratio
728 1812 844 1840 turbata

134 1855 178 1879 est
188 1860 198 1885 ,·
210 1851 287 1889 quod
300 1855 327 1880 et
336 1851 496 1889 semiplenae
506 1851 632 1880 indicant
642 1849 843 1879 elocutiones-'⁷

138 1888 236 1918 Recte
251 1890 365 1928 utique.
405 1890 491 1918 illene
496 1889 583 1928 jubes
593 1890 748 1929 ignorare?
769 1890 842 1927 (pro

135 1927 272 1966 vulgari:
296 1939 387 1958 nosco
412 1928 497 1963 illud,
528 1929 599 1958 satis
630 1932 731 1957 notum
769 1928 842 1957 mihi

136 1968 200 2003 est)
212 1977 295 1996 mare
307 1967 471 2006 placidum,
487 1968 516 1996 h.
528 1978 555 1997 e.
568 1977 656 2006 quam
664 1967 753 1996 facile
764 1967 841 1996 illud

134 2006 283 2035 turbetur.
319 2017 397 2036 mene
412 2007 493 2035 Amic
521 2007 658 2044 confidere
688 2004 841 2035 monstro?

883 1696 985 1725 ducta.
1000 1695 1078 1724 conf.
1094 1705 1160 1732 sup.
1177 1694 1213 1723 ad
1226 1693 1255 1727 I,
1267 1693 1338 1722 691.
1350 1693 1427 1722 692:
1443 1692 1509 1727 III,
1521 1692 1590 1722 511.

884 1734 1067 1772 Aspersione
1092 1743 1177 1771 aquae
1196 1732 1327 1761 Lethaeae
1346 1730 1505 1765 solvuntur,
1525 1731 1591 1760 lax-

884 1778 981 1807 antur,
1002 1772 1082 1801 oculi
1098 1780 1200 1801 somno
1216 1770 1350 1799 illabenti
1368 1769 1471 1800 obnixi
1491 1774 1521 1799 et
1543 1770 1588 1798 in-

884 1812 969 1841 tenti.
992 1810 1132 1840 Cunctari
1145 1810 1245 1848 poe'tis
1261 1809 1382 1844 dicitur,
1399 1809 1450 1846 qui
1465 1808 1589 1843 resistit,

882 1851 1056 1880 reluctatur.
1101 1848 1244 1882 natantia,
1291 1853 1360 1876 nota
1406 1857 1484 1875 nunc
1529 1846 1590 1876 ele-

883 1890 1003 1927 gantia,
1045 1889 1100 1917 Ge.
1134 1888 1192 1917 IV.
1226 1887 1286 1916 496
1315 1886 1353 1915 de
1386 1890 1501 1915 morte:
1524 1896 1590 1914 con-

881 1928 979 1967 ditque
1023 1926 1156 1956 natantia
1199 1925 1306 1954 lumina
1352 1925 1591 1954 somnam—857

881 1968 936 1996 861
974 1966 1032 1997 Vix
1065 1966 1280 1995 laxaverat—et
1306 1963 1441 2003 prqy'ecit‚
1470 1963 1592 2002 poetica

882 2010 1043 2039 structura,
1058 2005 1096 2034 ab
1106 2005 1243 2034 Homero
1255 2005 1362 2042 petita,
1376 2013 1431 2041 pro
1443 2012 1505 2031 cum
1518 2012 1589 2040 pro-

135 2044 220 2080 mari,
242 2046 334 2083 quod,
354 2045 451 2084 inquit
467 2046 614 2080 Donatus,
637 2045 749 2084 decipit
764 2045 841 2074 mul·
878 2044 953 2082 jecit
968 2044 1051 2082 (scil.
1065 2044 1194 2072 Somnus
1208 2042 1388 2072 Palinurum
1399 2046 1429 2070 et
1442 2051 1512 2069 mox
1532 2041 1589 2070 861

135 2086 194 2116 tos,
228 2083 321 2114 infido
351 2084 482 2123 ingenio,
507 2088 537 2114 et
569 2088 692 2123 repente
728 2084 843 2112 mobili.

136 2121 208 2160 quid
231 2122 306 2152 enim
327 2123 406 2153 male
433 2124 521 2153 Serv.
536 2123 661 2162 quidni?
683 2133 736 2152 cur
763 2125 845 2151 non?

137 2160 191 2188 sed
206 2160 236 2188 h.
250 2171 276 2189 e.
290 2166 337 2190 est
349 2162 490 2201 quomodo
506 2173 574 2192 vero
585 2173 595 2190 :
611 2167 643 2191 ut
651 2162 744 2191 toties
758 2163 845 2197 enirn,

137 2201 163 2226 τί
177 2201 248 2235 71'193
271 2209 347 2238 pro:
368 2201 448 2229 nullo
464 2202 620 2230 modo—et
642 2201 705 2230 coeli
726 2201 755 2229 h.
777 2211 804 2230 e.
818 2204 848 2229 et

136 2237 269 2276 quidem,
284 2238 335 2276 qui
349 2239 441 2268 toties
455 2239 603 2278 deceptus
616 2240 670 2269 sim
682 2239 751 2269 coeli
767 2250 846 2268 sere·

137 2276 231 2305 nitate
247 2287 294 2305 me
309 2276 556 2308 fallente.-Mox
573 2279 630 2308 852
642 2289 678 2308 ex
694 2278 845 2316 Odyssus,

123 2315 194 2344 *281
211 2315 375 2344 translatus
391 2320 448 2350 est,
463 2317 541 2346 unde
550 2317 588 2346 de
603 2318 772 2347 Phrontide
788 2317 846 2346 Pa-

136 2353 253 2382 linurus
272 2355 466 2383 adumbratus
482 2360 537 2384 est.

175 2393 235 2421 854
249 2394 378 2422 Somnus
391 2393 537 2432 opprimit
552 2394 726 2424 Palinurum
742 2395 846 2424 obluc-

138 2434 270 2468 tantem3
290 2432 331 2461 ita
352 2432 403 2461 ille
419 2432 627 2462 obdormiscit.
645 2445 757 2464 ramum
778 2444 847 2472 pro-

138 2469 204 2507 prie
216 2471 357 2509 accipito,
371 2471 411 2499 cf.
423 2470 563 2509 Apollon.
573 2472 631 2506 IV,
647 2474 713 2502 156.
748 2473 849 2501 Ducta

136 2517 187 2537 res
203 2510 239 2538 ab
256 2519 331 2548 aqua
345 2509 474 2539 lustrali.
516 2509 658 2540 Imitatus
682 2515 729 2540 est
748 2511 847 2540 locum

136 2546 231 2577 Silius
247 2547 292 2582 X,
314 2550 382 2578 355.
397 2549 465 2578 356.
480 2549 553 2582 355,
574 2553 605 2577 et
624 2553 743 2587 poterat
761 2550 793 2579 in
817 2549 848 2578 id

136 2585 314 2623 phantasma
326 2587 413 2617 facile
425 2587 560 2616 incidere
572 2589 672 2625 poetae
685 2589 836 2627 ingenium
845 2609 852 2621 ,

883 2081 1356 2120 urolavit.)—c11mpuppisparle,
1367 2081 1442 2108 bene
1451 2079 1589 2108 Servius:

883 2127 902 2139 ‘¹
917 2132 972 2166 pro
995 2120 1171 2153 oeconomia,
1193 2125 1226 2148 ut
1251 2119 1351 2148 triduo
1373 2123 1473 2146 natare
1502 2122 1592 2156 potu-

884 2160 971 2190 crit.‘''
992 2171 1022 2189 v.
1037 2160 1094 2193 VI,
1109 2160 1168 2188 349
1187 2158 1350 2196 sq.-Mox
1364 2158 1422 2186 863
1443 2156 1589 2192 interrita,

886 2200 947 2229 sine
973 2198 1146 2232 offensione,
1181 2197 1262 2226 nullo
1287 2197 1414 2226 adverso
1435 2205 1508 2224 casu
1536 2205 1590 2224 ex-

887 2238 996 2272 territi,
1016 2237 1168 2276 navigant.

923 2277 1081 2307 Sisi-»866
1105 2276 1203 2304 Notus
1225 2273 1351 2304 Homeri
1371 2272 1456 2302 loeus
1476 2273 1592 2311 Odyss.

886 2330 917 2350 μ,
932 2318 971 2345 39
996 2326 1062 2354 sqq.
1078 2316 1136 2343 166
1157 2324 1214 2352 sq„
1237 2322 1325 2351 quem
1349 2311 1498 2350 Virgilius
1522 2316 1591 2341 ante

886 2355 988 2384 oculos
1016 2354 1130 2383 habuit.
1172 2352 1260 2382 Adde
1282 2350 1423 2389 Apollon.
1452 2351 1511 2385 IV,
1533 2351 1589 2387 891

888 2405 954 2432 sqq.
979 2398 1009 2422 et
1033 2392 1130 2431 Orph.
1157 2393 1231 2429 Arg.
1256 2391 1333 2419 1268
1354 2399 1420 2428 sqq.
1459 2390 1593 2419 Tenemt

888 2433 1105 2465 adolescentes,
1128 2440 1183 2459 non
1198 2430 1285 2466 longe
1306 2438 1322 2457 a
1335 2427 1462 2466 Capreis
1474 2428 1503 2457 in
1518 2429 1592 2458 Sinu

888 2472 1031 2500 Paestano
1051 2476 1112 2500 tres
1128 2479 1196 2498 esse
1209 2468 1346 2497 Sirenum
1375 2471 1479 2506 petras
1497 2469 1592 2502 νήσους

888 2514 1074 2545 Σειρηιιούσας,
1100 2509 1246 2537 adversus
1268 2505 1504 2545 promontorium
1519 2506 1592 2536 Sur-

887 2549 1047 2581 rentinum,
1068 2548 1215 2577 flnctuum
1229 2545 1369 2575 allisione
1385 2545 1456 2574 olim
1471 2549 1502 2574 et
1521 2555 1592 2574 nau-

890 2588 994 2625 fragiis
1015 2588 1162 2622 infames3
1183 2585 1301 2615 Sirenes
1321 2587 1431 2618 autem,
1452 2583 1594 2622 puellaris

136 2624 208 2662 quia
221 2635 279 2654 usu
303 2625 446 2666 loquendi
474 2636 580 2656 somno
603 2630 710 2656 natura
731 2627 852 2656 humida
890 2626 995 2656 formae
1027 2625 1158 2664 speciem
1191 2624 1367 2665 referentes,
1395 2632 1464 2652 esse
1496 2622 1594 2651 cultas

137 2661 290 2698 tribuitur,
312 2664 447 2694 sortasse
463 2666 500 2693 ah
526 2665 625 2694 noetis
649 2666 717 2694 aere
731 2666 852 2695 roscido
893 2665 1005 2703 templo
1021 2669 1049 2693 et
1063 2674 1147 2693 sacro
1161 2663 1188 2691 in
1204 2663 1269 2702 ipso
1282 2660 1594 2702 promontorin.-—866

1350 2703 1423 2742 3r
