1796 3077
227 242 322 286 640
660 240 704 277 Ρ.
735 235 968 276 VIRGILII
1001 238 1250 277 MARONIS

230 364 298 406 Ac
319 365 445 415 velut,
467 365 609 406 Edoni
632 364 784 406 Boreae
803 381 933 420 quum
955 366 1125 420 spiritus
1145 365 1230 407 alto

231 421 404 463 Insonat
425 422 593 475 AEgaeo,
615 423 890 476 sequiturque
911 424 965 463 ad
984 423 1105 463 litora
1125 423 1302 472 fluctus;

232 477 332 525 Qua
353 479 463 519 venti
479 478 722 526 incubuere,
745 478 888 533 fugam
909 480 1012 520 dant
1033 478 1176 519 nubila
1192 478 1300 520 coelo
1317 494 1326 519 t

232 535 302 575 Sic
324 535 487 581 Turno,
509 548 774 588 quacumque
795 537 903 576 viam
923 543 1050 584 secat,
1072 536 1238 589 agmina
1257 535 1426 584 cedunt,

233 591 543 643 conversaeque
560 598 689 631 ruunt
709 591 843 641 acies3
876 592 957 632 fert
977 593 1159 646 impetus
1179 592 1332 646 ipsum,

234 647 294 687 Et
314 647 481 687 cristam
500 647 677 687 adverso
699 662 826 688 curru
845 649 981 701 quatit
1002 663 1104 688 aura
1119 647 1343 688 volantem.

231 704 334 743 Non
356 702 450 743 tulit
469 703 692 744 instantem
710 702 909 758 Phegeus
931 705 1161 757 animisque
1182 704 1426 745 frementem
1445 719 1454 743 :

234 759 409 813 Objecit
430 773 521 799 sese
542 760 595 799 ad
618 774 801 809 currum,
822 768 865 801 et
885 761 1124 814 spumantia
1145 760 1272 801 frenis

235 816 326 856 Ora
347 816 569 856 citatorum
585 816 737 856 dextra
758 816 935 857 detorsit
955 831 1175 870 equorum.

234 872 352 912 Dum
373 871 568 920 trahitur,
585 872 830 926 pendetque
846 874 977 927 jugis,
1001 874 1113 914 hunc
1131 873 1216 914 lata
1236 879 1441 913 retectum

234 929 406 968 Lancea
426 929 710 981 consequitur,
732 930 971 984 rumpitque
993 929 1121 969 infixa
1141 929 1306 970 bilicem
1602 927 1627 966 :3

235 985 445 1032 Loricam,
466 991 509 1024 et
527 999 732 1025 summum
752 986 952 1039 degustat
971 985 1142 1026 vulnere
1159 1000 1328 1038 corpus.

235 1041 311 1082 Ille
333 1048 471 1081 tamen
491 1039 627 1094 clipeo
648 1042 817 1094 objecto
837 1055 1062 1082 conversus
1084 1042 1126 1081 in
1145 1041 1311 1081 hostem

235 1098 344 1145 Ibat,
361 1104 402 1137 et
419 1095 620 1136 auxilium
642 1097 771 1138 ducto
792 1112 991 1138 mucrone
1015 1098 1213 1151 petebat:

236 1154 382 1200 Quum
403 1160 496 1193 rota
516 1154 774 1207 praecipitem
795 1162 838 1194 et
857 1168 1063 1207 procursu
1083 1154 1272 1194 concitus
1294 1153 1383 1193 axis

238 1209 422 1263 Impulit,
443 1208 707 1262 effunditque
729 1209 840 1258 so103
873 1209 1131 1262 Turnusque
1152 1217 1334 1257 secutus,
1602 1206 1685 1245 080

237 1266 368 1306 Imam
388 1266 497 1304 inter
517 1264 694 1317 galeam,
718 1266 867 1305 summi
889 1266 1072 1306 thoracis
1095 1274 1136 1306 et
1156 1280 1264 1313 oras,

236 1320 430 1362 Abstulit
450 1334 548 1361 ense
568 1329 709 1374 caput,
728 1329 1006 1374 truncumque
1027 1321 1195 1374 reliquit
1216 1335 1369 1360 arenae.

294 1377 440 1429 Atque
461 1390 510 1416 ea
531 1377 630 1416 dum
651 1378 807 1429 campis
829 1378 961 1416 victor
983 1377 1056 1416 dat
1076 1377 1225 1416 funera
1245 1376 1444 1424 Turnus3

238 1434 406 1474 Interea
427 1431 599 1472 EEnean
622 1431 875 1472 Mnestheus
895 1439 937 1472 et
957 1432 1068 1472 fidus
1089 1432 1279 1473 Achates

234 1489 530 1541 Ascaniusque
551 1502 689 1529 comes
711 1489 856 1529 castris
878 1496 1063 1528 statuere
1086 1496 1320 1537 cruentum,
1605 1486 1690 1526 385

236 1545 438 1587 Alternos
458 1544 585 1598 longa
601 1545 803 1585 nitentem
824 1545 1000 1597 cuspide
1020 1560 1203 1598 gressus

237 1602 380 1650 Saevit,
403 1608 445 1641 et
461 1601 638 1641 infracta
657 1600 840 1642 luctatur
861 1601 1065 1642 arundine
1088 1601 1216 1643 telum

237 1659 433 1712 Eripere,
455 1656 695 1711 auxilioque
717 1658 838 1707 viam,
860 1672 955 1712 quae
975 1659 1181 1711 proxima,
1202 1656 1361 1712 poscit:

238 1787 350 1815 Amara
363 1785 480 1815 irrisio!
506 1785 603 1814 metire
619 1794 707 1823 agros
716 1794 942 1823 corpore,quos

237 1825 326 1853 novis
347 1825 464 1853 colonis
480 1824 601 1862 'l'rojani
621 1824 722 1852 metiri
737 1829 768 1852 et
787 1824 941 1862 assignare

195 1895 198 1900 Ι
238 1863 389 1891 volebant.

277 1903 334 1930 305
347 1900 438 1929 Velut
453 1900 568 1928 Boreas
581 1900 674 1927 nubes
694 1900 791 1935 fugat,
807 1900 849 1927 sio
863 1900 939 1927 Tur—

240 1949 296 1967 nus
312 1939 371 1967 late
393 1943 460 1966 ante
483 1948 515 1965 se
542 1939 688 1974 'rrojauos
712 1938 781 1973 agit.
823 1938 942 1966 Edonus

240 1978 366 2010 Boreas,
381 1982 414 2004 ut
426 1976 497 2003 alias
514 1976 672 2009 Thracius,
696 1976 731 2003 ab
750 1976 866 2004 Edonis
881 1978 943 2013 (Ἢ-

238 2015 336 2051 ὸωυοὶ)
358 2014 495 2042 Thraciae
515 2013 638 2052 populO.
686 2014 871 2042 Ineumbunt
892 2024 944 2042 au-

235 2056 296 2081 tem
310 2052 463 2089 aquilones
480 2051 552 2080 mari
565 2052 672 2090 JEgaeo
684 2052 714 2079 in
725 2052 829 2089 primis
842 2052 939 2088 gravi-

237 2094 292 2125 ter,
308 2095 376 2119 sunt
387 2090 463 2119 enim
473 2090 503 2118 hi
516 2091 631 2122 etesiae,
645 2089 683 2118 de
700 2091 809 2128 quibus
820 2088 849 2119 νζ
861 2090 940 2119 Plin.

238 2129 285 2163 11,
304 2130 452 2158 47.-369
471 2138 624 2161 conversae,
650 2137 702 2156 seu
725 2138 819 2156 versae
844 2129 872 2156 in
894 2128 940 2157 fu-

239 2177 316 2203 gam,
328 2177 380 2195 seu
394 2168 523 2195 turbatae
531 2177 569 2195 ex
578 2168 939 2204 movelaflacfuyamdant,

238 2205 363 2238 faciunt,
382 2206 487 2242 utjain
512 2205 584 2233 alibi
608 2205 859 2234 vidinu1s.—372.
883 2206 939 2233 373

237 2243 400 2281 spumantia
413 2242 511 2281 frenis
525 2253 587 2275 ora,
604 2243 633 2270 h.
647 2253 674 2271 e.
686 2243 714 2270 in
731 2243 833 2276 frenis,
850 2244 941 2277 circa,

237 2291 291 2318 per
310 2283 404 2310 frena.
444 2281 523 2309 Nam
540 2282 655 2309 frenum
670 2290 777 2318 spuma
797 2283 858 2310 oris
880 2291 941 2309 ma-

239 2320 477 2348 det.—374.375
494 2319 560 2348 Non
573 2328 590 2347 a
611 2319 726 2352 Turno,
748 2320 800 2347 sed
816 2330 831 2347 a
854 2324 941 2356 tergo

237 2357 400 2386 immissam
425 2358 546 2395 Phegeo
563 2357 655 2384 fuisse
677 2357 791 2385 hastam
813 2358 941 2385 arbitror

239 2396 276 2422 ab
292 2397 360 2424 alio.
403 2396 544 2434 Phegeus
559 2395 662 2432 pendet
675 2395 769 2432 juyis,
790 2396 828 2423 ab
842 2396 940 2432 equis,

239 2443 313 2470 quos
342 2434 434 2462 frenis
468 2434 719 2471 apprehenderet,
749 2443 875 2471 euinque
901 2434 938 2461 iis

237 2471 380 2504 luctatur,
409 2472 481 2500 dum
505 2472 548 2500 illi
569 2471 745 2499 obnituntur
767 2476 795 2499 et
814 2482 937 2509 procur-

237 2513 317 2537 runt.
361 2511 445 2537 Inter
464 2511 529 2538 liaec
545 2509 642 2537 lancea
654 2510 838 2547 consequitur
852 2514 940 2538 retec-

239 2552 310 2581 tum,
329 2547 358 2575 h.
386 2558 411 2575 e.
433 2548 460 2575 in
486 2549 554 2576 loeo
575 2548 710 2582 corporis
732 2548 858 2584 patenti,
886 2558 940 2576 nec

238 2585 336 2622 clipeo
351 2589 442 2619 tecto,
465 2587 632 2615 ›ercutitun
672 2586 747 2613 Turn
760 2586 809 2614 ille
823 2596 939 2614 conver—

236 2634 286 2651 sus
309 2623 416 2652 strioto
440 2596 539 2662 glindio
561 2625 589 2653 in
610 2625 730 2660 hostem,
755 2634 771 2653 a
793 2634 852 2662 quo
875 2625 938 2653 iul*

982 1789 1102 1814 meratus
1120 1789 1196 1819 erat,
1211 1785 1288 1819 ibat,
1303 1784 1353 1823 qui
1370 1784 1437 1812 ideo
1452 1782 1527 1811 alius
1540 1791 1574 1811 ac
1589 1782 1688 1810 diver-

983 1834 1036 1852 sus
1053 1825 1090 1852 ab
1105 1825 1207 1852 Turno
1222 1828 1298 1852 erat.
1338 1823 1387 1851 Ita
1408 1821 1494 1860 equis
1517 1823 1582 1858 ejus
1601 1830 1688 1848 manu

982 1862 1117 1890 dimissis
1138 1861 1258 1890 'rm-nus
1280 1861 1398 1890 invehit
1411 1869 1539 1897 eumque
1553 1863 1689 1897 prostra-

981 1904 1043 1928 tuin
1073 1899 1292 1928 obterit.—375
1321 1899 1440 1927 loricam
1466 1898 1586 1932 bilicem,
1611 1896 1689 1925 binis

981 1939 1072 1971 liciis,
1090 1938 1207 1966 filorum
1219 1938 1375 1966 ordinibus
1390 1947 1488 1965 senex
1504 1937 1564 1964 lino
1578 1945 1631 1963 seu
1646 1945 1685 1962 ex

984 1986 1056 2010 aere,
1076 1976 1267 2013 (bracteolis,
1283 1975 1439 2008 catenulis,
1457 1974 1607 2011 squamis&
1624 1973 1685 2001 sac-

985 2019 1043 2043 tam
1058 2024 1065 2044 z
1086 2018 1119 2042 ut
1133 2014 1395 2045 trilicmnIlIAffl
1409 2012 1628 2040 ubinot.-376
1639 2011 1688 2039 de-

976 2056 1075 2091 yustat
1086 2056 1117 2080 ut
1126 2052 1227 2081 bibere
1240 2063 1246 2080 :
1264 2052 1306 2079 sic
1317 2053 1379 2088 jam
1391 2052 1517 2084 γεύεσθαι
1529 2059 1584 2087 pro
1596 2049 1684 2077 strin-

981 2100 1050 2127 gere
1066 2089 1105 2122 11,
1124 2103 1147 2123 υ,
1164 2090 1223 2118 258
1240 2101 1245 2117 ;
1269 2097 1299 2125 φ,
1315 2090 1424 2122 (30.61,
1439 2088 1510 2116 alibi
1522 2089 1579 2115 alia
1595 2088 1689 2125 ligura

980 2131 1121 2163 ἐπέγραψε
1138 2133 1218 2161 χρόα.
1233 2132 1296 2156 rota
1308 2132 1335 2155 e!
1350 2128 1424 2159 axis,
1439 2136 1544 2154 currus
1560 2126 1665 2154 Turni.

1018 2168 1077 2195 386
1103 2165 1236 2194 nitentem
1261 2166 1395 2202 (quoad)
1417 2174 1536 2201 yressus
1560 2164 1687 2192 alternos

981 2204 1105 2244 suSPidE,
1132 2206 1219 2238 ἔγχει,
1239 2206 1408 2237 ἐρειδόμενον
1434 2206 1521 2237 ἔγχει,
1550 2202 1687 2236 alternis,

981 2253 1049 2271 cum
1070 2242 1165 2271 altero
1183 2242 1260 2280 pede
1290 2242 1487 2274 claudicaret,
1508 2240 1633 2269 vulnere
1656 2240 1686 2268 in

982 2282 1106 2317 femore,
1134 2284 1169 2308 ut
1194 2280 1351 2318 probabile
1377 2280 1421 2313 fit,
1449 2279 1686 2316 accepta—387

981 2319 1082 2347 Saeviu
1126 2318 1219 2352 Bene,
1234 2318 1331 2356 inquit
1343 2318 1440 2351 Serv.,
1456 2316 1523 2344 viro
1539 2317 1609 2345 sorti
1622 2326 1685 2345 ser-

981 2362 1031 2385 vat
1048 2357 1240 2395 dignitatem:
1263 2356 1434 2393 indignatur
1449 2355 1600 2383 hominum
1615 2364 1685 2392 per-

982 2396 1063 2428 fidia,
1084 2395 1268 2428 exardescit,
1290 2395 1371 2432 qnod
1387 2403 1515 2431 apugna
1537 2392 1685 2421 abstrahi-

979 2440 1047 2467 tur‘,
1067 2434 1132 2470 ipse
1147 2433 1237 2461 telum
1249 2436 1369 2465 tractat,
1387 2431 1564 2465 labefactat3
1586 2431 1682 2458 fracto

980 2472 1061 2508 ligno
1081 2471 1190 2508 poscit,
1216 2475 1249 2499 ut
1281 2470 1404 2498 vulnere
1426 2469 1567 2506 ampliato
1589 2468 1679 2497 serra-

981 2514 1112 2538 mentum
1125 2514 1295 2537 exsecetur.
1319 2508 1426 2536 Omnia
1437 2508 1502 2535 haec
1515 2507 1551 2534 ad
1564 2512 1683 2535 nostros

982 2557 1086 2576 sensus
1115 2547 1398 2580 aeconnnodatiora,
1429 2555 1516 2582 quam
1542 2554 1608 2581 quae
1645 2546 1682 2573 de

980 2587 1094 2614 Glauco
1118 2586 1271 2613 Homerus
1293 2591 1391 2613 narrat
1416 2584 1454 2611 ΙΙ.
1475 2596 1504 2615 π,
1528 2584 1585 2610 508
1605 2593 1686 2620 sqq.,

980 2626 1033 2654 sed
1059 2624 1221 2653 Homerica
1243 2623 1385 2662 propiora
1413 2625 1482 2650 sunt
1505 2621 1540 2650 ud
1565 2625 1679 2649 nuturoe
