1796 3077
588 253 854 292 AENEIDOS.
907 253 1006 291 Lm.
1037 254 1127 292 XII.

1477 256 1572 300 645

127 368 294 423 Poplite
315 370 536 413 subsidens
553 388 562 421 ;
593 372 755 425 apicem
774 378 914 414 tamen
934 373 1060 414 incita
1081 384 1287 413 summum
1345 376 1348 377 ⁷

129 425 268 466 Hasta
288 426 394 476 tulit,
413 442 679 480 summasque
699 430 885 469 excussit
906 430 1059 469 vertice
1080 429 1240 468 cristas.

127 480 243 521 Tum
263 497 362 523 vero
384 490 608 536 assurgunt
628 483 713 532 irae,
734 484 978 537 insidiisque
999 485 1213 532 subactus,

129 535 334 577 Diversos
357 540 427 579 ubi
448 539 577 579 sensit
597 553 728 591 equos
752 554 1004 592 currumque
1024 539 1185 588 referri,

1487 538 1573 578 495

127 589 268 632 Multa
289 593 317 632 J
321 608 440 634 oven}
459 601 501 634 et
519 594 608 634 laesi
628 601 807 635 testatur
828 595 1000 635 foederis
1021 609 1128 635 aras.

127 646 225 686 Jam
246 650 417 690 tandem
436 650 595 689 invadit
616 650 792 699 medios,
815 658 857 690 et
879 650 1020 691 Marte
1044 650 1230 691 secundo

128 702 360 754 Terribilis,
384 720 536 745 saevam
555 705 669 745 nullo
691 706 927 746 discrimine
949 707 1108 746 caedem

128 758 339 808 Suscitat3
370 760 608 813 irarumque
631 776 772 802 omnes
792 762 971 802 effundit
990 762 1192 802 habenas.

185 814 294 860 Quis
313 816 414 855 mihi
433 830 543 856 nunc
563 824 625 857 tot
646 818 798 857 acerba
817 818 936 866 deus,
958 818 1050 870 quis
1072 818 1252 858 carmine
1273 817 1410 858 caedes
1487 815 1572 856 500

127 869 341 919 Diversas,
364 872 608 924 obitumque
631 872 797 920 ducum,
819 887 924 925 quos
945 887 1113 925 aequore
1135 880 1224 913 toto

128 924 264 979 Inque
285 927 416 967 vicem
436 941 548 968 nunc
569 926 743 967 Turnus
765 929 864 981 agit,
885 942 996 968 nunc
1016 928 1173 968 Troius
1193 929 1333 977 heros,

129 980 380 1035 Expediat?
412 982 572 1023 tanton'
591 982 751 1036 placuit
773 998 1024 1024 concurrere
1045 992 1177 1032 motu,

125 1036 309 1089 Jupiter,
330 1045 489 1079 aeterna
510 1046 657 1091 gentes
677 1039 720 1079 in
738 1053 843 1092 pace
864 1039 1050 1080 futuras!

126 1092 290 1133 AEneas
313 1093 519 1134 Rutulum
542 1094 787 1142 Sucronem,
807 1098 876 1143 (ea
896 1096 1030 1147 prima
1050 1102 1220 1135 ruentes

127 1147 279 1201 Pugna
297 1148 389 1189 loco
412 1150 558 1189 statuit
578 1149 787 1202 Teucros)
808 1150 924 1190 haud
942 1150 1072 1190 multa
1090 1158 1291 1198 moratus,

127 1203 304 1257 Excipit
324 1205 365 1243 in
385 1204 505 1252 latus,
527 1212 581 1253 et,
602 1220 686 1257 qua
707 1205 793 1244 fata
813 1205 1041 1253 celerrima,
1063 1205 1241 1248 crudum

126 1258 404 1313 Transadigit
423 1267 560 1300 costas
581 1267 623 1300 et
644 1267 779 1300 crates
800 1261 984 1314 pectoris
1005 1275 1161 1301 ensem.

126 1313 301 1355 Turnus
323 1329 433 1369 equo
455 1317 665 1369 dejectum
684 1315 908 1368 Amycum,
931 1316 1185 1369 fratremque
1208 1316 1397 1365 Diorem‚

128 1370 390 1425 Congressus
410 1372 542 1424 pedes
561 1386 570 1410 :
602 1370 716 1411 hunc
736 1372 971 1411 venientem
992 1373 1166 1424 cuspide
1186 1371 1327 1425 longa,
1490 1369 1574 1408 510

127 1425 259 1467 Hunc
279 1441 480 1467 mucrone
504 1426 627 1475 ferit3
661 1441 873 1480 curruque
895 1427 1058 1467 abscisa
1080 1427 1262 1467 duorum

128 1481 362 1536 Suspendit
382 1483 532 1536 capita,
555 1489 597 1522 et
617 1483 801 1522 rorantia
822 1483 1024 1535 sanguine
1045 1490 1201 1535 portat.

125 1537 202 1578 Ille
224 1538 378 1587 Talon,
401 1538 666 1591 Tanaimque
687 1538 792 1586 neci,
813 1537 1047 1591 fortemque
1069 1538 1321 1592 Cethegum,

128 1593 239 1634 Tres
260 1609 344 1634 uno
365 1608 608 1647 congressm
630 1600 672 1634 et
692 1601 882 1634 maestum
901 1594 1028 1633 mittit
1050 1594 1234 1646 Onyten,

128 1649 301 1690 Nomen
321 1650 591 1697 Echionium,
610 1650 838 1703 matrisque
861 1664 993 1703 genus
1016 1649 1198 1690 Peridiae
1215 1667 1224 1699 ς

129 1704 214 1746 Hic
236 1705 385 1745 fratres
408 1705 540 1758 Lycia
560 1706 707 1745 missos
727 1713 769 1744 et
787 1705 860 1758 Ap

865 1704 997 1745 ellinis
1018 1706 1143 1757 agris,

130 1761 190 1801 Et
205 1762 405 1814 juvenem
426 1775 602 1800 exosum
621 1761 906 1813 nequidquam
926 1760 1036 1801 bella
1054 1756 1278 1801 Bienoeten

130 1817 303 1857 Arcada
321 1831 330 1856 t
362 1817 537 1870 piscosae
559 1817 626 1857 cui
647 1818 801 1856 circum
823 1816 994 1856 fiumina
1016 1816 1169 1856 Lernae

130 1872 216 1912 Ars
237 1873 386 1920 fuerat,
407 1886 654 1925 pauperque
677 1872 824 1913 domus
844 1888 854 1919 ς
886 1886 963 1912 nec
984 1880 1083 1912 nota
1107 1880 1328 1925 potentum

130 1928 320 1976 Limina3
353 1929 645 1980 conductaque
666 1936 786 1980 pater
807 1927 955 1967 tellure
978 1928 1159 1968 serebat.

130 1984 197 2025 Ac
217 1984 331 2025 velut
351 1984 522 2024 immissi
542 1983 715 2024 diversis
738 1983 929 2036 partibus
949 1984 1067 2036 ignes

130 2105 161 2131 in
194 2113 287 2137 arma,
310 2102 365 2131 int.
388 2102 416 2131 in
434 2102 576 2140 clipeum,
591 2111 650 2140 quo
676 2102 755 2131 texit
778 2111 821 2134 se,
863 2103 899 2130 ab
915 2102 971 2130 hoc
988 2102 1100 2130 Amvco
1112 2104 1190 2133 sunt,
1202 2109 1278 2137 quos
1292 2100 1347 2129 lib.
1359 2100 1400 2134 V,
1413 2100 1470 2128 373
1485 2109 1491 2127 :
1508 2099 1574 2133 IX,

131 2144 272 2176 ὑφιζάγων,
297 2140 455 2169 subsidens.
497 2141 561 2169 Res
585 2140 699 2178 passim
723 2140 823 2168 obvia.

131 2180 229 2206 —494
247 2178 359 2206 insidiis
373 2178 520 2211 subactus,
535 2178 579 2207 ira
590 2179 699 2207 victus.
740 2178 826 2207 :chi-
866 2188 971 2215 parare
997 2178 1093 2205 solent
1107 2177 1154 2206 m.

130 2216 181 2253 pio
192 2215 334 2249 subactus,
347 2220 379 2244 ut
393 2216 535 2250 domitus,
549 2217 828 2250 νὶοως,ὀαμασθεὶς,

132 2255 171 2282 de
191 2254 246 2286 ira,
266 2258 392 2291 propter
411 2254 547 2287 insidias,
567 2255 678 2291 quibus
699 2254 829 2291 petitum

132 2302 166 2320 se
183 2292 310 2319 viderat.
350 2291 402 2319 Sic
416 2291 489 2319 alias
504 2292 633 2325 adactus,
650 2298 817 2329 permotus:

170 2331 228 2358 505
242 2329 290 2357 Εα
301 2339 398 2366 puyna
411 2329 540 2366 primum
558 2329 617 2358 loco
630 2330 743 2364 statuit,
763 2339 831 2357 con-

132 2368 200 2396 fuse
229 2367 325 2395 adhuc
350 2376 406 2403 per
429 2367 547 2396 ordines
580 2373 700 2396 ruentes
726 2368 833 2396 sistere

132 2406 208 2434 fecit
234 2405 398 2442 impetum3
418 2414 473 2441 pro
499 2406 664 2435 communi:
686 2410 749 2434 tum
773 2406 834 2443 pri-

133 2453 214 2471 murn
229 2442 339 2471 Teucri
353 2442 553 2471 substiterunt
567 2443 603 2471 ad
618 2453 681 2471 eam
696 2453 834 2481 pugnam.

133 2483 229 2509 -507
248 2480 366 2517 Excipit
380 2479 408 2507 iu
423 2480 510 2511 latus.
523 2481 621 2514 docte,
637 2490 692 2518 pro
709 2481 834 2518 excipit,

137 2519 282 2551 vulnerat,
296 2518 325 2545 in
339 2518 442 2546 latere.
465 2528 521 2555 qua
534 2520 603 2555 sata
618 2519 778 2547 celerrima.
793 2522 834 2546 ὅθι

134 2560 298 2589 -μάλιστά
322 2569 351 2584 τε
371 2560 471 2588 καίριόν
493 2558 562 2584 ἐστι.
587 2557 705 2585 crudum
734 2567 835 2586 ensem

136 2604 190 2632 pro
205 2598 328 2622 cruento
343 2604 350 2623 z
373 2599 406 2622 ut
421 2598 451 2621 et
465 2593 509 2627 X,
522 2595 590 2622 682.

175 2633 233 2661 509
248 2632 330 2669 Ergo
351 2632 487 2668 Amycus
509 2636 540 2660 et
562 2632 673 2660 Diores
695 2632 747 2660 filii
768 2632 836 2661 Pri-

138 2671 207 2706 ami,
229 2673 261 2700 ut
280 2673 364 2708 patet
378 2680 395 2699 e
411 2670 448 2706 V,
464 2671 540 2700 297:
562 2670 591 2704 1,
604 2671 672 2700 221.
715 2670 838 2700 Diversi

863 2141 941 2168 wie:
971 2140 1016 2172 X,
1042 2134 1098 2167 ῗθλ
1123 2139 1374 2167 vidimus—510.
1399 2139 1455 2166 511
1482 2138 1574 2166 Com-

1184 2190 1207 2209 ι,
1236 2177 1304 2204 461.
1330 2177 1497 2204 462.-513
1518 2175 1576 2204 Ille

868 2216 1001 2250 AEneas3
1028 2219 1156 2242 moestum
1173 2214 1239 2250 ipsa
1257 2219 1365 2247 morte,
1387 2218 1471 2251 puto,
1487 2223 1575 2251 quam

871 2253 1026 2282 subiturus
1040 2258 1114 2281 erat.
1144 2252 1268 2280 Servius
1280 2251 1410 2281 tristem.
1423 2261 1575 2285 severum,

872 2295 1038 2324 σκυθρωπὸν,
1065 2290 1199 2328 exponit.
1241 2289 1354 2317 Nomen
1380 2289 1577 2317 Echionium:

872 2330 969 2366 quoad
983 2338 1097 2362 nomen,
1108 2328 1234 2360 nomine,
1249 2327 1389 2355 Echionis·
1404 2327 1494 2355 filium
1510 2338 1517 2361 3
1531 2327 1577 2355 uti

873 2372 903 2395 et
915 2376 1004 2404 yemis
1020 2376 1099 2394 mox.
1143 2366 1207 2393 Nee
1222 2375 1291 2393 vero
1305 2366 1342 2393 de
1352 2365 1486 2393 Echione
1497 2365 1578 2393 The-

874 2406 948 2433 bano
960 2404 1150 2442 cogitandum
1161 2413 1168 2438 3
1183 2407 1278 2430 mater
1286 2404 1506 2436 Περιόἴα.-516
1516 2402 1579 2430 Hic

874 2443 1004 2470 Turnus.
1019 2442 1110 2478 Lycia
1124 2445 1150 2469 et
1164 2440 1310 2478 Apollinis·
1330 2441 1430 2478 ayt-is:
1450 2440 1576 2478 respicit

875 2481 1013 2509 Pataram
1041 2489 1109 2507 cum
1132 2479 1244 2516 templo
1267 2479 1391 2507 Latonae
1414 2482 1445 2506 et
1465 2478 1576 2507 libero-

876 2518 1051 2546 rum.-—;]IS
1068 2527 1134 2554 sqq.
1152 2516 1249 2544 Lerna
1270 2521 1380 2548 autem,
1402 2516 1460 2544 etsi
1481 2517 1578 2554 argivi

876 2556 949 2591 agri,
961 2555 1070 2583 fluvius
1086 2560 1114 2582 et
1130 2554 1226 2592 palus,
1237 2558 1401 2584 nontamen
1413 2555 1576 2582 aconfiniis

876 2592 1015 2622 Arcadiae
1038 2593 1164 2620 muitum
1179 2592 1214 2620 ab
1267 2612 1275 2619 .
1314 2592 1364 2620 Ex
1377 2592 1509 2620 Evandri
1523 2601 1574 2619 au-

875 2636 934 2661 tem
950 2631 1043 2668 copiis
1058 2630 1151 2658 fuisse
1167 2640 1208 2667 pu
1260 2630 1328 2658 dus.

916 2670 972 2699 521
989 2678 1055 2707 sqq.
1069 2668 1107 2698 cf.
1122 2668 1161 2698 11.
1172 2674 1202 2703 λ,
1216 2669 1289 2705 15ᾃρ
1304 2668 1446 2707 Aponon.
1456 2667 1485 2702 Ῐ,
1497 2668 1575 2697 1026
