1796 3077
544 253 810 295 AENEIDOS.

865 255 969 295 Lm.
997 256 1029 295 ι’.
1452 262 1548 306 245

126 368 238 413 Tum
257 370 315 413 sic
334 370 518 426 reginam
537 371 773 428 alloquitur,
793 373 1036 427 cunctisque
1055 379 1228 428 repente

125 426 379 482 Improvisus
400 429 477 470 ait:
501 429 667 480 Coram,
689 445 812 484 quem
832 431 1030 484 quaeritis,
1053 430 1199 471 adsum
1470 431 1523 471 59

1526 432 1552 471 Q(

125 482 281 525 Troius
300 484 473 535 AEneas,
495 485 664 541 Libycis
683 493 852 541 ereptus
867 487 921 528 ab
941 486 1077 536 undis,

125 539 167 580 O
186 539 274 581 sola
293 541 485 583 infandos
505 542 649 597 Trojae
668 543 862 585 miserata
879 542 1059 590 labores,

122 595 233 643 Quae
252 611 340 647 nos,
360 597 554 652 reliquias
574 599 784 648 Danaum,
804 606 1010 653 terraeque
1029 598 1236 653 marisque

122 651 330 695 Omnibus
349 653 577 696 exhaustos
589 656 677 710 jam
695 656 876 705 casibus,
896 656 1077 697 omnium
1097 669 1266 710 egenos,

122 707 257 759 Urbe,
278 710 414 760 domo,
435 711 588 754 socias!
638 718 748 753 rates
767 711 1004 767 persolvere
1024 713 1171 766 dignas

609 727 747 817 indo,
767 782 844 809 nec
863 769 1070 823 quidquid
1091 768 1246 821 ubique
1266 773 1330 808 est

120 763 222 806 Non
242 767 333 821 opis
352 774 415 808 est
429 775 596 817 nostrae,

1468 712 1553 752 600

120 820 273 862 Gentis
293 822 537 872 Dardaniae,
558 838 755 877 magnum
776 839 871 877 quae
892 839 1037 878 sparsa
1056 839 1132 878 per
1149 825 1307 865 orbem.

120 876 181 918 Di
200 878 290 926 tibi,
311 879 345 919 si
364 893 447 932 qua
465 879 556 932 pios
571 886 810 933 respectant
830 881 1012 929 numina,
1035 881 1065 920 si
1086 880 1189 933 quid

120 931 310 987 Usquam
324 935 487 988 justitia
506 942 570 976 est
589 943 632 977 et
651 949 767 976 mens
787 936 865 976 sibi
885 936 1051 976 conscia
1069 936 1186 983 recti,

120 988 299 1031 Praemia
318 991 444 1045 digna
463 991 611 1033 serant.

671 990 781 1037 Quae
801 998 843 1032 te
861 998 946 1032 tam
966 991 1063 1032 laeta
1081 991 1265 1032 tulerunt

1469 990 1553 1030 605

118 1045 311 1087 Saecula?
341 1048 413 1100 qui
433 1048 538 1088 tanti
560 1046 682 1089 talem
702 1062 886 1102 genuere
906 1049 1131 1102 parentes?

119 1100 170 1142 In
189 1102 296 1143 freta
317 1102 417 1144 dum
436 1103 551 1144 fluvii
571 1112 754 1153 current,
775 1104 874 1144 dum
889 1105 1098 1145 montibus
1118 1104 1280 1144 umbrae

120 1157 384 1199 Lustrabunt
402 1174 603 1209 convexa,
623 1159 746 1213 polus
768 1160 868 1200 dum
889 1160 1026 1200 sidera
1045 1167 1207 1214 pascet:

118 1213 294 1268 Semper
310 1214 445 1256 honos
462 1230 697 1269 nomenque
716 1223 846 1265 tuum,
864 1215 1095 1269 laudesque
1115 1216 1358 1262 manebunt,

118 1269 229 1316 Quae
248 1285 314 1312 me
329 1285 507 1325 cumque
525 1279 676 1313 vocant
696 1278 833 1314 terrae.
893 1271 962 1312 Sic
982 1272 1106 1321 fatus,
1129 1272 1305 1329 ami-cum

1471 1270 1556 1311 610

117 1325 277 1368 Ilionea
297 1328 403 1381 petit
424 1329 587 1377 dextra,
608 1328 794 1382 laevaque
816 1329 1051 1378 Serestum3

118 1381 223 1424 Post
243 1382 356 1432 alios,
378 1383 611 1437 fortemque
634 1385 774 1437 Gyan,
795 1385 1029 1438 fortemque
1052 1383 1318 1425 Cloanthtun.

174 1439 408 1493 Obstupuit
428 1440 562 1494 primo
583 1448 756 1494 aspectu
777 1441 950 1481 Sidonia
969 1440 1104 1489 Dido,

117 1494 231 1536 Casu
251 1495 403 1536 deinde
421 1496 497 1536 viri
516 1503 656 1545 tanto3
678 1504 719 1536 et
741 1497 798 1538 sic
818 1511 890 1537 ore
908 1495 1048 1538 locuta
1068 1502 1150 1536 est:

118 1551 226 1597 Quis
246 1558 301 1599 te,
322 1558 417 1592 nate
438 1552 529 1601 dea,
550 1567 626 1606 per
646 1560 761 1592 tanta
781 1552 966 1606 pericula
985 1566 1105 1592 casus

118 1606 357 1662 Insequitur
373 1610 389 1648 2
420 1622 514 1661 quae
533 1609 594 1648 vis
614 1608 860 1649 immanibus
881 1607 1062 1662 applicat
1081 1607 1189 1648 oris?

114 1784 218 1819 decus,
228 1785 308 1823 quod
318 1786 427 1815 addunt
434 1795 546 1814 manus.
566 1786 695 1824 Reliqua
705 1786 818 1815 variata

117 1827 185 1851 sunt
209 1833 285 1861 pro:
319 1824 402 1853 ebori
427 1828 478 1852 aut
502 1829 625 1862 argento
648 1828 699 1853 aut
726 1824 816 1852 Pario

115 1862 264 1896 marmori,
293 1862 319 1890 si
343 1862 497 1891 includunt
512 1862 587 1891 illud
614 1872 694 1891 auro.
708 1879 747 1883 ——
759 1864 816 1890 595

116 1908 162 1936 sq.
176 1899 326 1929 Praeclara
339 1904 369 1929 et
383 1900 508 1929 affectus
520 1900 608 1937 plena
621 1900 727 1929 oratio.
749 1900 816 1929 reli-

115 1937 200 1974 quias
213 1939 359 1972 Danaum,
375 1949 391 1967 a
404 1938 514 1967 Danais
530 1938 667 1974 relictos,
687 1939 817 1977 passive,

117 1979 151 2005 ut
172 1975 274 2013 aiunt3
296 1977 390 2020 stragi
413 1977 606 2014 Trojanorum
633 1978 669 2005 ab
692 1977 819 2006 Achivis

115 2012 203 2042 i'actae
239 2014 652 2052 superstites.—exhaustos,
689 2015 821 2052 attritos,

116 2056 297 2086 consumtus,
325 2053 621 2086 vexatos—socia&
644 2053 682 2081 de
703 2058 820 2088 conatu,

118 2090 250 2127 recipere
260 2091 316 2120 vis.
327 2108 365 2112 -
378 2093 435 2120 603
450 2092 527 2120 Ante
542 2091 646 2120 oculos
660 2092 716 2120 fuit
727 2091 817 2129 Ulys-

118 2127 159 2155 sis
178 2129 214 2157 ad
229 2129 404 2158 Nausicaam
419 2130 514 2158 oratio
535 2129 727 2168 pulchrarum
750 2140 815 2158 sen-

120 2165 275 2195 tentiarum
288 2167 383 2204 plena,
398 2168 449 2197 ubi
466 2168 576 2205 Odyss.
592 2172 617 2202 ζ,
633 2169 817 2197 lgm—004.

120 2203 153 2231 Si
179 2213 235 2232 non
257 2204 341 2233 inane
366 2215 470 2234 nomen
495 2210 544 2235 est
565 2206 816 2244 justitia-605

120 2241 207 2270 Felix
220 2241 369 2271 hominum
384 2247 468 2278 aetas,
486 2244 514 2272 in
526 2248 637 2282 quate,
656 2248 715 2272 tam
731 2255 817 2283 gene-

118 2288 216 2309 rosam
236 2279 385 2314 semffiam,
404 2281 486 2313 nasci
499 2282 636 2321 contigit!
658 2282 724 2311 loeta
746 2293 819 2312 saec.

120 2320 189 2346 sunt
210 2317 319 2352 fausta,
341 2319 450 2347 felicia.
468 2320 615 2363 Compara
633 2321 654 2349 l.
673 2330 698 2349 c.
719 2321 778 2349 Od.
795 2326 819 2356 ζ,

119 2356 282 2384 154—157.
294 2357 342 2386 De
350 2356 403 2386 hac
412 2356 550 2386 laudandi
562 2359 675 2388 ratione
687 2369 715 2388 v.
729 2359 821 2388 Ovid.

120 2393 177 2427 IV,
191 2395 268 2424 Met.
275 2395 341 2423 322.
353 2404 367 2424 s
389 2405 419 2432 q.
430 2399 461 2423 et
471 2395 512 2424 ibi
521 2397 820 2427 Burm.—oo7—610

120 2431 210 2468 Quod
223 2432 359 2462 Tibullus
394 2452 401 2460 .
416 2433 445 2467 4,
459 2434 507 2461 65.
520 2435 615 2463 nude:
637 2435 702 2463 (lum
717 2435 821 2464 robora

117 2470 327 2503 tellus—vehet,
337 2471 392 2501 hoc
402 2471 535 2504 ornatius
540 2472 648 2501 extulit
656 2473 802 2509 Virgilius
811 2486 817 2503 z

119 2508 212 2538 donec
228 2510 342 2539 umbrae
364 2509 504 2538 silvarum
524 2519 644 2539 convexa
664 2510 820 2546 montium,

120 2546 151 2574 h.
175 2557 202 2576 e.
225 2547 318 2577 latera
336 2551 368 2576 et
387 2547 525 2582 ambitus,
546 2548 678 2586 adeoque
702 2554 817 2579 montes

119 2593 282 2619 convexos,
301 2586 512 2619 obsonrabunt,
527 2589 557 2614 et
571 2586 701 2615 ornatius
712 2587 818 2617 lustra-

121 2621 199 2657 bunt,
220 2625 326 2653 umbra
336 2634 390 2663 pro
405 2625 482 2653 flexu
497 2623 570 2652 solis
589 2625 770 2662 procedente
788 2631 818 2656 et

122 2660 251 2697 circuma
277 2668 344 2693 ente
365 2673 408 2691 se.
424 2663 508 2701 polus
529 2662 594 2690 dnm
612 2662 706 2690 sidera
718 2669 817 2700 pascet

125 2708 177 2735 pro
185 2672 400 2739 habefbitfflolus
411 2711 527 2739 pascere
534 2700 629 2729 sidera
637 2701 698 2729 dici
706 2705 817 2738 polest,

123 2745 178 2774 pro
197 2737 295 2770 sidera
308 2740 390 2779 pasci
404 2740 434 2769 in
458 2739 538 2779 polo,
559 2743 703 2777 quatenus
721 2740 815 2771 stellae

856 1795 955 1814 errare
967 1789 997 1814 et
1009 1785 1110 1823 vagari
1131 1794 1186 1823 per
1200 1784 1309 1813 eoelum
1325 1784 1472 1814 videntur.
1512 1784 1557 1815 Et

855 1824 1072 1852 Callimachum
1099 1833 1275 1861 expressum
1303 1832 1372 1851 esse
1400 1832 1417 1850 a
1441 1826 1555 1859 nostro,

851 1862 913 1899 jam
932 1863 969 1891 ab
992 1862 1059 1890 aliis
1079 1865 1126 1890 est
1150 1864 1280 1889 notatum
1302 1861 1331 1889 in
1356 1860 1425 1888 Del.
1448 1862 1556 1889 176.—

856 1902 933 1929 Cum
963 1904 1061 1929 tamen
1088 1899 1297 1929 Lucretianum
1335 1899 1363 1933 I,
1389 1899 1459 1927 232.
1482 1899 1557 1928 unde

857 1939 945 1967 oetlwr
971 1938 1065 1967 sidera
1088 1936 1205 1976 pascit?
1234 1941 1265 1965 et
1285 1937 1342 1966 alia
1367 1937 1434 1968 loca
1460 1937 1558 1966 videri

857 1977 971 2020 possint
984 1978 1074 2015 poeta
1088 1976 1183 2005 animo
1203 1975 1367 2004 insedisse:
1388 1974 1556 2004 Servianam

858 2015 1133 2052 interpretationem
1158 2024 1214 2042 non
1241 2013 1328 2050 plane
1362 2023 1494 2051 spernes,
1523 2017 1558 2043 ut

859 2053 896 2081 ad
912 2053 1158 2090 philosophorum
1179 2051 1344 2089 opinionem
1356 2052 1477 2084 referas,
1499 2061 1558 2089 qua

855 2095 935 2120 astra
969 2091 1088 2119 marinis
1124 2089 1307 2126 terrenisque
1334 2089 1504 2118 humoribus
1527 2089 1559 2118 in

856 2139 983 2167 vapores
1005 2128 1162 2157 attenuatis
1188 2127 1379 2165 (ἀπορῤοἱως)
1407 2127 1447 2155 uli
1469 2130 1557 2163 puta-

856 2167 972 2196 bantur.
984 2167 1047 2196 vid.
1062 2166 1082 2194 1.
1093 2166 1112 2193 1.
1128 2176 1144 2194 a
1158 2165 1256 2194 Cerda
1269 2169 1299 2193 et
1312 2164 1434 2201 Burm.·,
1455 2174 1558 2201 quem·

857 2206 1013 2234 admodum
1046 2204 1107 2236 iris,
1135 2203 1279 2232 imbibere
1304 2201 1427 2231 imbres.
1459 2212 1489 2231 v.
1518 2204 1557 2232 ad

855 2243 967 2273 Tibull.
977 2243 1004 2277 1,
1018 2243 1045 2277 4,
1056 2243 1105 2271 44.
1126 2241 1170 2270 H.
1183 2240 1374 2278 Verbapolus
1384 2241 1557 2278 shlerapas·

856 2282 894 2310 cit
915 2282 1020 2319 linguae
1041 2280 1117 2309 ratio
1131 2289 1225 2317 neque
1239 2279 1275 2307 ad
1297 2279 1371 2307 hanc
1382 2279 1419 2307 ab
1433 2279 1555 2316 Heynio

858 2324 1113 2348 commemoratam
1139 2318 1306 2355 opinionem
1339 2317 1556 2346 accommodari

858 2358 970 2396 patitur
985 2367 1080 2394 neque
1093 2356 1135 2385 ita
1152 2355 1277 2393 intelligi
1290 2365 1298 2382 z
1320 2355 1416 2384 stellae
1431 2355 1464 2383 in
1484 2356 1557 2393 polo

857 2401 958 2425 errant
980 2396 1051 2439 (hoc
1073 2398 1119 2423 est
1142 2393 1385 2431 βουκολεεῖσθιιι)·,
1412 2394 1466 2423 sed
1484 2394 1556 2422 Vir-

859 2435 946 2473 gilius
961 2434 1035 2463 dicit
1049 2436 1161 2471 aperte,
1176 2432 1245 2470 polo
1258 2432 1353 2461 inesse
1368 2431 1447 2460 vires
1461 2432 1556 2461 alendi

858 2473 964 2501 sidera.
982 2472 1028 2501 W.
1042 2489 1079 2493 —
1089 2472 1156 2499 609.
1169 2471 1226 2498 olo
1242 2470 1428 2508 Quocunque
1443 2471 1556 2505 abiero,

856 2510 992 2540 beneficii
1014 2508 1127 2547 accepti
1141 2517 1251 2536 memor
1271 2517 1332 2537 ero.
1353 2517 1422 2537 nam
1441 2513 1557 2538 manent

857 2549 943 2578 etiam
971 2558 1017 2582 ea,
1048 2556 1173 2585 quorum
1197 2547 1338 2576 memoria
1364 2551 1555 2576 servatur.-

856 2589 924 2617 610.
947 2588 1004 2615 6}2
1027 2586 1130 2615 Laetus
1156 2588 1187 2613 et
1215 2588 1317 2623 gratus
1341 2585 1553 2614 benevolentiae

857 2630 886 2657 et
900 2624 1038 2654 amicitiae
1054 2623 1178 2653 affectus
1196 2622 1225 2651 in
1243 2623 1290 2652 his
1304 2623 1440 2652 versibus
1453 2624 1553 2651 obser-2

855 2665 979 2693 validus.

893 2704 950 2731 613
975 2710 1055 2729 casus
1079 2705 1124 2729 est
1139 2700 1265 2734 fortuna,
1284 2704 1318 2729 ut
1339 2699 1438 2728 statim
1456 2709 1484 2727 v.
1506 2708 1552 2735 sq.

857 2739 1005 2778 Respexit
1026 2739 1054 2768 h.
1080 2738 1100 2767 l.
1126 2738 1218 2768 Silius
1234 2739 1281 2774 II,
1294 2739 1352 2768 412
1366 2748 1430 2776 sqq.
1445 2754 1480 2759 -ν
1493 2737 1553 2765 616
