1796 3077
538 289 806 328 AENElDOS.

111 406 328 462 Armaque
349 409 586 463 deposuere
606 410 806 450 humeris.

112 462 324 517 Ingentes,
347 467 511 519 genitos
532 467 706 507 diversis
725 466 917 519 partibus
938 467 1066 515 orbis,

112 518 229 560 Inter
253 536 296 561 se
318 523 466 563 coiisse
487 523 613 571 viros,
635 530 678 562 et
698 536 869 562 cernere
891 521 1016 562 ferro.

112 573 258 628 Atque
279 576 348 626 illi,
368 586 414 618 ut
435 592 566 619 vacuo
587 585 816 631 patuerunt
836 591 1005 630 aequore
1026 578 1177 632 campi,

114 630 329 672 Procursu
349 635 510 687 rapido,
532 634 732 688 conjectis
753 634 912 674 eminus
932 632 1077 682 hastis,

115 685 325 728 Invadunt
348 689 533 731 Martem
554 689 700 744 clipeis
720 697 846 742 atque
866 703 949 730 aere
971 704 1137 730 sonoro.

114 742 205 783 Dat
225 745 426 797 gemitum
446 746 569 787 tellus
586 763 595 795 ;
628 753 716 786 tum
736 746 907 786 crebros
927 746 1099 786 ensibus
1118 746 1226 786 ictus

116 798 423 853 Congeminant
440 818 448 850 ;
480 801 586 842 Fors
608 810 650 842 et
669 802 800 842 virtus
820 802 1049 841 miscentur
1070 802 1113 840 in
1132 816 1274 842 unum.

116 854 184 895 Ac
203 855 330 905 velut,
351 858 511 910 ingenti
532 857 632 906 Sila,
655 871 867 897 summove
889 856 1110 905 Taburno,

117 910 262 956 Quum
283 912 367 952 duo
389 913 598 953 conversis
618 913 784 953 inimica
802 914 844 952 in
865 912 1016 966 proelia
1037 913 1148 952 tauri

118 965 348 1008 Frontibus
367 969 610 1009 incurrunt:
641 969 784 1023 pavidi
804 982 968 1009 cessere
989 968 1190 1021 magistri,

118 1022 212 1064 Stat
232 1038 361 1077 pecus
383 1039 505 1066 omne
525 1032 642 1065 metu
660 1032 833 1073 mutum,
854 1031 1125 1077 mussantque
1142 1025 1348 1077 juvencae,

118 1077 227 1124 Quis
251 1082 411 1121 nemori
430 1081 653 1135 imperitet,
675 1095 800 1133 quem
820 1088 909 1121 tota
929 1088 1117 1120 armenta
1139 1089 1393 1133 sequantur3

120 1133 185 1174 Illi
205 1136 314 1176 inter
335 1151 425 1177 sese
445 1137 576 1177 multa
595 1138 634 1176 vi
652 1136 826 1177 vulnera
845 1137 1035 1184 miscent,

122 1190 376 1245 Cornuaque
396 1193 542 1233 obnixi
560 1192 753 1246 infigunt,
776 1200 818 1232 et
838 1192 1039 1245 sanguine
1058 1189 1176 1244 largo

122 1245 241 1286 Colla
261 1262 483 1301 armosque
504 1248 665 1296 lavant3
698 1248 858 1300 gemitu
876 1261 1022 1286 nemus
1043 1261 1164 1286 omne
1184 1248 1379 1301 remugit.

122 1301 256 1342 Haud
277 1303 396 1344 aliter
415 1304 527 1344 Tros
549 1303 713 1344 AEneas
734 1310 777 1343 et
798 1302 994 1342 Daunius
1013 1301 1140 1342 heros

122 1357 391 1399 Concurrunt
411 1359 554 1413 clipeis
571 1375 579 1398 :
611 1360 758 1412 ingens
779 1358 923 1411 fragor
942 1357 1102 1397 aethera
1122 1357 1318 1411 complet.

122 1413 292 1468 Jupiter
311 1415 401 1469 ipse
422 1416 528 1456 duas
548 1423 715 1468 aequato
737 1415 927 1454 examine
947 1412 1088 1452 lances

863 288 966 327 Lm.
994 289 1088 328 ΧΗ.
1461 297 1554 340 (353

867 410 1020 463 Stupet
1039 411 1128 464 ipse
1151 410 1344 461 Latinus,

1475 580 1558 620 710

1478 858 1562 899 715

1482 1136 1565 1176 720

1487 1414 1569 1453 725

123 1470 325 1519 Sustinet,
347 1479 390 1511 et
410 1471 497 1511 fata
516 1471 691 1524 imponit
710 1470 874 1510 diversa
895 1468 1072 1508 duorum
1091 1484 1100 1515 3

123 1525 264 1572 Quem
285 1527 455 1568 damnet
472 1527 607 1575 labor,
629 1534 670 1566 et
690 1540 773 1579 quo
794 1531 939 1578 vergat
959 1524 1146 1577 pondere
1167 1524 1310 1566 letum.

122 1678 181 1707 709
195 1687 319 1711 cernere,
344 1681 439 1712 κρίνειν
460 1682 506 1706 τὸν
530 1681 623 1713 ἀγῶνα
644 1687 700 1715 pro
722 1677 824 1706 decer-

124 1725 203 1749 nere,
216 1717 279 1753 jam
295 1716 391 1744 Ennio
406 1717 635 1754 frequentatum.
656 1716 695 1744 cf.
717 1715 826 1744 Heius.

126 1755 164 1782 ad
185 1755 216 1782 h.
239 1755 260 1782 l.
284 1759 353 1791 post
367 1754 549 1783 alios.—710
564 1754 602 1782 cf.
617 1764 646 1781 v.
660 1754 826 1782 696.—71·2

124 1792 270 1820 Invadunt
283 1792 411 1820 Martem
426 1803 432 1819 :
454 1792 532 1820 elato
547 1792 667 1829 spiritu,
681 1801 737 1830 pro
752 1802 758 1819 z
781 1791 826 1819 in-

126 1830 241 1868 cipiunt
260 1840 402 1868 pugnam,
415 1831 455 1860 cf.
470 1830 533 1863 IX,
550 1831 617 1858 186.
631 1829 726 1867 clipeis
741 1833 827 1867 atque

126 1878 184 1896 aere
197 1878 301 1897 sonoro
317 1879 326 1895 .-
346 1873 505 1906 utrumque
524 1868 560 1896 de
578 1868 684 1906 clipeis
703 1867 828 1896 collisis.

126 1908 187 1935 724
213 1906 378 1944 repetitur:
411 1907 594 1935 Concurrunt
623 1905 829 1944 clipeis.—714

123 1946 194 1981 fors
215 1949 243 1973 et
271 1944 375 1974 virtus.
414 1945 482 1973 Non
512 1945 573 1973 fors
601 1944 704 1977 Turni,
726 1943 829 1972 AEueae

128 1983 224 2011 virtus
238 1991 244 2007 ε
260 1983 313 2010 sed
327 1986 494 2021 pugnantes
511 1992 568 2010 nou
582 1983 672 2010 modo
688 1982 831 2010 virtutem

130 2025 287 2059 praestant,
318 2022 372 2051 sed
399 2026 429 2049 et
450 2030 554 2048 casum
579 2030 611 2048 ac
635 2020 782 2048 fortunam
802 2019 831 2046 in

128 2059 241 2087 ictibus
256 2065 287 2087 et
297 2059 470 2088 vulneribus
479 2058 640 2086 inferendis
653 2059 830 2086 observant:

130 2107 161 2125 v.
175 2107 202 2126 c.
226 2097 251 2125 si
266 2097 350 2126 videt
369 2097 445 2126 alter
468 2097 592 2125 alterum
612 2096 725 2124 nudare
743 2095 832 2123 latus.

132 2135 236 2163 Omnis
251 2140 349 2163 autem
369 2136 434 2164 haec
448 2144 548 2172 pugna
570 2134 693 2163 ensibus
713 2133 832 2172 peragi·

131 2177 191 2207 tur,
206 2173 301 2201 hastis
316 2173 428 2202 frustra
442 2172 560 2201 emissis
573 2182 618 2200 vs.
634 2174 703 2201 711.

171 2213 229 2240 715
256 2211 455 2239 Ornatissima
478 2211 680 2248 comparatio:
709 2210 834 2238 inventu

133 2249 224 2278 facile
238 2248 334 2277 cuivis
350 2249 450 2283 obvia,
475 2249 528 2277 sed
547 2252 609 2277 tam
634 2248 788 2286 splendide
804 2251 834 2276 et

134 2286 293 2330 magnifice
308 2286 357 2314 vix
374 2296 390 2315 a
405 2286 542 2324 quopiam
559 2291 698 2315 tractata.
740 2286 835 2314 Ornat

134 2329 287 2353 notionem
312 2324 396 2353 silvae
425 2324 534 2362 positis
561 2325 729 2353 nominibus
754 2323 835 2352 cele-

135 2363 268 2391 briorum
282 2362 435 2397 silvarum,
455 2362 537 2396 Silae,
558 2362 644 2391 silvae
665 2367 695 2392 et
713 2362 835 2395 montis,

134 2401 166 2430 in
180 2401 369 2430 Bruttiorum
392 2410 464 2438 agro
485 2402 532 2438 (v.
554 2401 591 2429 ad
607 2400 730 2434 Ge.III,
749 2400 835 2436 219.)

134 2443 166 2468 et
185 2438 318 2468 Taburni
335 2439 364 2467 in
385 2437 505 2467 Samnio
527 2439 574 2476 (v.
595 2439 650 2467 Ge.
668 2438 716 2473 ΙΙ,
732 2438 837 2474 38.)-

135 2478 204 2506 717.
219 2478 288 2505 718.
301 2478 362 2505 719
377 2476 483 2505 Valeut
501 2475 567 2504 liaec
581 2477 617 2505 ad
633 2486 742 2514 pugnae
757 2481 836 2504 atro-

136 2515 257 2544 citatem
285 2514 506 2543 declarandam.
525 2519 721 2558 mussantque,
746 2514 837 2543 tacite

139 2557 327 2591 exspectant,
342 2553 418 2582 conf.
442 2553 669 2586 657.—nemorz‚
691 2562 746 2590 pro
770 2562 839 2590 pas-

140 2591 215 2624 cuis,
237 2590 315 2619 saltu
329 2601 335 2618 z
357 2596 391 2620 ut
405 2591 435 2619 in
448 2590 562 2628 Georg.
580 2600 609 2619 v.
623 2600 651 2618 e.
666 2591 713 2624 11,
737 2591 795 2619 216
813 2594 842 2618 et

140 2639 171 2657 v.
185 2629 215 2657 h.
226 2628 246 2657 l.
261 2629 370 2658 Heius.
385 2639 462 2657 nunc
475 2632 506 2656 et
518 2627 593 2665 ipsis
610 2628 758 2657 armentis.
794 2628 842 2657 Ad

142 2677 172 2696 v.
185 2668 254 2696 720.
268 2668 346 2697 conf.
361 2668 416 2697 Ge.
430 2666 497 2702 111,
510 2666 568 2695 220
583 2667 758 2705 sqq.—725.
771 2667 840 2696 726.

864 1678 921 1707 727
950 1679 1037 1718 Apud
1063 1678 1230 1707 Homerum
1252 1675 1360 1706 Jovem
1379 1676 1452 1709 fata,
1478 1679 1570 1710 κῆρας,

866 1716 1012 1746 Hectoris
1028 1722 1058 1746 et
1071 1716 1197 1745 Achillis
1220 1715 1259 1743 11.
1276 1728 1304 1748 χ,
1318 1715 1376 1743 209
1393 1724 1459 1752 sqq.
1479 1715 1569 1743 Achi-

868 1764 971 1783 vorum
998 1761 1027 1784 et
1049 1755 1245 1792 Trojanorum
1264 1753 1303 1782 ΙΙ.
1318 1756 1344 1786 θ,
1357 1754 1407 1781 69.
1428 1753 1504 1781 libra
1517 1762 1571 1780 ex-

866 1794 1006 1830 pendere,
1030 1798 1131 1821 notum
1159 1796 1225 1827 est3
1261 1791 1314 1819 sed
1336 1791 1377 1818 ibi
1398 1790 1569 1819 alterutrius

867 1831 993 1860 exitium
1012 1833 1075 1869 jam
1091 1830 1203 1858 instare
1219 1829 1405 1865 declaratur,
1428 1829 1507 1866 quod
1523 1838 1571 1856 se-

868 1874 979 1906 quutus
1016 1874 1064 1898 est
1096 1868 1242 1896 Miltonus
1267 1867 1297 1894 in
1320 1866 1570 1903 praestantissimo

868 1906 935 1935 loco
948 1906 1000 1935 lib.
1016 1907 1074 1940 IV,
1087 1907 1146 1934 996
1163 1915 1230 1942 sqq.
1264 1904 1352 1933 Maro
1367 1904 1404 1932 ad
1415 1904 1572 1933 diversum

868 1945 1045 1981 phantasma
1066 1944 1246 1981 interpretes
1272 1951 1396 1970 avocare
1422 1942 1570 1970 debebat:

871 1982 909 2010 ad
934 1982 1169 2020 magnitudinem
1192 1990 1301 2018 pugnae
1317 1984 1347 2008 et
1369 1980 1575 2017 exspectatio-

873 2030 939 2048 nem
954 2021 1068 2054 exstus,
1083 2029 1171 2057 quam
1185 2029 1218 2047 ea
1227 2018 1365 2046 faciebat.
1404 2018 1473 2046 Non
1484 2019 1572 2046 modo

872 2057 1005 2086 homiues
1021 2058 1157 2095 suspensi
1171 2060 1361 2093 exspectant,
1373 2057 1425 2084 sed
1441 2055 1498 2093 ipsi
1514 2056 1574 2092 dii;

873 2096 940 2133 ipse
963 2096 1084 2134 Jupiter
1102 2096 1181 2123 libra
1205 2104 1246 2132 pu
1287 2094 1399 2122 antium
1411 2093 1471 2121 fata
1486 2093 1574 2122 truti-

871 2139 932 2168 nat,
954 2134 1008 2162 sed
1028 2143 1115 2171 zequa
1139 2133 1237 2161 adhuc
1264 2141 1335 2160 auce
1348 2131 1449 2160 necin
1466 2131 1580 2160 alteru-

871 2176 947 2200 tram
983 2176 1099 2210 partem
1144 2179 1429 2208 propensa—quem
1463 2169 1577 2198 damnet

873 2209 964 2244 labor,
980 2220 1036 2248 quo
1052 2208 1286 2246 vergatpondere
1296 2207 1396 2235 letum:
1417 2217 1575 2245 praegnans

874 2248 979 2276 oratio.
1021 2247 1186 2275 Videamus
1200 2246 1329 2283 primum
1346 2246 1383 2274 de
1397 2246 1577 2283 posteriore,

874 2286 966 2324 quod⁸
986 2295 1055 2314 esse
1082 2285 1213 2313 debebat
1240 2283 1382 2321 proprie:
1414 2288 1483 2311 utra
1506 2283 1577 2311 lanx

874 2325 1007 2362 pondere
1039 2328 1143 2361 vergat
1174 2322 1372 2359 (καταρῥὲπει)
1396 2331 1490 2359 eoque
1510 2322 1577 2359 ipso

874 2367 1001 2390 mortem
1018 2361 1190 2390 denuntiet:
1213 2359 1299 2388 letum
1319 2360 1421 2397 itaque
1442 2369 1498 2396 pro
1511 2360 1578 2397 ipsa

874 2400 959 2429 lance
994 2399 1084 2433 dixit,
1121 2408 1180 2436 qua
1210 2398 1352 2426 inclinata
1385 2398 1579 2435 subsequitur

875 2448 968 2467 mors.
1007 2438 1076 2467 Jam
1091 2437 1176 2474 prius
1190 2437 1357 2464 membrum
1370 2446 1452 2474 quem
1465 2435 1578 2464 damnet

877 2476 957 2504 labor
972 2475 1111 2513 equidem
1124 2474 1168 2503 sic
1183 2474 1310 2511 accipio,
1323 2478 1357 2502 ut
1372 2474 1496 2503 eandem
1513 2483 1578 2502 sen-

877 2514 1001 2542 teutiam
1033 2522 1115 2541 more
1153 2522 1207 2540 suo
1232 2512 1280 2540 bis
1313 2516 1445 2549 exponat
1470 2513 1578 2549 poe'ta:

879 2562 966 2589 quem
980 2551 1094 2579 damnet
1108 2560 1152 2578 sc.
1162 2551 1233 2579 leto.
1244 2549 1396 2587 (damnare
1407 2550 1508 2578 mortis
1518 2553 1581 2577 erat

881 2590 940 2623 VI,
966 2590 1024 2618 430
1052 2593 1082 2617 et
1108 2588 1245 2616 damnare
1271 2592 1354 2626 caput
1392 2588 1467 2616 Orco
1495 2587 1581 2623 699.)

881 2628 990 2656 Utrum
1005 2637 1020 2655 e
1034 2627 1151 2655 duobus
1170 2626 1216 2654 his
1229 2627 1318 2654 morti
1332 2626 1462 2654 destinet
1479 2625 1580 2661 iniqua

882 2676 936 2696 sua
950 2666 1078 2700 fortuna,
1094 2664 1246 2694 calamitas
1257 2674 1329 2701 sua,
1352 2674 1403 2693 seu
1416 2664 1495 2692 labor
1509 2664 1579 2692 sim-
