1796 3077
544 213 833 257 BUCOLICA.

893 217 1007 258 ECL.
1041 216 1109 257 v1.
1498 223 1561 267 37

164 340 341 378 Ceterum
361 353 430 391 pro
451 340 598 378 Silenus
612 341 651 378 in
669 340 752 378 aliis
762 343 1027 393 praescriptum
1048 348 1105 377 est
1129 339 1163 376 V
1160 353 1259 384 ams,
1280 353 1393 390 quam
1410 341 1567 391 inscrip-

111 394 250 431 tionem
281 407 393 431 versu
416 397 477 431 12.

110 447 207 485 male
225 447 376 485 defendi
402 448 527 485 video.

539 396 659 436 Quam
687 395 756 432 sibi
787 410 871 448 quae
895 395 985 433 Vari
1007 393 1249 445 praescripsit
1274 394 1424 444 pagina
1444 408 1569 432 nomen

587 448 685 485 Varo
703 448 837 487 saltem
848 450 983 488 melius
996 447 1226 492 conveniret,
1246 460 1359 497 quam
1384 447 1516 485 Varus.

111 595 265 638 PRIMA
286 597 508 652 Syracosio
529 597 703 652 dignata
722 605 786 640 est
805 598 953 640 ludere
972 613 1097 640 versu

110 653 285 704 Nostra,
306 669 443 708 neque
464 654 634 695 erubuit
653 654 775 696 silvas
796 655 1002 704 habitare,
1035 654 1205 696 Thalia.

111 711 258 757 Quum
276 726 469 752 canerem
489 725 611 765 reges
632 718 674 752 et
692 712 856 766 proelia,
881 712 1088 767 Cynthius
1107 727 1252 753 aurem

110 767 254 817 Vellit,
275 776 317 809 et
337 769 554 809 admonuit
571 784 579 808 :
614 767 848 819 Pastorem,
871 769 1034 823 Tityre,
1055 770 1235 824 pingues

113 825 294 866 Pascere
316 832 483 879 oportet
503 838 615 873 oveS,
645 824 878 866 deductum
898 826 1040 867 dicere
1063 841 1247 867 carmen.

1539 823 1565 863 Οἱ

112 881 240 922 Nunc
261 897 342 936 ego
360 899 369 932 3
401 895 581 934 namque
603 895 731 935 super
752 883 829 923 tibi
849 889 985 931 erunt,
1009 883 1081 936 qui
1102 882 1242 923 dicere
1262 881 1422 931 laudes,

111 938 240 988 Vare,
263 946 357 979 tuas
378 939 562 993 cupiant,
584 944 627 978 et
647 939 782 980 tristia
802 940 985 981 condere
1006 939 1143 989 bella3

110 994 338 1051 Agrestem
359 996 476 1037 tenui
495 995 734 1037 meditabor
755 997 960 1037 arundine
983 996 1167 1037 Musam.

111 1051 214 1094 Non
234 1053 391 1108 injussa
411 1067 531 1094 cano.

594 1052 641 1092 Si
661 1054 755 1107 quis
776 1061 918 1095 tamen
938 1053 1030 1095 haec
1046 1068 1231 1108 quoque,
1258 1052 1291 1093 si
1311 1052 1404 1106 quis

113 1110 275 1164 Captus
296 1125 437 1156 amore
456 1108 583 1164 leget,
605 1116 646 1150 te
667 1118 836 1160 nostrae,
857 1110 900 1152 V
904 1126 987 1160 are,
1009 1112 1191 1164 myricae,

1524 1108 1575 1148 10

113 1167 179 1208 Te
199 1182 345 1208 nemus
366 1181 488 1208 omne
510 1173 656 1216 canet3
688 1182 767 1209 nec
788 1167 958 1209 Phoebo
978 1168 1138 1222 gratior
1158 1167 1244 1208 ulla
1264 1172 1340 1215 est,

113 1224 254 1271 Quam
274 1224 353 1265 sibi
373 1239 468 1278 quae
489 1222 596 1264 Vari
614 1225 874 1280 praescripsit
894 1227 1049 1280 pagina
1069 1239 1234 1266 nomen.

170 1280 356 1335 Pergite,
379 1280 583 1321 Pierides.

646 1281 841 1324 Chromis
861 1290 903 1323 et
924 1281 1145 1337 Mnasylus
1165 1282 1210 1323 in
1230 1286 1350 1322 antro

113 1337 302 1379 Silenum
317 1339 441 1392 pueri
461 1352 606 1378 somno
626 1338 768 1381 videre
783 1340 1009 1394 jacentem,

113 1394 311 1436 Inflatum
331 1395 531 1436 hesterno
553 1409 693 1445 venas,
715 1404 763 1438 ut
785 1412 963 1451 semper,
985 1395 1167 1437 Iaccho:
1527 1392 1577 1431 10

113 1453 238 1493 Serta
255 1452 404 1507 procul
424 1458 589 1494 tantum
610 1454 739 1508 capiti
757 1454 933 1508 delapsa
948 1454 1163 1508 jacebant,

114 1509 173 1550 Et
193 1510 331 1564 gravis
351 1511 493 1551 attrita
509 1509 726 1563 pendebat
747 1511 987 1552 Cantharus
1008 1525 1123 1551 ansa.

151 1627 168 1655 1
183 1625 474 1664 89·νασοείο-υενετι.
497 1627 684 1660 Tbeocriteo‚
705 1635 736 1654 v.
758 1624 826 1655 Ecl.

112 1665 172 1699 IV,
189 1664 364 1693 l.-Prt'ma
376 1664 562 1703 intelligunt,
575 1665 741 1704 significare
758 1664 826 1692 Ma-

111 1713 213 1732 ronem
227 1713 243 1731 e
261 1702 405 1731 Romanis
421 1713 454 1732 se
470 1704 601 1742 primum
615 1705 653 1732 ad
669 1707 757 1731 tenue
771 1702 826 1730 hoc

111 1741 253 1770 carminis
273 1751 363 1779 genus
386 1741 647 1772 descendisse—2
663 1741 752 1770 silvas
774 1740 825 1769 ha-

113 1779 217 1813 bitare,
235 1780 273 1808 ad
287 1789 380 1818 genus
396 1780 569 1810 bucolicum
587 1782 727 1810 refertur.
745 1790 774 1808 v.
789 1779 827 1807 ad

113 1819 180 1848 Eoi.
200 1818 259 1853 IV,
284 1829 332 1856 pr.
352 1819 442 1848 Adde
469 1821 497 1854 l,
517 1819 696 1848 2.-Thalia
710 1818 827 1847 omnino

113 1867 169 1895 pro
183 1857 274 1886 Musa
288 1857 370 1886 diota
382 1857 478 1887 videri
493 1862 596 1897 potest
608 1868 615 1894 3
637 1858 695 1887 nisi
709 1867 744 1886 ea
757 1867 828 1895 pro-

112 1896 178 1934 prie
199 1895 248 1924 hic
260 1899 425 1925 memorata
439 1900 497 1931 est,
518 1898 589 1935 quia
603 1896 744 1926 bucolica
764 1898 831 1934 ejus

113 1934 185 1963 fidei
210 1944 245 1964 ac
268 1934 414 1972 praesidio
436 1935 551 1965 credita
571 1936 770 1965 habebantur.
792 1935 831 1964 cf.

113 1973 211 2002 Schol.
226 1973 330 2012 Apoll.
343 1973 442 2002 Rhod.
451 1975 518 2010 III,
534 1976 621 2004 1.—3
632 1985 733 2003 aurem
743 1973 832 2008 vellit,

112 2016 203 2041 notus
217 2012 482 2047 admonendimos,
496 2014 548 2052 qui
556 2014 646 2042 etiam
661 2014 691 2042 in
705 2013 832 2052 gemmis

112 2053 348 2089 expressus.——5
363 2051 514 2080 deductum
530 2062 658 2087 carmen,
676 2056 776 2085 tenue,
798 2056 833 2080 ut

112 2090 316 2128 pastoritium,
333 2100 413 2125 esse,
429 2101 468 2120 ex
483 2091 551 2129 ipsa
572 2091 723 2120 sententia
737 2100 831 2128 appa-

115 2132 183 2165 ret;
212 2139 230 2158 a
242 2129 312 2158 lana
331 2129 361 2157 in
376 2129 458 2158 filum
474 2130 606 2159 deducta
621 2134 669 2159 est
684 2131 739 2158 hoc
754 2129 830 2167 peti-

115 2170 189 2195 tum.
228 2168 331 2196 Ausus
353 2173 400 2198 est
424 2170 528 2206 poeta,
554 2169 659 2207 igitur,
680 2168 832 2197 deductum

118 2205 256 2235 absolute
272 2216 328 2244 pro
344 2210 425 2235 tenue
440 2217 566 2245 ponere.
586 2208 632 2236 H.
672 2208 747 2242 Pro,
761 2217 832 2245 pas-

115 2254 182 2273 cere
196 2248 229 2272 ut
242 2245 451 2287 pinguescant.
471 2247 506 2275 S.

153 2284 173 2312 6
188 2282 246 2318 Qut
259 2283 353 2312 dicere
369 2284 466 2313 laudes
482 2290 548 2314 tuas
555 2284 683 2323 cupiant,
700 2284 751 2323 qui
764 2293 830 2313 car-

115 2331 184 2350 men
208 2321 328 2359 epicum
349 2324 486 2352 condant.
534 2324 649 2363 Magna
668 2333 738 2353 vero
763 2332 831 2352 cum

116 2364 273 2390 venustate
288 2370 350 2389 rem
365 2362 401 2390 ad
423 2362 496 2392 Vari
508 2362 614 2392 laudes
629 2362 730 2397 trahit,
745 2361 830 2400 quasi

116 2398 172 2428 hoc
186 2399 265 2438 epici
273 2399 412 2428 carminis
421 2405 626 2439 argumentum
637 2401 832 2430 constitutum

116 2437 282 2467 habuisset.
290 2438 394 2467 H.--7
404 2439 514 2473 tristia,
522 2440 678 2478 epitheton
685 2440 832 2469 bellorum

116 2480 309 2515 perpetuum,
324 2486 380 2505 uec
391 2476 575 2516 singularem
590 2479 649 2508 vim
664 2479 694 2507 h.
704 2479 832 2507 l.habet.

116 2516 185 2544 —8.
199 2515 236 2545 cs.
249 2516 278 2551 I,
294 2517 383 2544 2.-9
401 2515 473 2545 ‚Non
491 2516 603 2553 injussa
624 2528 705 2552 cauo,
725 2517 780 2546 sed
795 2517 831 2545 ab

118 2553 261 2592 Apolline
273 2557 381 2593 jussa3
402 2554 444 2583 cf.
460 2554 526 2583 Ecl.
537 2556 633 2591 VIII,
648 2557 683 2585 11
700 2555 782 2584 tenui
797 2564 832 2584 ea

119 2592 240 2629 quidem
254 2593 383 2622 carmine
396 2602 404 2629 ς
427 2593 453 2622 si
466 2596 563 2622 tamen
575 2604 632 2623 non
643 2594 804 2623 infeliciter
817 2603 833 2621 a

118 2640 166 2659 me
191 2632 343 2660 elaborata
366 2635 465 2666 erunt,
486 2635 519 2660 ut
541 2631 613 2666 sint,
633 2633 744 2671 quibus
766 2632 831 2671 pla-

119 2673 216 2705 ceant,
233 2670 298 2700 haec
317 2671 385 2709 ipsa
400 2680 522 2709 quoque
540 2670 645 2700 laudes
666 2675 732 2700 tuas
746 2681 831 2700 orna-

118 2708 280 2738 bunt.»-10
290 2709 548 2746 myricae-nemus
563 2719 619 2748 pro
634 2719 704 2738 rure
720 2715 751 2739 et
764 2720 832 2748 pas-

119 2746 245 2776 toribus.
261 2748 298 2777 cf.
313 2748 348 2777 ad
365 2759 393 2777 v.
408 2749 437 2778 2.
453 2753 484 2778 et
498 2748 563 2777 Ecl.
576 2748 633 2783 IV,
647 2750 676 2778 2.
717 2748 835 2785 Passim

888 1635 921 1654 ro
949 1624 1078 1653 carmine
1100 1632 1192 1653 ausus
1217 1625 1265 1651 est
1289 1622 1346 1650 hoo
1366 1621 1433 1650 loco
1462 1621 1579 1660 primus

865 1635 1024 1702 girgilius.
1035 1663 1080 1692 H.
1120 1661 1240 1700 Payina
1253 1661 1309 1690 sibi
1325 1660 1508 1699 proescripsit
1525 1670 1579 1698 pro

865 1702 1000 1741 vulgari:
1023 1701 1139 1740 pagina,
1155 1701 1203 1729 cui
1215 1701 1425 1738 praescriptum
1439 1704 1495 1728 est.
1512 1700 1560 1729 W.

906 1743 942 1770 13
963 1741 1006 1769 H.
1025 1740 1159 1777 Peryite,
1180 1740 1220 1767 P.
1235 1738 1335 1777 Agite,
1358 1739 1454 1767 favete
1467 1740 1581 1768 Musae.

872 1779 920 1808 W.
944 1778 1081 1808 Chromis
1094 1783 1121 1807 el
1141 1777 1308 1816 Mnasylus.
1348 1777 1516 1806 Faunorum
1532 1778 1581 1807 vel

868 1818 1044 1856 Satyrorum
1065 1816 1182 1845 nomina
1195 1826 1263 1845 esse
1286 1825 1406 1845 necesse
1419 1820 1476 1845 est.
1516 1817 1580 1845 Ex-

869 1861 948 1885 stant
959 1856 1107 1894 ejusmodi
1118 1855 1300 1884 silvestrium
1314 1855 1416 1883 horum
1430 1855 1582 1884 numinum

870 1895 955 1924 lusus
973 1895 1085 1934 passim
1112 1894 1141 1922 in
1156 1893 1354 1923 monumentis
1374 1897 1517 1922 veterum.
1536 1895 1581 1924 H.

871 1935 909 1963 14
920 1944 1016 1963 somno
1036 1934 1192 1972 jacentem,
1215 1935 1271 1961 καθ’
1287 1935 1368 1960 {imma
1386 1936 1584 1962 κατακλιθέντα

871 1974 965 2012 Soph.
985 1973 1114 2002 Philoct.
1126 1971 1322 2001 :zu—Iaccho
1336 1981 1392 2009 pro
1406 1972 1476 2000 vino
1491 1972 1584 2001 Colu-

871 2012 962 2041 mella
975 2012 1065 2040 etiam
1075 2011 1119 2040 X.
1133 2012 1201 2040 309.
1213 2010 1390 2048 madefactus
1403 2010 1519 2039 Iaccho.
1536 2011 1583 2040 W.

870 2053 950 2079 —16
965 2050 1054 2079 Serta
1071 2050 1176 2088 procul
1197 2053 1307 2080 tantum
1322 2058 1348 2077 c.
1388 2049 1457 2077 Hoc
1470 2050 1498 2078 iri
1515 2050 1582 2079 loco

866 2090 971 2128 procul
983 2094 1104 2123 tantum,
1123 2098 1181 2126 quo
1192 2088 1280 2116 modo
1296 2087 1368 2115 bene
1376 2088 1463 2125 jungi
1475 2088 1584 2125 possit,

871 2128 992 2158 difficile
1007 2128 1088 2156 dictu
1103 2132 1161 2156 est.
1210 2125 1358 2154 Omnibus
1373 2127 1527 2164 expensis,
1543 2127 1585 2156 ita

872 2171 982 2199 statuo,
997 2171 1031 2196 ut
1042 2168 1148 2195 Graece
1159 2165 1271 2194 dictum
1283 2164 1427 2203 accipiam
1439 2169 1583 2201 δεικτικῶς,

871 2209 905 2235 ut
921 2208 1013 2243 πόρῥω
1025 2209 1119 2240 τόσον,
1135 2208 1167 2233 ut
1181 2214 1262 2242 swpe
1273 2208 1356 2231 τόσον
1367 2207 1397 2232 et
1409 2207 1483 2232 τοῖον
1494 2205 1584 2234 eliam

871 2246 952 2283 apud
966 2245 1141 2274 Homerum.
1156 2243 1193 2271 cf.
1207 2244 1265 2271 Od.
1278 2256 1304 2276 o,
1319 2243 1388 2271 404.
1398 2243 1468 2271 450.
1499 2245 1585 2272 Grae-

871 2294 939 2312 cum
960 2287 1058 2312 esset:
1092 2285 1197 2316 Κρατὸς·
1221 2286 1276 2310 ἃπο
1297 2285 1410 2316 τόσσον,
1428 2281 1458 2310 h.
1483 2286 1585 2311 ἄποθεν

871 2327 966 2357 τόσον,
981 2320 1139 2355 tantillum,
1155 2330 1211 2349 non
1226 2321 1300 2349 adeo
1313 2320 1413 2358 longe.
1444 2320 1505 2349 Alii
1519 2325 1583 2349 tan-

871 2365 930 2389 tum
946 2371 1000 2399 pro
1010 2359 1092 2389 modo
1107 2370 1174 2388 cum
1189 2359 1305 2397 delapsa
1312 2360 1454 2397 jungunt.
1487 2359 1583 2397 (Lau-

871 2400 961 2428 datur
972 2399 1074 2428 Valer.
1090 2398 1298 2431 Flacc.V111,
1314 2398 1382 2426 289.
1415 2397 1459 2426 Et
1473 2402 1583 2426 tantum

871 2438 979 2476 dejecta
993 2437 1055 2466 suis
1076 2448 1095 2465 α
1110 2436 1252 2465 montibus
1269 2435 1368 2464 arbor.
1389 2441 1419 2465 at
1441 2436 1483 2465 ibi
1505 2441 1585 2465 certe

871 2477 950 2505 male
966 2477 1008 2505 ita
1015 2476 1164 2514 accipitur
1172 2479 1292 2503 tantum.
1304 2475 1343 2504 W
1343 2475 1368 2512 .')
1379 2475 1469 2514 capiti
1479 2476 1585 2504 Graece

872 2525 926 2554 pro
943 2526 959 2543 a
970 2515 1078 2553 capite.
1091 2514 1136 2543 Η.
1168 2514 1218 2542 Ita
1232 2513 1325 2542 ovid.
1345 2514 1423 2543 Met.
1442 2515 1501 2548 VI,
1517 2515 1585 2542 592-

872 2553 956 2583 lateri
970 2553 1075 2581 vellera
1090 2553 1254 2590 dependent.
1274 2552 1321 2582 W.
1330 2552 1436 2590 procul
1436 2552 1585 2590 jacebant,

872 2597 906 2621 ut
920 2592 1066 2621 Prudent.
1088 2592 1252 2630 Psychom.
1274 2592 1342 2621 687.
1364 2591 1465 2619 Scissa
1481 2590 1588 2628 procul

868 2631 950 2670 palla
971 2635 1112 2660 structum
1132 2634 1160 2658 et
1173 2635 1302 2669 serpente
1316 2630 1465 2668 flagellum
1481 2629 1585 2657 Multi-

868 2670 939 2709 plici
952 2669 1044 2698 media
1057 2679 1221 2707 campormn
1234 2669 1265 2698 in
1278 2667 1532 2705 st›·ayejacebant;
1554 2672 1586 2696 et

873 2710 954 2747 lonye
978 2708 1090 2746 lapsum
1110 2713 1219 2737 temone
1241 2708 1311 2737 AEn.
1334 2707 1416 2739 XII,
1437 2707 1585 2735 ‘tm—17

872 2748 971 2786 yravis
985 2747 1152 2782 cantharus,
1169 2747 1238 2777 vino
1252 2746 1372 2785 plenus,
1394 2745 1489 2783 inquit
1505 2744 1583 2774 Bur-
