<?xml version="1.0" encoding="UTF-8"?>
<!DOCTYPE html PUBLIC "-//W3C//DTD XHTML 1.0 Transitional//EN"
    "http://www.w3.org/TR/xhtml1/DTD/xhtml1-transitional.dtd">
<html xmlns="http://www.w3.org/1999/xhtml" xml:lang="en" lang="en">
 <head>
  <title>
</title>
<meta http-equiv="Content-Type" content="text/html;charset=utf-8" />
  <meta name='ocr-system' content='tesseract 3.04.00' />
  <meta name='ocr-capabilities' content='ocr_page ocr_carea ocr_par ocr_line ocrx_word'/>
</head>
<body>
  <div class='ocr_page' id='page_1' title='image "./operahey00virguoft_0477.png"; bbox 0 0 1796 3077; ppageno 0'>
   <div class='ocr_carea' id='block_1_1' title="bbox 666 234 1208 276">
    <p class='ocr_par' dir='ltr' id='par_1_1' title="bbox 666 234 1208 276">
     <span class='ocr_line' id='line_1_1' title="bbox 666 234 1208 276; baseline 0 -1"><span class='ocrx_word' id='word_1_1' title='bbox 666 235 937 275; x_wconf 85' lang='lat' dir='ltr'>AENEIDOS.</span> <span class='ocrx_word' id='word_1_2' title='bbox 993 234 1096 275; x_wconf 78' lang='lat' dir='ltr'>Lm.</span> <span class='ocrx_word' id='word_1_3' title='bbox 1117 235 1208 276; x_wconf 89' lang='lat' dir='ltr'>VII.</span> 
     </span>
    </p>
   </div>
   <div class='ocr_carea' id='block_1_2' title="bbox 1549 239 1646 288">
    <p class='ocr_par' dir='ltr' id='par_1_2' title="bbox 1549 239 1646 288">
     <span class='ocr_line' id='line_1_2' title="bbox 1549 239 1646 288; baseline 0.041 -3"><span class='ocrx_word' id='word_1_4' title='bbox 1549 239 1646 288; x_wconf 83' lang='lat'>469</span> 
     </span>
    </p>
   </div>
   <div class='ocr_carea' id='block_1_3' title="bbox 186 359 1416 583">
    <p class='ocr_par' dir='ltr' id='par_1_3' title="bbox 186 359 1416 583">
     <span class='ocr_line' id='line_1_3' title="bbox 245 359 1416 418; baseline 0.002 -16"><span class='ocrx_word' id='word_1_5' title='bbox 245 359 344 403; x_wconf 84' lang='lat' dir='ltr'>Mos</span> <span class='ocrx_word' id='word_1_6' title='bbox 361 366 452 403; x_wconf 86' lang='lat' dir='ltr'>erat</span> <span class='ocrx_word' id='word_1_7' title='bbox 473 360 686 418; x_wconf 83' lang='lat' dir='ltr'>Hesperio</span> <span class='ocrx_word' id='word_1_8' title='bbox 706 363 748 404; x_wconf 87' lang='lat' dir='ltr'>in</span> <span class='ocrx_word' id='word_1_9' title='bbox 770 361 911 411; x_wconf 85' lang='lat' dir='ltr'>Latio,</span> <span class='ocrx_word' id='word_1_10' title='bbox 929 376 1054 416; x_wconf 89' lang='lat' dir='ltr'>quem</span> <span class='ocrx_word' id='word_1_11' title='bbox 1074 360 1267 416; x_wconf 89' lang='lat' dir='ltr'>protinus</span> <span class='ocrx_word' id='word_1_12' title='bbox 1287 362 1416 406; x_wconf 89' lang='lat' dir='ltr'>urbes</span> 
     </span>
     <span class='ocr_line' id='line_1_4' title="bbox 186 415 1256 469; baseline 0.001 -11"><span class='ocrx_word' id='word_1_13' title='bbox 186 415 368 460; x_wconf 81' lang='lat' dir='ltr'>Albanae</span> <span class='ocrx_word' id='word_1_14' title='bbox 388 418 557 461; x_wconf 88' lang='lat' dir='ltr'>coluere</span> <span class='ocrx_word' id='word_1_15' title='bbox 580 435 757 469; x_wconf 87' lang='lat' dir='ltr'>sacrum,</span> <span class='ocrx_word' id='word_1_16' title='bbox 779 434 891 461; x_wconf 86' lang='lat' dir='ltr'>nunc</span> <span class='ocrx_word' id='word_1_17' title='bbox 912 420 1093 460; x_wconf 82' lang='lat' dir='ltr'>maxima</span> <span class='ocrx_word' id='word_1_18' title='bbox 1113 434 1256 460; x_wconf 89' lang='lat' dir='ltr'>rerum</span> 
     </span>
     <span class='ocr_line' id='line_1_5' title="bbox 188 473 1406 532; baseline 0.003 -17"><span class='ocrx_word' id='word_1_19' title='bbox 188 473 327 517; x_wconf 90' lang='lat' dir='ltr'>Roma</span> <span class='ocrx_word' id='word_1_20' title='bbox 347 476 459 527; x_wconf 91' lang='lat' dir='ltr'>colit,</span> <span class='ocrx_word' id='word_1_21' title='bbox 480 492 610 531; x_wconf 89' lang='lat' dir='ltr'>quum</span> <span class='ocrx_word' id='word_1_22' title='bbox 629 478 764 532; x_wconf 87' lang='lat' dir='ltr'>prima</span> <span class='ocrx_word' id='word_1_23' title='bbox 783 483 952 518; x_wconf 91' lang='lat' dir='ltr'>movent</span> <span class='ocrx_word' id='word_1_24' title='bbox 970 476 1014 516; x_wconf 91' lang='lat' dir='ltr'>in</span> <span class='ocrx_word' id='word_1_25' title='bbox 1032 476 1183 531; x_wconf 80' lang='lat' dir='ltr'>proelia</span> <span class='ocrx_word' id='word_1_26' title='bbox 1205 475 1406 528; x_wconf 88' lang='lat' dir='ltr'>Martem,</span> 
     </span>
     <span class='ocr_line' id='line_1_6' title="bbox 188 532 1226 583; baseline 0.002 -11"><span class='ocrx_word' id='word_1_27' title='bbox 188 532 286 574; x_wconf 88' lang='lat' dir='ltr'>Sive</span> <span class='ocrx_word' id='word_1_28' title='bbox 308 533 433 575; x_wconf 85' lang='lat' dir='ltr'>Getis</span> <span class='ocrx_word' id='word_1_29' title='bbox 453 534 609 575; x_wconf 87' lang='lat' dir='ltr'>inferre</span> <span class='ocrx_word' id='word_1_30' title='bbox 629 550 755 576; x_wconf 88' lang='lat' dir='ltr'>manu</span> <span class='ocrx_word' id='word_1_31' title='bbox 779 533 1035 575; x_wconf 81' lang='lat' dir='ltr'>lacrimabile</span> <span class='ocrx_word' id='word_1_32' title='bbox 1056 533 1226 583; x_wconf 88' lang='lat' dir='ltr'>bellum,</span> 
     </span>
    </p>
   </div>
   <div class='ocr_carea' id='block_1_4' title="bbox 186 587 1406 646">
    <p class='ocr_par' dir='ltr' id='par_1_4' title="bbox 186 587 1406 646">
     <span class='ocr_line' id='line_1_7' title="bbox 186 587 1406 646; baseline 0.002 -16"><span class='ocrx_word' id='word_1_33' title='bbox 186 587 453 643; x_wconf 87' lang='lat' dir='ltr'>Hyrcanisve</span> <span class='ocrx_word' id='word_1_34' title='bbox 473 590 684 634; x_wconf 84' lang='lat' dir='ltr'><strong>Arabisve</strong></span> <span class='ocrx_word' id='word_1_35' title='bbox 704 599 872 646; x_wconf 81' lang='lat' dir='ltr'>parant,</span> <span class='ocrx_word' id='word_1_36' title='bbox 895 605 969 632; x_wconf 90' lang='lat' dir='ltr'>seu</span> <span class='ocrx_word' id='word_1_37' title='bbox 989 591 1164 632; x_wconf 88' lang='lat' dir='ltr'>tendere</span> <span class='ocrx_word' id='word_1_38' title='bbox 1186 591 1240 632; x_wconf 81' lang='lat' dir='ltr'>ad</span> <span class='ocrx_word' id='word_1_39' title='bbox 1261 590 1406 642; x_wconf 81' lang='lat' dir='ltr'><strong>Indos,</strong></span> 
     </span>
    </p>
   </div>
   <div class='ocr_carea' id='block_1_5' title="bbox 1560 591 1645 634">
    <p class='ocr_par' dir='ltr' id='par_1_5' title="bbox 1560 591 1645 634">
     <span class='ocr_line' id='line_1_8' title="bbox 1560 591 1645 634; baseline -0.024 0"><span class='ocrx_word' id='word_1_40' title='bbox 1560 591 1645 634; x_wconf 86' lang='lat'>605</span> 
     </span>
    </p>
   </div>
   <div class='ocr_carea' id='block_1_6' title="bbox 185 644 1330 874">
    <p class='ocr_par' dir='ltr' id='par_1_6' title="bbox 185 644 1330 874">
     <span class='ocr_line' id='line_1_9' title="bbox 185 644 1330 704; baseline 0.003 -17"><span class='ocrx_word' id='word_1_41' title='bbox 185 644 484 703; x_wconf 80' lang='lat' dir='ltr'>Auroramque</span> <span class='ocrx_word' id='word_1_42' title='bbox 506 650 638 703; x_wconf 88' lang='lat' dir='ltr'>sequi,</span> <span class='ocrx_word' id='word_1_43' title='bbox 660 648 930 703; x_wconf 86' lang='lat' dir='ltr'>Parthosque</span> <span class='ocrx_word' id='word_1_44' title='bbox 950 662 1175 703; x_wconf 88' lang='lat' dir='ltr'>reposcere</span> <span class='ocrx_word' id='word_1_45' title='bbox 1196 648 1330 704; x_wconf 87' lang='lat' dir='ltr'>signa.</span> 
     </span>
     <span class='ocr_line' id='line_1_10' title="bbox 187 703 1246 762; baseline 0.003 -19"><span class='ocrx_word' id='word_1_46' title='bbox 187 703 299 745; x_wconf 86' lang='lat' dir='ltr'>Sunt</span> <span class='ocrx_word' id='word_1_47' title='bbox 317 707 495 759; x_wconf 79' lang='lat' dir='ltr'>geminae</span> <span class='ocrx_word' id='word_1_48' title='bbox 516 705 626 748; x_wconf 89' lang='lat' dir='ltr'>Belli</span> <span class='ocrx_word' id='word_1_49' title='bbox 649 713 797 762; x_wconf 82' lang='lat' dir='ltr'>portae,</span> <span class='ocrx_word' id='word_1_50' title='bbox 820 707 878 747; x_wconf 89' lang='lat' dir='ltr'>sic</span> <span class='ocrx_word' id='word_1_51' title='bbox 898 706 1065 746; x_wconf 88' lang='lat' dir='ltr'>nomine</span> <span class='ocrx_word' id='word_1_52' title='bbox 1086 705 1246 755; x_wconf 87' lang='lat' dir='ltr'>dicunt,</span> 
     </span>
     <span class='ocr_line' id='line_1_11' title="bbox 187 759 1197 816; baseline 0.002 -15"><span class='ocrx_word' id='word_1_53' title='bbox 187 759 414 816; x_wconf 83' lang='lat' dir='ltr'>Religione</span> <span class='ocrx_word' id='word_1_54' title='bbox 437 777 568 804; x_wconf 85' lang='lat' dir='ltr'>sacrae</span> <span class='ocrx_word' id='word_1_55' title='bbox 587 770 631 804; x_wconf 90' lang='lat' dir='ltr'>et</span> <span class='ocrx_word' id='word_1_56' title='bbox 651 764 750 804; x_wconf 80' lang='lat' dir='ltr'>saevi</span> <span class='ocrx_word' id='word_1_57' title='bbox 769 763 992 804; x_wconf 85' lang='lat' dir='ltr'>formidine</span> <span class='ocrx_word' id='word_1_58' title='bbox 1015 761 1169 803; x_wconf 85' lang='lat' dir='ltr'>Martis</span> <span class='ocrx_word' id='word_1_59' title='bbox 1187 778 1197 803; x_wconf 79' lang='lat' dir='ltr'><em>z</em></span> 
     </span>
     <span class='ocr_line' id='line_1_12' title="bbox 187 817 1272 874; baseline 0.002 -16"><span class='ocrx_word' id='word_1_60' title='bbox 187 817 370 860; x_wconf 84' lang='lat' dir='ltr'>Centum</span> <span class='ocrx_word' id='word_1_61' title='bbox 390 821 490 860; x_wconf 84' lang='lat' dir='ltr'>aerei</span> <span class='ocrx_word' id='word_1_62' title='bbox 511 819 714 862; x_wconf 86' lang='lat' dir='ltr'>claudunt</span> <span class='ocrx_word' id='word_1_63' title='bbox 733 827 890 868; x_wconf 81' lang='lat' dir='ltr'>vectes,</span> <span class='ocrx_word' id='word_1_64' title='bbox 911 827 1154 874; x_wconf 80' lang='lat' dir='ltr'>aeternaque</span> <span class='ocrx_word' id='word_1_65' title='bbox 1171 820 1272 861; x_wconf 87' lang='lat' dir='ltr'>ferri</span> 
     </span>
    </p>
   </div>
   <div class='ocr_carea' id='block_1_7' title="bbox 188 874 1182 925">
    <p class='ocr_par' dir='ltr' id='par_1_7' title="bbox 188 874 1182 925">
     <span class='ocr_line' id='line_1_13' title="bbox 188 874 1182 925; baseline 0.003 -10"><span class='ocrx_word' id='word_1_66' title='bbox 188 874 390 925; x_wconf 85' lang='lat' dir='ltr'>Rob0ra;</span> <span class='ocrx_word' id='word_1_67' title='bbox 422 891 500 918; x_wconf 91' lang='lat' dir='ltr'>nec</span> <span class='ocrx_word' id='word_1_68' title='bbox 522 885 665 918; x_wconf 87' lang='lat' dir='ltr'>custos</span> <span class='ocrx_word' id='word_1_69' title='bbox 686 877 852 918; x_wconf 79' lang='lat' dir='ltr'>absistit</span> <span class='ocrx_word' id='word_1_70' title='bbox 870 876 1012 917; x_wconf 86' lang='lat' dir='ltr'>limine</span> <span class='ocrx_word' id='word_1_71' title='bbox 1031 875 1182 918; x_wconf 75' lang='lat' dir='ltr'>Janus.</span> 
     </span>
    </p>
   </div>
   <div class='ocr_carea' id='block_1_8' title="bbox 1562 878 1646 919">
    <p class='ocr_par' dir='ltr' id='par_1_8' title="bbox 1562 878 1646 919">
     <span class='ocr_line' id='line_1_14' title="bbox 1562 878 1646 919; baseline 0 0"><span class='ocrx_word' id='word_1_72' title='bbox 1562 878 1646 919; x_wconf 89' lang='grc'>610</span> 
     </span>
    </p>
   </div>
   <div class='ocr_carea' id='block_1_9' title="bbox 185 930 1318 1160">
    <p class='ocr_par' dir='ltr' id='par_1_9' title="bbox 185 930 1292 1101">
     <span class='ocr_line' id='line_1_15' title="bbox 185 930 1292 989; baseline 0.003 -17"><span class='ocrx_word' id='word_1_73' title='bbox 185 930 292 982; x_wconf 87' lang='lat' dir='ltr'>Has,</span> <span class='ocrx_word' id='word_1_74' title='bbox 314 933 388 973; x_wconf 85' lang='lat' dir='ltr'>ubi</span> <span class='ocrx_word' id='word_1_75' title='bbox 404 940 521 975; x_wconf 89' lang='lat' dir='ltr'>certa</span> <span class='ocrx_word' id='word_1_76' title='bbox 541 934 661 975; x_wconf 88' lang='lat' dir='ltr'>sedet</span> <span class='ocrx_word' id='word_1_77' title='bbox 680 934 874 989; x_wconf 84' lang='lat' dir='ltr'>patribus</span> <span class='ocrx_word' id='word_1_78' title='bbox 895 934 1104 974; x_wconf 85' lang='lat' dir='ltr'>sententia</span> <span class='ocrx_word' id='word_1_79' title='bbox 1123 948 1292 989; x_wconf 81' lang='lat' dir='ltr'>pugnae,</span> 
     </span>
     <span class='ocr_line' id='line_1_16' title="bbox 185 987 1117 1045; baseline 0.001 -15"><span class='ocrx_word' id='word_1_80' title='bbox 185 987 284 1044; x_wconf 89' lang='lat' dir='ltr'>Ipse</span> <span class='ocrx_word' id='word_1_81' title='bbox 307 989 516 1036; x_wconf 80' lang='lat' dir='ltr'>Quirinali</span> <span class='ocrx_word' id='word_1_82' title='bbox 535 993 684 1032; x_wconf 83' lang='lat' dir='ltr'>trabea</span> <span class='ocrx_word' id='word_1_83' title='bbox 699 992 926 1045; x_wconf 87' lang='lat' dir='ltr'>cinctuque</span> <span class='ocrx_word' id='word_1_84' title='bbox 944 990 1117 1031; x_wconf 81' lang='lat' dir='ltr'>Gabino</span> 
     </span>
     <span class='ocr_line' id='line_1_17' title="bbox 185 1045 1161 1101; baseline 0.002 -15"><span class='ocrx_word' id='word_1_85' title='bbox 185 1045 368 1101; x_wconf 79' lang='lat' dir='ltr'>Insignis</span> <span class='ocrx_word' id='word_1_86' title='bbox 388 1055 549 1089; x_wconf 83' lang='lat' dir='ltr'>reserat</span> <span class='ocrx_word' id='word_1_87' title='bbox 570 1049 791 1090; x_wconf 86' lang='lat' dir='ltr'>stridentia</span> <span class='ocrx_word' id='word_1_88' title='bbox 810 1047 952 1088; x_wconf 79' lang='lat' dir='ltr'>limina</span> <span class='ocrx_word' id='word_1_89' title='bbox 975 1047 1134 1088; x_wconf 90' lang='lat' dir='ltr'>Consul</span> <span class='ocrx_word' id='word_1_90' title='bbox 1151 1065 1161 1099; x_wconf 84' lang='lat'><em>3</em></span> 
     </span>
    </p>

    <p class='ocr_par' dir='ltr' id='par_1_10' title="bbox 186 1102 1318 1160">
     <span class='ocr_line' id='line_1_18' title="bbox 186 1102 1318 1160; baseline 0.004 -17"><span class='ocrx_word' id='word_1_91' title='bbox 186 1102 286 1157; x_wconf 81' lang='lat' dir='ltr'>Ipse</span> <span class='ocrx_word' id='word_1_92' title='bbox 307 1112 429 1146; x_wconf 87' lang='lat' dir='ltr'>vocat</span> <span class='ocrx_word' id='word_1_93' title='bbox 449 1120 640 1160; x_wconf 80' lang='lat' dir='ltr'>pugnas3</span> <span class='ocrx_word' id='word_1_94' title='bbox 673 1106 863 1160; x_wconf 88' lang='lat' dir='ltr'>sequitur</span> <span class='ocrx_word' id='word_1_95' title='bbox 884 1111 974 1145; x_wconf 88' lang='lat' dir='ltr'>tum</span> <span class='ocrx_word' id='word_1_96' title='bbox 994 1112 1136 1146; x_wconf 87' lang='lat' dir='ltr'>cetera</span> <span class='ocrx_word' id='word_1_97' title='bbox 1156 1106 1318 1160; x_wconf 81' lang='lat' dir='ltr'>pubes3</span> 
     </span>
    </p>
   </div>
   <div class='ocr_carea' id='block_1_10' title="bbox 186 1160 1206 1216">
    <p class='ocr_par' dir='ltr' id='par_1_11' title="bbox 186 1160 1206 1216">
     <span class='ocr_line' id='line_1_19' title="bbox 186 1160 1206 1216; baseline 0.003 -16"><span class='ocrx_word' id='word_1_98' title='bbox 186 1160 406 1214; x_wconf 76' lang='lat' dir='ltr'>AEreaque</span> <span class='ocrx_word' id='word_1_99' title='bbox 427 1177 601 1203; x_wconf 82' lang='lat' dir='ltr'>assensu</span> <span class='ocrx_word' id='word_1_100' title='bbox 620 1163 864 1216; x_wconf 81' lang='lat' dir='ltr'>conspirant</span> <span class='ocrx_word' id='word_1_101' title='bbox 883 1176 1043 1202; x_wconf 84' lang='lat' dir='ltr'>cornua</span> <span class='ocrx_word' id='word_1_102' title='bbox 1062 1177 1206 1204; x_wconf 89' lang='lat' dir='ltr'>rauco.</span> 
     </span>
    </p>
   </div>
   <div class='ocr_carea' id='block_1_11' title="bbox 1561 1163 1646 1204">
    <p class='ocr_par' dir='ltr' id='par_1_12' title="bbox 1561 1163 1646 1204">
     <span class='ocr_line' id='line_1_20' title="bbox 1561 1163 1646 1204; baseline -0.024 0"><span class='ocrx_word' id='word_1_103' title='bbox 1561 1163 1646 1204; x_wconf 84' lang='lat'>615</span> 
     </span>
    </p>
   </div>
   <div class='ocr_carea' id='block_1_12' title="bbox 187 1216 1248 1331">
    <p class='ocr_par' dir='ltr' id='par_1_13' title="bbox 187 1216 1248 1331">
     <span class='ocr_line' id='line_1_21' title="bbox 187 1216 1220 1260; baseline 0.002 -3"><span class='ocrx_word' id='word_1_104' title='bbox 187 1216 287 1259; x_wconf 89' lang='lat' dir='ltr'>Hoc</span> <span class='ocrx_word' id='word_1_105' title='bbox 304 1225 346 1258; x_wconf 86' lang='lat' dir='ltr'>et</span> <span class='ocrx_word' id='word_1_106' title='bbox 366 1225 455 1259; x_wconf 91' lang='lat' dir='ltr'>tum</span> <span class='ocrx_word' id='word_1_107' title='bbox 476 1219 686 1259; x_wconf 87' lang='lat' dir='ltr'>AEneadis</span> <span class='ocrx_word' id='word_1_108' title='bbox 706 1219 892 1260; x_wconf 86' lang='lat' dir='ltr'>indicere</span> <span class='ocrx_word' id='word_1_109' title='bbox 913 1217 1024 1258; x_wconf 84' lang='lat' dir='ltr'>bella</span> <span class='ocrx_word' id='word_1_110' title='bbox 1041 1218 1220 1260; x_wconf 87' lang='lat' dir='ltr'>Latinus</span> 
     </span>
     <span class='ocr_line' id='line_1_22' title="bbox 187 1272 1248 1331; baseline 0.001 -15"><span class='ocrx_word' id='word_1_111' title='bbox 187 1272 315 1317; x_wconf 85' lang='lat' dir='ltr'>More</span> <span class='ocrx_word' id='word_1_112' title='bbox 330 1276 579 1330; x_wconf 75' lang='lat' dir='ltr'>jubebatur,</span> <span class='ocrx_word' id='word_1_113' title='bbox 601 1276 827 1331; x_wconf 85' lang='lat' dir='ltr'>tristesque</span> <span class='ocrx_word' id='word_1_114' title='bbox 848 1274 1068 1317; x_wconf 82' lang='lat' dir='ltr'>recludere</span> <span class='ocrx_word' id='word_1_115' title='bbox 1088 1283 1248 1331; x_wconf 81' lang='lat' dir='ltr'>portas.</span> 
     </span>
    </p>
   </div>
   <div class='ocr_carea' id='block_1_13' title="bbox 187 1395 906 2756">
    <p class='ocr_par' dir='ltr' id='par_1_14' title="bbox 188 1395 896 1462">
     <span class='ocr_line' id='line_1_23' title="bbox 188 1395 896 1462; baseline 0.004 -39"><span class='ocrx_word' id='word_1_116' title='bbox 188 1395 337 1462; x_wconf 44' lang='lat' dir='ltr'>txuhVII,</span> <span class='ocrx_word' id='word_1_117' title='bbox 363 1396 414 1431; x_wconf 79' lang='lat'>90,</span> <span class='ocrx_word' id='word_1_118' title='bbox 445 1401 476 1426; x_wconf 85' lang='lat' dir='ltr'>et</span> <span class='ocrx_word' id='word_1_119' title='bbox 504 1396 586 1426; x_wconf 84' lang='lat' dir='ltr'>idem</span> <span class='ocrx_word' id='word_1_120' title='bbox 614 1397 750 1426; x_wconf 80' lang='lat' dir='ltr'>Laurens</span> <span class='ocrx_word' id='word_1_121' title='bbox 779 1397 896 1426; x_wconf 80' lang='lat' dir='ltr'>Turnus</span> 
     </span>
    </p>

    <p class='ocr_par' dir='ltr' id='par_1_15' title="bbox 187 1472 906 2756">
     <span class='ocr_line' id='line_1_24' title="bbox 228 1472 897 1513; baseline 0.001 -12"><span class='ocrx_word' id='word_1_122' title='bbox 228 1473 386 1502; x_wconf 77' lang='lat'>601—-006</span> <span class='ocrx_word' id='word_1_123' title='bbox 400 1472 519 1502; x_wconf 74' lang='lat' dir='ltr'>Latium</span> <span class='ocrx_word' id='word_1_124' title='bbox 534 1473 721 1513; x_wconf 73' lang='lat' dir='ltr'>Hesperium,</span> <span class='ocrx_word' id='word_1_125' title='bbox 736 1484 794 1504; x_wconf 89' lang='lat' dir='ltr'>non</span> <span class='ocrx_word' id='word_1_126' title='bbox 810 1473 897 1503; x_wconf 84' lang='lat' dir='ltr'>aliter</span> 
     </span>
     <span class='ocr_line' id='line_1_25' title="bbox 187 1512 897 1552; baseline 0.004 -13"><span class='ocrx_word' id='word_1_127' title='bbox 187 1521 276 1549; x_wconf 86' lang='lat' dir='ltr'>quam</span> <span class='ocrx_word' id='word_1_128' title='bbox 294 1512 444 1550; x_wconf 86' lang='lat' dir='ltr'>Hesperia</span> <span class='ocrx_word' id='word_1_129' title='bbox 459 1513 559 1547; x_wconf 84' lang='lat' dir='ltr'>Italia,</span> <span class='ocrx_word' id='word_1_130' title='bbox 575 1514 690 1542; x_wconf 79' lang='lat' dir='ltr'>adscito</span> <span class='ocrx_word' id='word_1_131' title='bbox 703 1523 760 1542; x_wconf 89' lang='lat' dir='ltr'>usu</span> <span class='ocrx_word' id='word_1_132' title='bbox 773 1514 897 1552; x_wconf 85' lang='lat' dir='ltr'>loquen-</span> 
     </span>
     <span class='ocr_line' id='line_1_26' title="bbox 189 1549 895 1591; baseline 0.004 -14"><span class='ocrx_word' id='word_1_133' title='bbox 189 1550 221 1577; x_wconf 90' lang='lat' dir='ltr'>di</span> <span class='ocrx_word' id='word_1_134' title='bbox 249 1549 434 1580; x_wconf 63' lang='lat' dir='ltr'>Graecorum.</span> <span class='ocrx_word' id='word_1_135' title='bbox 481 1552 563 1581; x_wconf 82' lang='lat' dir='ltr'>Male</span> <span class='ocrx_word' id='word_1_136' title='bbox 586 1556 742 1591; x_wconf 79' lang='lat' dir='ltr'>argutatur</span> <span class='ocrx_word' id='word_1_137' title='bbox 768 1553 895 1581; x_wconf 87' lang='lat' dir='ltr'>Servius</span> 
     </span>
     <span class='ocr_line' id='line_1_27' title="bbox 189 1589 897 1629; baseline 0.001 -12"><span class='ocrx_word' id='word_1_138' title='bbox 189 1599 257 1617; x_wconf 87' lang='lat' dir='ltr'>cum</span> <span class='ocrx_word' id='word_1_139' title='bbox 266 1589 344 1623; x_wconf 83' lang='lat' dir='ltr'>aliis,</span> <span class='ocrx_word' id='word_1_140' title='bbox 357 1599 424 1618; x_wconf 85' lang='lat' dir='ltr'>esse</span> <span class='ocrx_word' id='word_1_141' title='bbox 433 1590 582 1629; x_wconf 71' lang='lat' dir='ltr'>antiquum</span> <span class='ocrx_word' id='word_1_142' title='bbox 595 1591 711 1620; x_wconf 84' lang='lat' dir='ltr'>Latium</span> <span class='ocrx_word' id='word_1_143' title='bbox 717 1591 897 1629; x_wconf 71' lang='lat' dir='ltr'>.-—pr0tinns</span> 
     </span>
     <span class='ocr_line' id='line_1_28' title="bbox 188 1627 897 1668; baseline 0.003 -13"><span class='ocrx_word' id='word_1_144' title='bbox 188 1627 217 1656; x_wconf 82' lang='lat' dir='ltr'>h.</span> <span class='ocrx_word' id='word_1_145' title='bbox 234 1628 253 1656; x_wconf 90' lang='lat' dir='ltr'>l.</span> <span class='ocrx_word' id='word_1_146' title='bbox 266 1628 392 1667; x_wconf 81' lang='lat' dir='ltr'>jugiter,</span> <span class='ocrx_word' id='word_1_147' title='bbox 408 1632 442 1657; x_wconf 85' lang='lat' dir='ltr'>ut</span> <span class='ocrx_word' id='word_1_148' title='bbox 462 1630 537 1658; x_wconf 88' lang='lat' dir='ltr'>bene</span> <span class='ocrx_word' id='word_1_149' title='bbox 559 1631 661 1661; x_wconf 69' lang='lat' dir='ltr'>Serv..</span> <span class='ocrx_word' id='word_1_150' title='bbox 682 1634 831 1668; x_wconf 87' lang='lat' dir='ltr'>perpetuo</span> <span class='ocrx_word' id='word_1_151' title='bbox 860 1630 897 1657; x_wconf 89' lang='lat' dir='ltr'>ab</span> 
     </span>
     <span class='ocr_line' id='line_1_29' title="bbox 190 1667 899 1705; baseline 0.003 -11"><span class='ocrx_word' id='word_1_152' title='bbox 190 1676 227 1694; x_wconf 88' lang='lat' dir='ltr'>eo</span> <span class='ocrx_word' id='word_1_153' title='bbox 251 1667 319 1696; x_wconf 79' lang='lat' dir='ltr'>inde</span> <span class='ocrx_word' id='word_1_154' title='bbox 342 1672 488 1705; x_wconf 78' lang='lat' dir='ltr'>tempore.</span> <span class='ocrx_word' id='word_1_155' title='bbox 507 1668 592 1697; x_wconf 77' lang='lat' dir='ltr'>urbes</span> <span class='ocrx_word' id='word_1_156' title='bbox 610 1668 746 1703; x_wconf 66' lang='lat' dir='ltr'>Albam,</span> <span class='ocrx_word' id='word_1_157' title='bbox 763 1669 899 1698; x_wconf 78' lang='lat' dir='ltr'>coloniae.</span> 
     </span>
     <span class='ocr_line' id='line_1_30' title="bbox 189 1705 898 1745; baseline 0.001 -11"><span class='ocrx_word' id='word_1_158' title='bbox 189 1705 269 1734; x_wconf 83' lang='lat' dir='ltr'>Nam</span> <span class='ocrx_word' id='word_1_159' title='bbox 291 1706 369 1735; x_wconf 87' lang='lat' dir='ltr'>Alba</span> <span class='ocrx_word' id='word_1_160' title='bbox 392 1706 497 1735; x_wconf 81' lang='lat' dir='ltr'>XXX</span> <span class='ocrx_word' id='word_1_161' title='bbox 513 1708 697 1745; x_wconf 85' lang='lat' dir='ltr'>oppidorum</span> <span class='ocrx_word' id='word_1_162' title='bbox 721 1708 898 1736; x_wconf 87' lang='lat' dir='ltr'>Latinorum</span> 
     </span>
     <span class='ocr_line' id='line_1_31' title="bbox 190 1745 899 1784; baseline 0.001 -11"><span class='ocrx_word' id='word_1_163' title='bbox 190 1749 297 1773; x_wconf 81' lang='lat' dir='ltr'>mater.</span> <span class='ocrx_word' id='word_1_164' title='bbox 321 1745 361 1773; x_wconf 79' lang='lat' dir='ltr'>cf.</span> <span class='ocrx_word' id='word_1_165' title='bbox 376 1745 506 1784; x_wconf 81' lang='lat' dir='ltr'>Dionys.</span> <span class='ocrx_word' id='word_1_166' title='bbox 526 1746 593 1780; x_wconf 85' lang='grc' dir='ltr'>ΙΙΙ,</span> <span class='ocrx_word' id='word_1_167' title='bbox 615 1746 831 1776; x_wconf 70' lang='grc' dir='ltr'>31,-ηια.τὶπια</span> <span class='ocrx_word' id='word_1_168' title='bbox 852 1756 899 1775; x_wconf 80' lang='lat' dir='ltr'>re-</span> 
     </span>
     <span class='ocr_line' id='line_1_32' title="bbox 192 1784 900 1820; baseline 0.003 -9"><span class='ocrx_word' id='word_1_169' title='bbox 192 1793 268 1818; x_wconf 69' lang='lat' dir='ltr'>rum,</span> <span class='ocrx_word' id='word_1_170' title='bbox 285 1793 333 1812; x_wconf 76' lang='lat' dir='ltr'>res</span> <span class='ocrx_word' id='word_1_171' title='bbox 356 1784 497 1818; x_wconf 75' lang='lat' dir='ltr'>maxima,</span> <span class='ocrx_word' id='word_1_172' title='bbox 519 1789 650 1820; x_wconf 76' lang='grc' dir='ltr'>μέγιστον</span> <span class='ocrx_word' id='word_1_173' title='bbox 672 1789 775 1819; x_wconf 70' lang='grc' dir='ltr'><strong>χρῆμα.</strong></span> <span class='ocrx_word' id='word_1_174' title='bbox 800 1786 839 1814; x_wconf 84' lang='lat' dir='ltr'>cs.</span> <span class='ocrx_word' id='word_1_175' title='bbox 862 1786 900 1813; x_wconf 76' lang='lat' dir='ltr'>ad</span> 
     </span>
     <span class='ocr_line' id='line_1_33' title="bbox 193 1822 900 1862; baseline 0.003 -12"><span class='ocrx_word' id='word_1_176' title='bbox 193 1822 249 1851; x_wconf 91' lang='lat' dir='ltr'>Ge.</span> <span class='ocrx_word' id='word_1_177' title='bbox 264 1823 311 1857; x_wconf 85' lang='grc' dir='ltr'>ΙΙ,</span> <span class='ocrx_word' id='word_1_178' title='bbox 326 1824 395 1852; x_wconf 71' lang='grc'>534.</span> <span class='ocrx_word' id='word_1_179' title='bbox 435 1824 485 1859; x_wconf 85' lang='lat' dir='ltr'>(Si</span> <span class='ocrx_word' id='word_1_180' title='bbox 499 1833 656 1862; x_wconf 84' lang='lat' dir='ltr'>compares</span> <span class='ocrx_word' id='word_1_181' title='bbox 671 1824 822 1852; x_wconf 85' lang='lat' dir='ltr'>Ovidiana</span> <span class='ocrx_word' id='word_1_182' title='bbox 836 1823 900 1858; x_wconf 86' lang='lat' dir='ltr'>illa,</span> 
     </span>
     <span class='ocr_line' id='line_1_34' title="bbox 190 1863 902 1899; baseline 0.003 -11"><span class='ocrx_word' id='word_1_183' title='bbox 190 1866 283 1899; x_wconf 85' lang='lat' dir='ltr'>caput</span> <span class='ocrx_word' id='word_1_184' title='bbox 294 1872 394 1890; x_wconf 85' lang='lat' dir='ltr'>rerum</span> <span class='ocrx_word' id='word_1_185' title='bbox 410 1863 482 1891; x_wconf 84' lang='lat' dir='ltr'>urbs</span> <span class='ocrx_word' id='word_1_186' title='bbox 502 1863 646 1896; x_wconf 83' lang='lat' dir='ltr'>Romana,</span> <span class='ocrx_word' id='word_1_187' title='bbox 668 1863 788 1891; x_wconf 85' lang='lat' dir='ltr'>domina</span> <span class='ocrx_word' id='word_1_188' title='bbox 802 1872 902 1891; x_wconf 87' lang='lat' dir='ltr'>rerum</span> 
     </span>
     <span class='ocr_line' id='line_1_35' title="bbox 193 1900 902 1940; baseline 0.004 -13"><span class='ocrx_word' id='word_1_189' title='bbox 193 1900 400 1933; x_wconf 82' lang='lat' dir='ltr'>etc.,s0rtasse</span> <span class='ocrx_word' id='word_1_190' title='bbox 411 1911 508 1929; x_wconf 84' lang='lat' dir='ltr'>rerum</span> <span class='ocrx_word' id='word_1_191' title='bbox 520 1902 707 1939; x_wconf 82' lang='lat' dir='ltr'>publicarum</span> <span class='ocrx_word' id='word_1_192' title='bbox 718 1901 902 1940; x_wconf 81' lang='lat' dir='ltr'>praetuleriS.</span> 
     </span>
     <span class='ocr_line' id='line_1_36' title="bbox 193 1938 904 1978; baseline 0.003 -11"><span class='ocrx_word' id='word_1_193' title='bbox 193 1938 252 1975; x_wconf 88' lang='lat' dir='ltr'>R.)</span> <span class='ocrx_word' id='word_1_194' title='bbox 267 1949 329 1968; x_wconf 81' lang='lat' dir='ltr'>cum</span> <span class='ocrx_word' id='word_1_195' title='bbox 337 1939 437 1978; x_wconf 79' lang='lat' dir='ltr'>prima</span> <span class='ocrx_word' id='word_1_196' title='bbox 448 1945 561 1969; x_wconf 77' lang='lat' dir='ltr'>movent</span> <span class='ocrx_word' id='word_1_197' title='bbox 574 1941 630 1978; x_wconf 80' lang='lat' dir='ltr'>(ad</span> <span class='ocrx_word' id='word_1_198' title='bbox 647 1941 773 1969; x_wconf 77' lang='lat' dir='ltr'>Romam</span> <span class='ocrx_word' id='word_1_199' title='bbox 786 1941 843 1969; x_wconf 86' lang='lat' dir='ltr'>boc</span> <span class='ocrx_word' id='word_1_200' title='bbox 857 1951 904 1969; x_wconf 85' lang='lat' dir='ltr'>re-</span> 
     </span>
     <span class='ocr_line' id='line_1_37' title="bbox 192 1978 905 2018; baseline 0.003 -13"><span class='ocrx_word' id='word_1_201' title='bbox 192 1978 350 2007; x_wconf 66' lang='lat' dir='ltr'>ferendum</span> <span class='ocrx_word' id='word_1_202' title='bbox 365 1983 490 2017; x_wconf 85' lang='lat' dir='ltr'>propter</span> <span class='ocrx_word' id='word_1_203' title='bbox 507 1981 592 2018; x_wconf 85' lang='lat' dir='ltr'>sqq.)</span> <span class='ocrx_word' id='word_1_204' title='bbox 606 1979 635 2007; x_wconf 80' lang='lat' dir='ltr'>in</span> <span class='ocrx_word' id='word_1_205' title='bbox 676 1979 760 2007; x_wconf 74' lang='lat' dir='ltr'>rselia</span> <span class='ocrx_word' id='word_1_206' title='bbox 773 1979 905 2008; x_wconf 71' lang='grc' dir='ltr'>Μανίρηι</span> 
     </span>
     <span class='ocr_line' id='line_1_38' title="bbox 191 1990 904 2057; baseline 0.001 -12"><span class='ocrx_word' id='word_1_207' title='bbox 191 2025 268 2046; x_wconf 81' lang='lat' dir='ltr'>nove</span> <span class='ocrx_word' id='word_1_208' title='bbox 302 2017 429 2047; x_wconf 78' lang='lat' dir='ltr'>dictum.</span> <span class='ocrx_word' id='word_1_209' title='bbox 483 2018 585 2057; x_wconf 84' lang='lat' dir='ltr'>Vulgo</span> <span class='ocrx_word' id='word_1_210' title='bbox 616 1990 754 2047; x_wconf 54' lang='lat' dir='ltr'>Adiectio·</span> <span class='ocrx_word' id='word_1_211' title='bbox 791 2018 904 2051; x_wconf 77' lang='lat' dir='ltr'>bellum,</span> 
     </span>
     <span class='ocr_line' id='line_1_39' title="bbox 193 2054 905 2096; baseline 0.003 -13"><span class='ocrx_word' id='word_1_212' title='bbox 193 2054 298 2084; x_wconf 73' lang='lat' dir='ltr'>Mars.-</span> <span class='ocrx_word' id='word_1_213' title='bbox 320 2056 546 2095; x_wconf 85' lang='lat' dir='ltr'>necquicquam</span> <span class='ocrx_word' id='word_1_214' title='bbox 568 2057 730 2094; x_wconf 79' lang='lat' dir='ltr'>adjicitur:</span> <span class='ocrx_word' id='word_1_215' title='bbox 754 2061 817 2086; x_wconf 84' lang='lat' dir='ltr'>tum</span> <span class='ocrx_word' id='word_1_216' title='bbox 830 2068 905 2096; x_wconf 80' lang='lat' dir='ltr'>quo-</span> 
     </span>
     <span class='ocr_line' id='line_1_40' title="bbox 194 2096 905 2135; baseline 0.001 -13"><span class='ocrx_word' id='word_1_217' title='bbox 194 2104 253 2132; x_wconf 86' lang='lat' dir='ltr'>que</span> <span class='ocrx_word' id='word_1_218' title='bbox 272 2099 421 2124; x_wconf 77' lang='lat' dir='ltr'>moventur</span> <span class='ocrx_word' id='word_1_219' title='bbox 444 2106 540 2130; x_wconf 77' lang='lat' dir='ltr'>arma,</span> <span class='ocrx_word' id='word_1_220' title='bbox 563 2106 619 2134; x_wconf 88' lang='lat' dir='ltr'>pro</span> <span class='ocrx_word' id='word_1_221' title='bbox 641 2096 752 2135; x_wconf 84' lang='lat' dir='ltr'>quibus</span> <span class='ocrx_word' id='word_1_222' title='bbox 774 2096 905 2125; x_wconf 67' lang='lat' dir='ltr'>Martem</span> 
     </span>
     <span class='ocr_line' id='line_1_41' title="bbox 196 2133 906 2173; baseline 0.001 -11"><span class='ocrx_word' id='word_1_223' title='bbox 196 2133 295 2162; x_wconf 79' lang='lat' dir='ltr'>dixit:</span> <span class='ocrx_word' id='word_1_224' title='bbox 318 2138 349 2162; x_wconf 83' lang='lat' dir='ltr'>et</span> <span class='ocrx_word' id='word_1_225' title='bbox 363 2134 470 2172; x_wconf 81' lang='lat' dir='ltr'>adjecit</span> <span class='ocrx_word' id='word_1_226' title='bbox 484 2135 514 2162; x_wconf 86' lang='lat' dir='ltr'>in</span> <span class='ocrx_word' id='word_1_227' title='bbox 532 2135 647 2173; x_wconf 75' lang='lat' dir='ltr'>proelia.</span> <span class='ocrx_word' id='word_1_228' title='bbox 688 2135 780 2171; x_wconf 85' lang='lat' dir='ltr'>Quod</span> <span class='ocrx_word' id='word_1_229' title='bbox 792 2135 906 2164; x_wconf 81' lang='lat' dir='ltr'>indicto</span> 
     </span>
     <span class='ocr_line' id='line_1_42' title="bbox 194 2171 899 2208; baseline 0.003 -8"><span class='ocrx_word' id='word_1_230' title='bbox 194 2171 276 2200; x_wconf 88' lang='lat' dir='ltr'>bello</span> <span class='ocrx_word' id='word_1_231' title='bbox 289 2172 394 2201; x_wconf 85' lang='lat' dir='ltr'>ancilia</span> <span class='ocrx_word' id='word_1_232' title='bbox 416 2175 694 2208; x_wconf 85' lang='lat' dir='ltr'>commovebantur,</span> <span class='ocrx_word' id='word_1_233' title='bbox 716 2174 843 2203; x_wconf 84' lang='lat' dir='ltr'>alienum</span> <span class='ocrx_word' id='word_1_234' title='bbox 863 2175 899 2202; x_wconf 88' lang='lat' dir='ltr'>ab</span> 
     </span>
     <span class='ocr_line' id='line_1_43' title="bbox 193 2210 902 2250; baseline 0.004 -12"><span class='ocrx_word' id='word_1_235' title='bbox 193 2210 223 2239; x_wconf 78' lang='lat' dir='ltr'>li.</span> <span class='ocrx_word' id='word_1_236' title='bbox 251 2210 271 2238; x_wconf 89' lang='lat' dir='ltr'>l.</span> <span class='ocrx_word' id='word_1_237' title='bbox 299 2211 455 2240; x_wconf 82' lang='lat' dir='ltr'>est.—Vs.</span> <span class='ocrx_word' id='word_1_238' title='bbox 480 2213 637 2242; x_wconf 75' lang='lat'>604-606</span> <span class='ocrx_word' id='word_1_239' title='bbox 666 2213 833 2250; x_wconf 82' lang='lat' dir='ltr'>Splendida</span> <span class='ocrx_word' id='word_1_240' title='bbox 855 2217 902 2242; x_wconf 83' lang='lat' dir='ltr'>est</span> 
     </span>
     <span class='ocr_line' id='line_1_44' title="bbox 194 2249 902 2281; baseline 0.004 -4"><span class='ocrx_word' id='word_1_241' title='bbox 194 2249 302 2278; x_wconf 85' lang='lat' dir='ltr'>oratio.</span> <span class='ocrx_word' id='word_1_242' title='bbox 344 2249 442 2278; x_wconf 84' lang='lat' dir='ltr'>Bellis</span> <span class='ocrx_word' id='word_1_243' title='bbox 465 2251 541 2279; x_wconf 85' lang='lat' dir='ltr'>enim</span> <span class='ocrx_word' id='word_1_244' title='bbox 567 2262 635 2280; x_wconf 87' lang='lat' dir='ltr'>cum</span> <span class='ocrx_word' id='word_1_245' title='bbox 658 2253 803 2280; x_wconf 83' lang='lat' dir='ltr'>extremis</span> <span class='ocrx_word' id='word_1_246' title='bbox 819 2252 902 2281; x_wconf 80' lang='lat' dir='ltr'>orbis</span> 
     </span>
     <span class='ocr_line' id='line_1_45' title="bbox 195 2288 904 2328; baseline 0.006 -12"><span class='ocrx_word' id='word_1_247' title='bbox 195 2293 345 2317; x_wconf 78' lang='lat' dir='ltr'>terrarum</span> <span class='ocrx_word' id='word_1_248' title='bbox 359 2288 480 2326; x_wconf 86' lang='lat' dir='ltr'>populis</span> <span class='ocrx_word' id='word_1_249' title='bbox 495 2291 631 2327; x_wconf 82' lang='lat' dir='ltr'>gerendis</span> <span class='ocrx_word' id='word_1_250' title='bbox 652 2291 771 2328; x_wconf 84' lang='lat' dir='ltr'>imperii</span> <span class='ocrx_word' id='word_1_251' title='bbox 788 2291 827 2319; x_wconf 85' lang='lat' dir='ltr'>R.</span> <span class='ocrx_word' id='word_1_252' title='bbox 842 2301 904 2319; x_wconf 86' lang='lat' dir='ltr'>ma-</span> 
     </span>
     <span class='ocr_line' id='line_1_46' title="bbox 191 2327 902 2365; baseline 0.004 -10"><span class='ocrx_word' id='word_1_253' title='bbox 191 2328 291 2365; x_wconf 79' lang='lat' dir='ltr'>jestas</span> <span class='ocrx_word' id='word_1_254' title='bbox 305 2327 452 2365; x_wconf 69' lang='lat' dir='ltr'>praeclare</span> <span class='ocrx_word' id='word_1_255' title='bbox 472 2328 651 2358; x_wconf 81' lang='lat' dir='ltr'>declaratur.</span> <span class='ocrx_word' id='word_1_256' title='bbox 692 2330 785 2365; x_wconf 86' lang='lat' dir='ltr'>Quod</span> <span class='ocrx_word' id='word_1_257' title='bbox 809 2330 902 2358; x_wconf 74' lang='lat' dir='ltr'>Getas</span> 
     </span>
     <span class='ocr_line' id='line_1_47' title="bbox 196 2368 901 2404; baseline 0.004 -10"><span class='ocrx_word' id='word_1_258' title='bbox 196 2370 308 2400; x_wconf 82' lang='lat' dir='ltr'>narrat,</span> <span class='ocrx_word' id='word_1_259' title='bbox 331 2376 388 2394; x_wconf 86' lang='lat' dir='ltr'>nnn</span> <span class='ocrx_word' id='word_1_260' title='bbox 405 2371 452 2394; x_wconf 84' lang='lat' dir='ltr'>est</span> <span class='ocrx_word' id='word_1_261' title='bbox 466 2368 648 2404; x_wconf 64' lang='lat' dir='ltr'>urgendum3</span> <span class='ocrx_word' id='word_1_262' title='bbox 671 2368 768 2397; x_wconf 85' lang='lat' dir='ltr'>voluit</span> <span class='ocrx_word' id='word_1_263' title='bbox 788 2372 901 2398; x_wconf 83' lang='lat' dir='ltr'>tantum</span> 
     </span>
     <span class='ocr_line' id='line_1_48' title="bbox 196 2404 904 2442; baseline 0.004 -9"><span class='ocrx_word' id='word_1_264' title='bbox 196 2405 272 2434; x_wconf 85' lang='lat' dir='ltr'>fines</span> <span class='ocrx_word' id='word_1_265' title='bbox 293 2405 411 2442; x_wconf 86' lang='lat' dir='ltr'>imperii</span> <span class='ocrx_word' id='word_1_266' title='bbox 432 2404 469 2433; x_wconf 83' lang='lat' dir='ltr'>ad</span> <span class='ocrx_word' id='word_1_267' title='bbox 492 2405 664 2435; x_wconf 82' lang='lat' dir='ltr'>Danubium</span> <span class='ocrx_word' id='word_1_268' title='bbox 688 2407 857 2442; x_wconf 84' lang='lat' dir='ltr'>declarare,</span> <span class='ocrx_word' id='word_1_269' title='bbox 872 2412 904 2436; x_wconf 85' lang='lat' dir='ltr'>et</span> 
     </span>
     <span class='ocr_line' id='line_1_49' title="bbox 197 2443 904 2484; baseline 0.004 -12"><span class='ocrx_word' id='word_1_270' title='bbox 197 2444 241 2472; x_wconf 90' lang='lat' dir='ltr'>sic</span> <span class='ocrx_word' id='word_1_271' title='bbox 255 2453 346 2482; x_wconf 86' lang='lat' dir='ltr'>porro</span> <span class='ocrx_word' id='word_1_272' title='bbox 360 2443 389 2471; x_wconf 89' lang='lat' dir='ltr'>in</span> <span class='ocrx_word' id='word_1_273' title='bbox 412 2453 499 2481; x_wconf 76' lang='lat' dir='ltr'>sqq-3</span> <span class='ocrx_word' id='word_1_274' title='bbox 519 2454 697 2484; x_wconf 85' lang='lat' dir='ltr'>quamquam</span> <span class='ocrx_word' id='word_1_275' title='bbox 722 2447 804 2475; x_wconf 81' lang='lat' dir='ltr'>fuere</span> <span class='ocrx_word' id='word_1_276' title='bbox 825 2446 904 2475; x_wconf 86' lang='lat' dir='ltr'>bella</span> 
     </span>
     <span class='ocr_line' id='line_1_50' title="bbox 196 2481 903 2524; baseline 0.004 -13"><span class='ocrx_word' id='word_1_277' title='bbox 196 2482 401 2512; x_wconf 82' lang='lat' dir='ltr'>Romanorum</span> <span class='ocrx_word' id='word_1_278' title='bbox 426 2486 455 2510; x_wconf 89' lang='lat' dir='ltr'>et</span> <span class='ocrx_word' id='word_1_279' title='bbox 484 2481 621 2512; x_wconf 80' lang='lat' dir='ltr'>victoriae</span> <span class='ocrx_word' id='word_1_280' title='bbox 647 2494 682 2513; x_wconf 84' lang='lat' dir='ltr'>ea</span> <span class='ocrx_word' id='word_1_281' title='bbox 707 2489 808 2516; x_wconf 80' lang='lat' dir='ltr'>aetate.</span> <span class='ocrx_word' id='word_1_282' title='bbox 835 2496 903 2524; x_wconf 81' lang='lat' dir='ltr'>quae</span> 
     </span>
     <span class='ocr_line' id='line_1_51' title="bbox 197 2521 904 2563; baseline 0.006 -14"><span class='ocrx_word' id='word_1_283' title='bbox 197 2521 256 2549; x_wconf 83' lang='lat' dir='ltr'>huc</span> <span class='ocrx_word' id='word_1_284' title='bbox 278 2521 413 2550; x_wconf 84' lang='lat' dir='ltr'>revocari</span> <span class='ocrx_word' id='word_1_285' title='bbox 438 2525 583 2559; x_wconf 84' lang='lat' dir='ltr'>possunt,·</span> <span class='ocrx_word' id='word_1_286' title='bbox 605 2521 677 2551; x_wconf 88' lang='lat' dir='ltr'>vide</span> <span class='ocrx_word' id='word_1_287' title='bbox 692 2524 756 2554; x_wconf 79' lang='lat' dir='ltr'>vit.</span> <span class='ocrx_word' id='word_1_288' title='bbox 783 2524 869 2563; x_wconf 80' lang='lat' dir='ltr'>Virg.</span> <span class='ocrx_word' id='word_1_289' title='bbox 888 2535 904 2553; x_wconf 89' lang='lat' dir='ltr'>a</span> 
     </span>
     <span class='ocr_line' id='line_1_52' title="bbox 198 2559 901 2592; baseline 0.006 -4"><span class='ocrx_word' id='word_1_290' title='bbox 198 2560 238 2588; x_wconf 92' lang='lat' dir='ltr'>U.</span> <span class='ocrx_word' id='word_1_291' title='bbox 252 2559 289 2587; x_wconf 79' lang='lat' dir='ltr'>C.</span> <span class='ocrx_word' id='word_1_292' title='bbox 300 2560 370 2588; x_wconf 71' lang='lat'>724.</span> <span class='ocrx_word' id='word_1_293' title='bbox 387 2561 457 2589; x_wconf 78' lang='lat'>725.</span> <span class='ocrx_word' id='word_1_294' title='bbox 470 2561 538 2588; x_wconf 77' lang='lat'>729.</span> <span class='ocrx_word' id='word_1_295' title='bbox 560 2561 629 2590; x_wconf 78' lang='lat'>731.</span> <span class='ocrx_word' id='word_1_296' title='bbox 642 2562 719 2590; x_wconf 70' lang='lat'>734:</span> <span class='ocrx_word' id='word_1_297' title='bbox 742 2573 798 2591; x_wconf 84' lang='lat' dir='ltr'>nec</span> <span class='ocrx_word' id='word_1_298' title='bbox 813 2563 901 2592; x_wconf 88' lang='lat' dir='ltr'>dubi-</span> 
     </span>
     <span class='ocr_line' id='line_1_53' title="bbox 198 2599 905 2638; baseline 0.006 -12"><span class='ocrx_word' id='word_1_299' title='bbox 198 2603 263 2627; x_wconf 85' lang='lat' dir='ltr'>tare</span> <span class='ocrx_word' id='word_1_300' title='bbox 277 2599 359 2632; x_wconf 82' lang='lat' dir='ltr'>licet,</span> <span class='ocrx_word' id='word_1_301' title='bbox 374 2599 494 2637; x_wconf 69' lang='lat' dir='ltr'>poetam</span> <span class='ocrx_word' id='word_1_302' title='bbox 510 2599 538 2626; x_wconf 90' lang='lat' dir='ltr'>in</span> <span class='ocrx_word' id='word_1_303' title='bbox 554 2600 685 2637; x_wconf 83' lang='lat' dir='ltr'>Augusti</span> <span class='ocrx_word' id='word_1_304' title='bbox 708 2601 835 2638; x_wconf 78' lang='lat' dir='ltr'>gratiam</span> <span class='ocrx_word' id='word_1_305' title='bbox 853 2602 905 2631; x_wconf 84' lang='lat' dir='ltr'>illa</span> 
     </span>
     <span class='ocr_line' id='line_1_54' title="bbox 201 2637 903 2676; baseline 0.006 -11"><span class='ocrx_word' id='word_1_306' title='bbox 201 2637 306 2666; x_wconf 72' lang='lat' dir='ltr'>saltem</span> <span class='ocrx_word' id='word_1_307' title='bbox 331 2637 497 2676; x_wconf 77' lang='lat' dir='ltr'>adjecisse:</span> <span class='ocrx_word' id='word_1_308' title='bbox 528 2648 578 2666; x_wconf 76' lang='lat' dir='ltr'>son</span> <span class='ocrx_word' id='word_1_309' title='bbox 603 2639 717 2667; x_wconf 71' lang='lat' dir='ltr'>{endere</span> <span class='ocrx_word' id='word_1_310' title='bbox 739 2640 778 2668; x_wconf 84' lang='lat' dir='ltr'>ad</span> <span class='ocrx_word' id='word_1_311' title='bbox 802 2640 903 2675; x_wconf 75' lang='lat' dir='ltr'>Indos,</span> 
     </span>
     <span class='ocr_line' id='line_1_55' title="bbox 201 2676 902 2716; baseline 0.004 -13"><span class='ocrx_word' id='word_1_312' title='bbox 201 2676 408 2714; x_wconf 69' lang='lat' dir='ltr'>Auroramque</span> <span class='ocrx_word' id='word_1_313' title='bbox 417 2676 508 2716; x_wconf 72' lang='lat' dir='ltr'>sequi.</span> <span class='ocrx_word' id='word_1_314' title='bbox 549 2677 698 2705; x_wconf 71' lang='lat' dir='ltr'>Auroram</span> <span class='ocrx_word' id='word_1_315' title='bbox 711 2678 803 2716; x_wconf 72' lang='lat' dir='ltr'>sequi,</span> <span class='ocrx_word' id='word_1_316' title='bbox 819 2689 902 2716; x_wconf 64' lang='lat' dir='ltr'>mag-</span> 
     </span>
     <span class='ocr_line' id='line_1_56' title="bbox 200 2715 902 2756; baseline 0.001 -11"><span class='ocrx_word' id='word_1_317' title='bbox 200 2715 297 2751; x_wconf 74' lang='lat' dir='ltr'>nifice,</span> <span class='ocrx_word' id='word_1_318' title='bbox 313 2715 350 2744; x_wconf 89' lang='lat' dir='ltr'>ad</span> <span class='ocrx_word' id='word_1_319' title='bbox 363 2719 531 2747; x_wconf 78' lang='lat' dir='ltr'>ex1remum</span> <span class='ocrx_word' id='word_1_320' title='bbox 546 2716 701 2748; x_wconf 74' lang='lat' dir='ltr'>Orientem</span> <span class='ocrx_word' id='word_1_321' title='bbox 723 2726 817 2756; x_wconf 78' lang='lat' dir='ltr'>usque</span> <span class='ocrx_word' id='word_1_322' title='bbox 833 2728 902 2756; x_wconf 81' lang='lat' dir='ltr'>pro-</span> 
     </span>
    </p>
   </div>
   <div class='ocr_carea' id='block_1_14' title="bbox 935 1396 1657 2757">
    <p class='ocr_par' dir='ltr' id='par_1_16' title="bbox 935 1396 1651 1626">
     <span class='ocr_line' id='line_1_57' title="bbox 935 1396 1646 1435; baseline 0.003 -10"><span class='ocrx_word' id='word_1_323' title='bbox 935 1397 1033 1435; x_wconf 80' lang='lat' dir='ltr'>gredi.</span> <span class='ocrx_word' id='word_1_324' title='bbox 1075 1396 1208 1426; x_wconf 85' lang='lat' dir='ltr'>Ferebat</span> <span class='ocrx_word' id='word_1_325' title='bbox 1219 1397 1275 1426; x_wconf 87' lang='lat' dir='ltr'>boc</span> <span class='ocrx_word' id='word_1_326' title='bbox 1289 1397 1385 1427; x_wconf 83' lang='lat' dir='ltr'>multo</span> <span class='ocrx_word' id='word_1_327' title='bbox 1400 1397 1499 1434; x_wconf 68' lang='lat' dir='ltr'>magis</span> <span class='ocrx_word' id='word_1_328' title='bbox 1512 1407 1585 1426; x_wconf 88' lang='lat' dir='ltr'>usus</span> <span class='ocrx_word' id='word_1_329' title='bbox 1599 1398 1646 1427; x_wconf 81' lang='lat' dir='ltr'>lo-</span> 
     </span>
     <span class='ocr_line' id='line_1_58' title="bbox 935 1435 1646 1473; baseline 0.001 -9"><span class='ocrx_word' id='word_1_330' title='bbox 935 1435 1045 1473; x_wconf 87' lang='lat' dir='ltr'>quendi</span> <span class='ocrx_word' id='word_1_331' title='bbox 1066 1435 1282 1471; x_wconf 88' lang='lat' dir='ltr'>Romanorum,</span> <span class='ocrx_word' id='word_1_332' title='bbox 1297 1447 1364 1465; x_wconf 87' lang='lat' dir='ltr'>cum</span> <span class='ocrx_word' id='word_1_333' title='bbox 1388 1447 1417 1464; x_wconf 93' lang='lat' dir='ltr'>v.</span> <span class='ocrx_word' id='word_1_334' title='bbox 1440 1447 1467 1465; x_wconf 95' lang='grc'>6.</span> <span class='ocrx_word' id='word_1_335' title='bbox 1492 1437 1646 1471; x_wconf 76' lang='lat' dir='ltr'>dicerent,</span> 
     </span>
     <span class='ocr_line' id='line_1_59' title="bbox 935 1474 1651 1513; baseline 0.001 -10"><span class='ocrx_word' id='word_1_336' title='bbox 935 1475 976 1503; x_wconf 81' lang='lat' dir='ltr'>ad</span> <span class='ocrx_word' id='word_1_337' title='bbox 996 1474 1145 1504; x_wconf 74' lang='lat' dir='ltr'>Orientem</span> <span class='ocrx_word' id='word_1_338' title='bbox 1168 1474 1299 1509; x_wconf 73' lang='lat' dir='ltr'>missum,</span> <span class='ocrx_word' id='word_1_339' title='bbox 1315 1477 1489 1513; x_wconf 71' lang='lat' dir='ltr'>profectum,</span> <span class='ocrx_word' id='word_1_340' title='bbox 1513 1485 1574 1504; x_wconf 77' lang='lat' dir='ltr'>esse</span> <span class='ocrx_word' id='word_1_341' title='bbox 1596 1475 1651 1504; x_wconf 88' lang='lat' dir='ltr'>ali-</span> 
     </span>
     <span class='ocr_line' id='line_1_60' title="bbox 937 1513 1650 1552; baseline 0.001 -11"><span class='ocrx_word' id='word_1_342' title='bbox 937 1523 1037 1552; x_wconf 86' lang='lat' dir='ltr'>quem.</span> <span class='ocrx_word' id='word_1_343' title='bbox 1078 1513 1191 1542; x_wconf 78' lang='lat' dir='ltr'>Bellmn</span> <span class='ocrx_word' id='word_1_344' title='bbox 1207 1517 1308 1542; x_wconf 85' lang='lat' dir='ltr'>autem</span> <span class='ocrx_word' id='word_1_345' title='bbox 1322 1514 1497 1542; x_wconf 71' lang='lat' dir='ltr'>larrimabile</span> <span class='ocrx_word' id='word_1_346' title='bbox 1510 1519 1558 1543; x_wconf 88' lang='lat' dir='ltr'>est</span> <span class='ocrx_word' id='word_1_347' title='bbox 1582 1514 1650 1542; x_wconf 86' lang='lat' dir='ltr'>Ho-</span> 
     </span>
     <span class='ocr_line' id='line_1_61' title="bbox 936 1556 1651 1587; baseline 0.001 -7"><span class='ocrx_word' id='word_1_348' title='bbox 936 1562 1084 1581; x_wconf 79' lang='lat' dir='ltr'>merlcum</span> <span class='ocrx_word' id='word_1_349' title='bbox 1119 1557 1289 1586; x_wconf 72' lang='grc' dir='ltr'>πολύδακρυς</span> <span class='ocrx_word' id='word_1_350' title='bbox 1323 1556 1413 1587; x_wconf 77' lang='grc' dir='ltr'>”Αρης·</span> <span class='ocrx_word' id='word_1_351' title='bbox 1446 1556 1651 1587; x_wconf 72' lang='grc' dir='ltr'>πολυδάκρυτος</span> 
     </span>
     <span class='ocr_line' id='line_1_62' title="bbox 936 1594 1330 1626; baseline 0.003 -8"><span class='ocrx_word' id='word_1_352' title='bbox 936 1594 1025 1625; x_wconf 74' lang='grc' dir='ltr'>μάχη,</span> <span class='ocrx_word' id='word_1_353' title='bbox 1042 1595 1180 1625; x_wconf 73' lang='grc' dir='ltr'><em>δακρυόεις·</em></span> <span class='ocrx_word' id='word_1_354' title='bbox 1193 1596 1330 1626; x_wconf 54' lang='grc' dir='ltr'>πόλεμον.</span> 
     </span>
    </p>

    <p class='ocr_par' dir='ltr' id='par_1_17' title="bbox 937 1630 1656 2518">
     <span class='ocr_line' id='line_1_63' title="bbox 976 1630 1650 1668; baseline 0.001 -10"><span class='ocrx_word' id='word_1_355' title='bbox 976 1631 1134 1659; x_wconf 83' lang='grc'><strong>607-610</strong></span> <span class='ocrx_word' id='word_1_356' title='bbox 1159 1630 1255 1658; x_wconf 89' lang='lat' dir='ltr'>Vides</span> <span class='ocrx_word' id='word_1_357' title='bbox 1281 1631 1328 1659; x_wconf 84' lang='lat' dir='ltr'>hic</span> <span class='ocrx_word' id='word_1_358' title='bbox 1345 1630 1517 1668; x_wconf 80' lang='lat' dir='ltr'>exemplum</span> <span class='ocrx_word' id='word_1_359' title='bbox 1538 1630 1650 1659; x_wconf 81' lang='lat' dir='ltr'>fabulae</span> 
     </span>
     <span class='ocr_line' id='line_1_64' title="bbox 938 1668 1650 1707; baseline 0.001 -10"><span class='ocrx_word' id='word_1_360' title='bbox 938 1668 1051 1697; x_wconf 87' lang='lat' dir='ltr'>veteris</span> <span class='ocrx_word' id='word_1_361' title='bbox 1074 1678 1151 1698; x_wconf 88' lang='lat' dir='ltr'>nova</span> <span class='ocrx_word' id='word_1_362' title='bbox 1173 1668 1420 1707; x_wconf 80' lang='lat' dir='ltr'>interpretatione</span> <span class='ocrx_word' id='word_1_363' title='bbox 1444 1669 1650 1707; x_wconf 72' lang='lat' dir='ltr'>interpolatae.</span> 
     </span>
     <span class='ocr_line' id='line_1_65' title="bbox 937 1707 1652 1747; baseline 0.001 -12"><span class='ocrx_word' id='word_1_364' title='bbox 937 1707 1008 1736; x_wconf 82' lang='lat' dir='ltr'>Jani</span> <span class='ocrx_word' id='word_1_365' title='bbox 1023 1707 1130 1746; x_wconf 79' lang='lat' dir='ltr'>religio</span> <span class='ocrx_word' id='word_1_366' title='bbox 1144 1708 1180 1736; x_wconf 90' lang='lat' dir='ltr'>ab</span> <span class='ocrx_word' id='word_1_367' title='bbox 1194 1707 1279 1736; x_wconf 83' lang='lat' dir='ltr'>initio</span> <span class='ocrx_word' id='word_1_368' title='bbox 1293 1708 1371 1737; x_wconf 78' lang='lat' dir='ltr'>haud</span> <span class='ocrx_word' id='word_1_369' title='bbox 1383 1708 1476 1736; x_wconf 90' lang='lat' dir='ltr'>dubie</span> <span class='ocrx_word' id='word_1_370' title='bbox 1487 1708 1652 1747; x_wconf 78' lang='lat' dir='ltr'>symbolica</span> 
     </span>
     <span class='ocr_line' id='line_1_66' title="bbox 938 1746 1652 1776; baseline 0.001 -2"><span class='ocrx_word' id='word_1_371' title='bbox 938 1746 996 1775; x_wconf 81' lang='lat' dir='ltr'>suit</span> <span class='ocrx_word' id='word_1_372' title='bbox 1012 1746 1050 1774; x_wconf 88' lang='lat' dir='ltr'>ad</span> <span class='ocrx_word' id='word_1_373' title='bbox 1065 1747 1265 1775; x_wconf 73' lang='lat' dir='ltr'>denotandam</span> <span class='ocrx_word' id='word_1_374' title='bbox 1277 1757 1375 1776; x_wconf 82' lang='lat' dir='ltr'>rerum</span> <span class='ocrx_word' id='word_1_375' title='bbox 1389 1750 1524 1775; x_wconf 72' lang='lat' dir='ltr'>naturam</span> <span class='ocrx_word' id='word_1_376' title='bbox 1537 1747 1652 1776; x_wconf 83' lang='lat' dir='ltr'>varias-</span> 
     </span>
     <span class='ocr_line' id='line_1_67' title="bbox 940 1785 1654 1824; baseline 0.001 -11"><span class='ocrx_word' id='word_1_377' title='bbox 940 1795 998 1823; x_wconf 88' lang='lat' dir='ltr'>que</span> <span class='ocrx_word' id='word_1_378' title='bbox 1022 1786 1089 1823; x_wconf 79' lang='lat' dir='ltr'>ejus</span> <span class='ocrx_word' id='word_1_379' title='bbox 1113 1785 1328 1824; x_wconf 83' lang='lat' dir='ltr'>proprietates.</span> <span class='ocrx_word' id='word_1_380' title='bbox 1369 1786 1521 1815; x_wconf 83' lang='lat' dir='ltr'>Traducta</span> <span class='ocrx_word' id='word_1_381' title='bbox 1545 1795 1581 1814; x_wconf 86' lang='lat' dir='ltr'>ea</span> <span class='ocrx_word' id='word_1_382' title='bbox 1605 1789 1654 1814; x_wconf 86' lang='lat' dir='ltr'>est</span> 
     </span>
     <span class='ocr_line' id='line_1_68' title="bbox 940 1824 1654 1862; baseline 0.003 -11"><span class='ocrx_word' id='word_1_383' title='bbox 940 1828 1049 1862; x_wconf 80' lang='lat' dir='ltr'>postea</span> <span class='ocrx_word' id='word_1_384' title='bbox 1062 1824 1099 1852; x_wconf 83' lang='lat' dir='ltr'>ad</span> <span class='ocrx_word' id='word_1_385' title='bbox 1114 1824 1185 1859; x_wconf 87' lang='lat' dir='ltr'>alia,</span> <span class='ocrx_word' id='word_1_386' title='bbox 1201 1829 1232 1853; x_wconf 81' lang='lat' dir='ltr'>et</span> <span class='ocrx_word' id='word_1_387' title='bbox 1248 1824 1354 1853; x_wconf 81' lang='lat' dir='ltr'>Romae</span> <span class='ocrx_word' id='word_1_388' title='bbox 1377 1825 1447 1853; x_wconf 81' lang='lat' dir='ltr'>Jani</span> <span class='ocrx_word' id='word_1_389' title='bbox 1463 1825 1620 1862; x_wconf 87' lang='lat' dir='ltr'>templum,</span> <span class='ocrx_word' id='word_1_390' title='bbox 1636 1834 1654 1853; x_wconf 82' lang='lat' dir='ltr'>a</span> 
     </span>
     <span class='ocr_line' id='line_1_69' title="bbox 944 1863 1654 1898; baseline -0.003 -6"><span class='ocrx_word' id='word_1_391' title='bbox 944 1863 1078 1892; x_wconf 82' lang='lat' dir='ltr'>Romulo</span> <span class='ocrx_word' id='word_1_392' title='bbox 1105 1863 1272 1898; x_wconf 84' lang='lat' dir='ltr'>conditum,</span> <span class='ocrx_word' id='word_1_393' title='bbox 1297 1873 1336 1892; x_wconf 81' lang='lat' dir='ltr'>ex</span> <span class='ocrx_word' id='word_1_394' title='bbox 1360 1863 1483 1897; x_wconf 80' lang='lat' dir='ltr'>Numae,</span> <span class='ocrx_word' id='word_1_395' title='bbox 1504 1868 1538 1891; x_wconf 83' lang='lat' dir='ltr'>ut</span> <span class='ocrx_word' id='word_1_396' title='bbox 1559 1864 1654 1897; x_wconf 83' lang='lat' dir='ltr'>aiunt,</span> 
     </span>
     <span class='ocr_line' id='line_1_70' title="bbox 943 1901 1652 1940; baseline 0 -10"><span class='ocrx_word' id='word_1_397' title='bbox 943 1901 1083 1930; x_wconf 77' lang='lat' dir='ltr'>instituto</span> <span class='ocrx_word' id='word_1_398' title='bbox 1099 1902 1233 1930; x_wconf 84' lang='lat' dir='ltr'>clausum</span> <span class='ocrx_word' id='word_1_399' title='bbox 1251 1902 1298 1930; x_wconf 92' lang='lat' dir='ltr'>vel</span> <span class='ocrx_word' id='word_1_400' title='bbox 1316 1906 1452 1940; x_wconf 83' lang='lat' dir='ltr'>apertum</span> <span class='ocrx_word' id='word_1_401' title='bbox 1466 1902 1538 1931; x_wconf 88' lang='lat' dir='ltr'>belli</span> <span class='ocrx_word' id='word_1_402' title='bbox 1550 1902 1652 1940; x_wconf 81' lang='lat' dir='ltr'>pacis-</span> 
     </span>
     <span class='ocr_line' id='line_1_71' title="bbox 945 1940 1655 1979; baseline -0.001 -10"><span class='ocrx_word' id='word_1_403' title='bbox 945 1950 1003 1979; x_wconf 87' lang='lat' dir='ltr'>que</span> <span class='ocrx_word' id='word_1_404' title='bbox 1030 1940 1158 1969; x_wconf 85' lang='lat' dir='ltr'>habebat</span> <span class='ocrx_word' id='word_1_405' title='bbox 1182 1941 1419 1969; x_wconf 62' lang='lat' dir='ltr'>indicia—Belli</span> <span class='ocrx_word' id='word_1_406' title='bbox 1443 1947 1539 1970; x_wconf 80' lang='lat' dir='ltr'>autem</span> <span class='ocrx_word' id='word_1_407' title='bbox 1558 1945 1655 1979; x_wconf 66' lang='grc' dir='ltr'>ρον-ηε</span> 
     </span>
     <span class='ocr_line' id='line_1_72' title="bbox 944 1979 1653 2017; baseline 0.001 -10"><span class='ocrx_word' id='word_1_408' title='bbox 944 1979 1068 2017; x_wconf 89' lang='lat' dir='ltr'>proprio</span> <span class='ocrx_word' id='word_1_409' title='bbox 1092 1980 1208 2008; x_wconf 85' lang='lat' dir='ltr'>nomine</span> <span class='ocrx_word' id='word_1_410' title='bbox 1231 1980 1322 2008; x_wconf 79' lang='lat' dir='ltr'>dictae</span> <span class='ocrx_word' id='word_1_411' title='bbox 1350 1981 1511 2009; x_wconf 86' lang='lat' dir='ltr'>videntur:</span> <span class='ocrx_word' id='word_1_412' title='bbox 1542 1979 1653 2008; x_wconf 84' lang='lat' dir='ltr'>iterum</span> 
     </span>
     <span class='ocr_line' id='line_1_73' title="bbox 945 2018 1655 2057; baseline 0 -10"><span class='ocrx_word' id='word_1_413' title='bbox 945 2018 997 2047; x_wconf 90' lang='lat' dir='ltr'>inf.</span> <span class='ocrx_word' id='word_1_414' title='bbox 1012 2019 1070 2047; x_wconf 75' lang='lat'>622</span> <span class='ocrx_word' id='word_1_415' title='bbox 1085 2028 1152 2047; x_wconf 87' lang='lat' dir='ltr'>esse</span> <span class='ocrx_word' id='word_1_416' title='bbox 1178 2019 1323 2057; x_wconf 86' lang='lat' dir='ltr'>templum</span> <span class='ocrx_word' id='word_1_417' title='bbox 1340 2019 1420 2047; x_wconf 86' lang='lat' dir='ltr'>Belli</span> <span class='ocrx_word' id='word_1_418' title='bbox 1442 2019 1522 2047; x_wconf 87' lang='lat' dir='ltr'>binis</span> <span class='ocrx_word' id='word_1_419' title='bbox 1537 2018 1655 2047; x_wconf 85' lang='lat' dir='ltr'>foribus</span> 
     </span>
     <span class='ocr_line' id='line_1_74' title="bbox 946 2057 1655 2095; baseline -0.001 -9"><span class='ocrx_word' id='word_1_420' title='bbox 946 2057 997 2086; x_wconf 84' lang='lat' dir='ltr'>ait.</span> <span class='ocrx_word' id='word_1_421' title='bbox 1005 2057 1087 2094; x_wconf 69' lang='lat' dir='ltr'>ferri</span> <span class='ocrx_word' id='word_1_422' title='bbox 1101 2057 1218 2090; x_wconf 78' lang='lat' dir='ltr'>robora,</span> <span class='ocrx_word' id='word_1_423' title='bbox 1245 2062 1361 2091; x_wconf 83' lang='lat' dir='ltr'>ornate,</span> <span class='ocrx_word' id='word_1_424' title='bbox 1376 2067 1432 2095; x_wconf 89' lang='lat' dir='ltr'>pro</span> <span class='ocrx_word' id='word_1_425' title='bbox 1451 2058 1530 2086; x_wconf 83' lang='lat' dir='ltr'>ferro</span> <span class='ocrx_word' id='word_1_426' title='bbox 1554 2057 1655 2095; x_wconf 86' lang='lat' dir='ltr'>simpl.</span> 
     </span>
     <span class='ocr_line' id='line_1_75' title="bbox 947 2095 1655 2134; baseline 0 -10"><span class='ocrx_word' id='word_1_427' title='bbox 947 2106 1002 2124; x_wconf 83' lang='lat' dir='ltr'>seu</span> <span class='ocrx_word' id='word_1_428' title='bbox 1025 2095 1130 2124; x_wconf 86' lang='lat' dir='ltr'>ferreis</span> <span class='ocrx_word' id='word_1_429' title='bbox 1156 2096 1329 2134; x_wconf 84' lang='lat' dir='ltr'>repagulis:</span> <span class='ocrx_word' id='word_1_430' title='bbox 1352 2096 1487 2124; x_wconf 80' lang='lat' dir='ltr'>Lucretii</span> <span class='ocrx_word' id='word_1_431' title='bbox 1511 2096 1655 2133; x_wconf 86' lang='lat' dir='ltr'>exemplo</span> 
     </span>
     <span class='ocr_line' id='line_1_76' title="bbox 945 2133 1655 2167; baseline 0 -4"><span class='ocrx_word' id='word_1_432' title='bbox 945 2135 999 2163; x_wconf 89' lang='lat' dir='ltr'>lib.</span> <span class='ocrx_word' id='word_1_433' title='bbox 1025 2134 1073 2167; x_wconf 90' lang='lat' dir='ltr'>II,</span> <span class='ocrx_word' id='word_1_434' title='bbox 1097 2135 1257 2163; x_wconf 62' lang='lat' dir='ltr'>:Ma—nec</span> <span class='ocrx_word' id='word_1_435' title='bbox 1284 2138 1380 2163; x_wconf 74' lang='lat' dir='ltr'>custos</span> <span class='ocrx_word' id='word_1_436' title='bbox 1406 2133 1533 2163; x_wconf 70' lang='lat' dir='ltr'>absistit.</span> <span class='ocrx_word' id='word_1_437' title='bbox 1557 2134 1655 2163; x_wconf 85' lang='lat' dir='ltr'>videri</span> 
     </span>
     <span class='ocr_line' id='line_1_77' title="bbox 940 2172 1654 2213; baseline 0 -12"><span class='ocrx_word' id='word_1_438' title='bbox 940 2177 1045 2213; x_wconf 86' lang='lat' dir='ltr'>potest</span> <span class='ocrx_word' id='word_1_439' title='bbox 1065 2173 1131 2202; x_wconf 86' lang='lat' dir='ltr'>Jani</span> <span class='ocrx_word' id='word_1_440' title='bbox 1155 2173 1273 2210; x_wconf 73' lang='lat' dir='ltr'>signum</span> <span class='ocrx_word' id='word_1_441' title='bbox 1289 2174 1318 2201; x_wconf 89' lang='lat' dir='ltr'>in</span> <span class='ocrx_word' id='word_1_442' title='bbox 1342 2173 1411 2211; x_wconf 87' lang='lat' dir='ltr'>ipso</span> <span class='ocrx_word' id='word_1_443' title='bbox 1438 2172 1545 2211; x_wconf 85' lang='lat' dir='ltr'>templi</span> <span class='ocrx_word' id='word_1_444' title='bbox 1571 2173 1654 2201; x_wconf 77' lang='lat' dir='ltr'>aditu</span> 
     </span>
     <span class='ocr_line' id='line_1_78' title="bbox 942 2212 1654 2251; baseline -0.001 -10"><span class='ocrx_word' id='word_1_445' title='bbox 942 2216 987 2251; x_wconf 71' lang='grc' dir='ltr'>(ἐν</span> <span class='ocrx_word' id='word_1_446' title='bbox 999 2214 1124 2251; x_wconf 68' lang='grc' dir='ltr'>προνάῳ)</span> <span class='ocrx_word' id='word_1_447' title='bbox 1139 2213 1275 2240; x_wconf 79' lang='lat' dir='ltr'>stetisse.</span> <span class='ocrx_word' id='word_1_448' title='bbox 1318 2212 1438 2241; x_wconf 84' lang='lat' dir='ltr'>Verbo:</span> <span class='ocrx_word' id='word_1_449' title='bbox 1462 2213 1555 2249; x_wconf 62' lang='lat' dir='ltr'>poeta</span> <span class='ocrx_word' id='word_1_450' title='bbox 1567 2212 1654 2240; x_wconf 90' lang='lat' dir='ltr'>nobis</span> 
     </span>
     <span class='ocr_line' id='line_1_79' title="bbox 943 2250 1654 2289; baseline -0.003 -8"><span class='ocrx_word' id='word_1_451' title='bbox 943 2252 1087 2289; x_wconf 82' lang='lat' dir='ltr'>templum</span> <span class='ocrx_word' id='word_1_452' title='bbox 1111 2251 1179 2279; x_wconf 86' lang='lat' dir='ltr'>Jani</span> <span class='ocrx_word' id='word_1_453' title='bbox 1208 2250 1333 2280; x_wconf 83' lang='lat' dir='ltr'>exhibet</span> <span class='ocrx_word' id='word_1_454' title='bbox 1355 2251 1413 2279; x_wconf 84' lang='lat' dir='ltr'>bac</span> <span class='ocrx_word' id='word_1_455' title='bbox 1441 2250 1561 2289; x_wconf 86' lang='lat' dir='ltr'>specie:</span> <span class='ocrx_word' id='word_1_456' title='bbox 1585 2260 1654 2279; x_wconf 79' lang='lat' dir='ltr'>esse</span> 
     </span>
     <span class='ocr_line' id='line_1_80' title="bbox 945 2285 1656 2327; baseline -0.003 -7"><span class='ocrx_word' id='word_1_457' title='bbox 945 2285 1039 2320; x_wconf 74' lang='lat' dir='ltr'>aedem</span> <span class='ocrx_word' id='word_1_458' title='bbox 1064 2289 1158 2324; x_wconf 86' lang='lat' dir='ltr'>Belli,</span> <span class='ocrx_word' id='word_1_459' title='bbox 1182 2289 1299 2327; x_wconf 82' lang='lat' dir='ltr'>gemino</span> <span class='ocrx_word' id='word_1_460' title='bbox 1324 2290 1419 2324; x_wconf 80' lang='lat' dir='ltr'>aditu,</span> <span class='ocrx_word' id='word_1_461' title='bbox 1445 2291 1483 2318; x_wconf 95' lang='lat' dir='ltr'>ab</span> <span class='ocrx_word' id='word_1_462' title='bbox 1503 2289 1603 2318; x_wconf 86' lang='lat' dir='ltr'>antica</span> <span class='ocrx_word' id='word_1_463' title='bbox 1625 2293 1656 2318; x_wconf 88' lang='lat' dir='ltr'>et</span> 
     </span>
     <span class='ocr_line' id='line_1_81' title="bbox 942 2328 1654 2368; baseline 0 -11"><span class='ocrx_word' id='word_1_464' title='bbox 942 2329 1059 2368; x_wconf 70' lang='lat' dir='ltr'>postica</span> <span class='ocrx_word' id='word_1_465' title='bbox 1072 2333 1168 2367; x_wconf 64' lang='lat' dir='ltr'>parte,</span> <span class='ocrx_word' id='word_1_466' title='bbox 1181 2332 1263 2365; x_wconf 74' lang='grc' dir='ltr'>(ναὸν</span> <span class='ocrx_word' id='word_1_467' title='bbox 1277 2329 1522 2364; x_wconf 74' lang='grc' dir='ltr'>ἀμφιπρόστυλον)</span> <span class='ocrx_word' id='word_1_468' title='bbox 1539 2328 1654 2357; x_wconf 66' lang='lat' dir='ltr'>clausis</span> 
     </span>
     <span class='ocr_line' id='line_1_82' title="bbox 941 2367 1655 2405; baseline -0.001 -8"><span class='ocrx_word' id='word_1_469' title='bbox 941 2369 1059 2398; x_wconf 78' lang='lat' dir='ltr'>foribus</span> <span class='ocrx_word' id='word_1_470' title='bbox 1097 2368 1233 2400; x_wconf 75' lang='lat' dir='ltr'>serratis,</span> <span class='ocrx_word' id='word_1_471' title='bbox 1264 2371 1364 2405; x_wconf 77' lang='lat' dir='ltr'>posito</span> <span class='ocrx_word' id='word_1_472' title='bbox 1403 2367 1439 2395; x_wconf 89' lang='lat' dir='ltr'>ad</span> <span class='ocrx_word' id='word_1_473' title='bbox 1469 2368 1549 2395; x_wconf 87' lang='lat' dir='ltr'>sores</span> <span class='ocrx_word' id='word_1_474' title='bbox 1585 2368 1655 2396; x_wconf 86' lang='lat' dir='ltr'>Jani</span> 
     </span>
     <span class='ocr_line' id='line_1_83' title="bbox 944 2406 1655 2446; baseline -0.003 -10"><span class='ocrx_word' id='word_1_475' title='bbox 944 2408 1050 2446; x_wconf 87' lang='lat' dir='ltr'>signo:</span> <span class='ocrx_word' id='word_1_476' title='bbox 1075 2407 1193 2444; x_wconf 88' lang='lat' dir='ltr'>quoties</span> <span class='ocrx_word' id='word_1_477' title='bbox 1220 2406 1330 2435; x_wconf 87' lang='lat' dir='ltr'>bellum</span> <span class='ocrx_word' id='word_1_478' title='bbox 1347 2416 1364 2435; x_wconf 91' lang='lat' dir='ltr'>a</span> <span class='ocrx_word' id='word_1_479' title='bbox 1378 2406 1488 2435; x_wconf 87' lang='lat' dir='ltr'>Senatu</span> <span class='ocrx_word' id='word_1_480' title='bbox 1502 2406 1655 2435; x_wconf 81' lang='lat' dir='ltr'>decretum</span> 
     </span>
     <span class='ocr_line' id='line_1_84' title="bbox 943 2445 1654 2480; baseline -0.003 -5"><span class='ocrx_word' id='word_1_481' title='bbox 943 2447 1048 2480; x_wconf 84' lang='lat' dir='ltr'>fuerit,</span> <span class='ocrx_word' id='word_1_482' title='bbox 1073 2445 1237 2474; x_wconf 84' lang='lat' dir='ltr'>Consulem</span> <span class='ocrx_word' id='word_1_483' title='bbox 1261 2454 1398 2474; x_wconf 84' lang='lat' dir='ltr'>reserare</span> <span class='ocrx_word' id='word_1_484' title='bbox 1418 2445 1510 2480; x_wconf 84' lang='lat' dir='ltr'>fores,</span> <span class='ocrx_word' id='word_1_485' title='bbox 1538 2445 1654 2474; x_wconf 86' lang='lat' dir='ltr'>bellum</span> 
     </span>
     <span class='ocr_line' id='line_1_85' title="bbox 944 2483 1459 2518; baseline -0.004 -4"><span class='ocrx_word' id='word_1_486' title='bbox 944 2485 1077 2514; x_wconf 80' lang='lat' dir='ltr'>indicere</span> <span class='ocrx_word' id='word_1_487' title='bbox 1091 2494 1097 2518; x_wconf 88' lang='lat'><em>;</em></span> <span class='ocrx_word' id='word_1_488' title='bbox 1120 2488 1182 2512; x_wconf 84' lang='lat' dir='ltr'>tum</span> <span class='ocrx_word' id='word_1_489' title='bbox 1200 2483 1266 2512; x_wconf 86' lang='lat' dir='ltr'>cani</span> <span class='ocrx_word' id='word_1_490' title='bbox 1282 2484 1459 2513; x_wconf 83' lang='lat' dir='ltr'>classicum.</span> 
     </span>
    </p>

    <p class='ocr_par' dir='ltr' id='par_1_18' title="bbox 942 2522 1657 2757">
     <span class='ocr_line' id='line_1_86' title="bbox 982 2522 1655 2560; baseline -0.006 -7"><span class='ocrx_word' id='word_1_491' title='bbox 982 2526 1015 2553; x_wconf 84' lang='grc'>61</span> <span class='ocrx_word' id='word_1_492' title='bbox 1025 2525 1138 2552; x_wconf 80' lang='grc'><strong>1-615</strong></span> <span class='ocrx_word' id='word_1_493' title='bbox 1152 2522 1221 2551; x_wconf 78' lang='lat' dir='ltr'>Has</span> <span class='ocrx_word' id='word_1_494' title='bbox 1234 2527 1348 2560; x_wconf 85' lang='lat' dir='ltr'>portas,</span> <span class='ocrx_word' id='word_1_495' title='bbox 1366 2522 1521 2552; x_wconf 76' lang='lat' dir='ltr'>stridentia</span> <span class='ocrx_word' id='word_1_496' title='bbox 1541 2522 1655 2555; x_wconf 78' lang='lat' dir='ltr'>limina,</span> 
     </span>
     <span class='ocr_line' id='line_1_87' title="bbox 943 2561 1657 2596; baseline -0.006 -4"><span class='ocrx_word' id='word_1_497' title='bbox 943 2566 1060 2592; x_wconf 79' lang='lat' dir='ltr'>reserat</span> <span class='ocrx_word' id='word_1_498' title='bbox 1083 2561 1197 2590; x_wconf 85' lang='lat' dir='ltr'>Consul</span> <span class='ocrx_word' id='word_1_499' title='bbox 1218 2562 1383 2591; x_wconf 78' lang='lat' dir='ltr'>trabeatus,</span> <span class='ocrx_word' id='word_1_500' title='bbox 1424 2562 1554 2595; x_wconf 76' lang='lat' dir='ltr'>Trabea,</span> <span class='ocrx_word' id='word_1_501' title='bbox 1582 2561 1657 2596; x_wconf 81' lang='lat' dir='ltr'>Qui-</span> 
     </span>
     <span class='ocr_line' id='line_1_88' title="bbox 943 2600 1655 2639; baseline -0.003 -10"><span class='ocrx_word' id='word_1_502' title='bbox 943 2601 1059 2633; x_wconf 73' lang='lat' dir='ltr'>rinalis,</span> <span class='ocrx_word' id='word_1_503' title='bbox 1076 2600 1168 2633; x_wconf 73' lang='lat' dir='ltr'>dicta,</span> <span class='ocrx_word' id='word_1_504' title='bbox 1184 2604 1268 2638; x_wconf 79' lang='lat' dir='ltr'>puto,</span> <span class='ocrx_word' id='word_1_505' title='bbox 1284 2601 1365 2638; x_wconf 84' lang='lat' dir='ltr'>quod</span> <span class='ocrx_word' id='word_1_506' title='bbox 1380 2601 1423 2629; x_wconf 85' lang='lat' dir='ltr'>uti</span> <span class='ocrx_word' id='word_1_507' title='bbox 1439 2600 1590 2639; x_wconf 71' lang='lat' dir='ltr'>Regibus,</span> <span class='ocrx_word' id='word_1_508' title='bbox 1612 2600 1655 2627; x_wconf 86' lang='lat' dir='ltr'>ita</span> 
     </span>
     <span class='ocr_line' id='line_1_89' title="bbox 944 2638 1656 2677; baseline -0.004 -9"><span class='ocrx_word' id='word_1_509' title='bbox 944 2640 1003 2677; x_wconf 83' lang='lat' dir='ltr'>ipsi</span> <span class='ocrx_word' id='word_1_510' title='bbox 1031 2639 1174 2671; x_wconf 80' lang='lat' dir='ltr'>Romulo.</span> <span class='ocrx_word' id='word_1_511' title='bbox 1201 2640 1313 2668; x_wconf 72' lang='lat' dir='ltr'>trabea¹</span> <span class='ocrx_word' id='word_1_512' title='bbox 1332 2640 1430 2668; x_wconf 84' lang='lat' dir='ltr'>fuerat</span> <span class='ocrx_word' id='word_1_513' title='bbox 1448 2649 1533 2667; x_wconf 86' lang='lat' dir='ltr'>usus.</span> <span class='ocrx_word' id='word_1_514' title='bbox 1573 2638 1656 2666; x_wconf 78' lang='lat' dir='ltr'>Plin.</span> 
     </span>
     <span class='ocr_line' id='line_1_90' title="bbox 943 2678 1656 2715; baseline -0.003 -10"><span class='ocrx_word' id='word_1_515' title='bbox 943 2679 1039 2709; x_wconf 78' lang='lat' dir='ltr'>Vlll.</span> <span class='ocrx_word' id='word_1_516' title='bbox 1054 2679 1090 2706; x_wconf 57' lang='lat' dir='ltr'>{S</span> <span class='ocrx_word' id='word_1_517' title='bbox 1105 2688 1130 2706; x_wconf 75' lang='lat' dir='ltr'>S.</span> <span class='ocrx_word' id='word_1_518' title='bbox 1140 2679 1179 2706; x_wconf 76' lang='grc'>74</span> <span class='ocrx_word' id='word_1_519' title='bbox 1194 2687 1200 2704; x_wconf 78' lang='lat' dir='ltr'>z</span> <span class='ocrx_word' id='word_1_520' title='bbox 1218 2678 1340 2707; x_wconf 65' lang='lat' dir='ltr'>Trabm&#39;s</span> <span class='ocrx_word' id='word_1_521' title='bbox 1353 2689 1420 2706; x_wconf 70' lang='lat' dir='ltr'>usos</span> <span class='ocrx_word' id='word_1_522' title='bbox 1430 2678 1540 2715; x_wconf 70' lang='lat' dir='ltr'>arripio</span> <span class='ocrx_word' id='word_1_523' title='bbox 1554 2686 1656 2712; x_wconf 67' lang='lat' dir='ltr'>reyes:</span> 
     </span>
     <span class='ocr_line' id='line_1_91' title="bbox 942 2717 1653 2757; baseline -0.004 -10"><span class='ocrx_word' id='word_1_524' title='bbox 942 2721 973 2747; x_wconf 77' lang='lat' dir='ltr'>et</span> <span class='ocrx_word' id='word_1_525' title='bbox 999 2718 1066 2752; x_wconf 84' lang='lat' dir='ltr'>IX,</span> <span class='ocrx_word' id='word_1_526' title='bbox 1080 2717 1120 2746; x_wconf 78' lang='lat'>3⁴.)</span> <span class='ocrx_word' id='word_1_527' title='bbox 1140 2727 1165 2746; x_wconf 80' lang='lat' dir='ltr'>s.</span> <span class='ocrx_word' id='word_1_528' title='bbox 1182 2717 1239 2746; x_wconf 80' lang='lat'>63:</span> <span class='ocrx_word' id='word_1_529' title='bbox 1263 2719 1412 2757; x_wconf 76' lang='lat' dir='ltr'>Purpurcc</span> <span class='ocrx_word' id='word_1_530' title='bbox 1435 2726 1518 2746; x_wconf 75' lang='lat' dir='ltr'>usum</span> <span class='ocrx_word' id='word_1_531' title='bbox 1544 2725 1653 2753; x_wconf 74' lang='lat' dir='ltr'>semper</span> 
     </span>
    </p>
   </div>
  </div>
 </body>
</html>
