1796 3077
632 246 900 286 AENEIDOS.

958 247 1059 287 ΜΒ.
1087 249 1118 287 1.
1498 254 1594 301 233

199 365 409 420 *Quisquis
430 381 487 416 οε,
511 366 638 417 haud,
661 370 802 418 credo,
823 369 978 411 invisus
1000 370 1240 412 coelestibus
1260 385 1382 412 auras

144 419 308 464 Vitales
329 424 478 478 carpis,
500 423 673 478 Tyriam
693 428 764 480 qui
785 427 1002 468 adveneris
1024 429 1186 469 urbem.

143 476 280 533 Perge
301 481 440 529 modo,
462 488 587 535 atque
607 481 704 523 hinc
726 490 766 523 te
787 484 942 538 reginae
963 484 1017 524 ad
1036 484 1176 525 limina
1193 485 1347 540 perfer.

140 533 338 590 Namque
359 538 434 578 tibi
454 538 631 579 reduces
652 540 786 580 socios
807 539 1064 594 classemque
1084 541 1257 582 relatam
1504 541 1587 581 390

140 589 319 642 Nuntio,
341 601 383 634 et
403 595 444 635 iii
465 602 612 644 tutum,
635 597 762 636 versis
785 595 1062 649 aquilonibus,
1084 606 1232 648 actam,

137 646 198 688 Ni
217 648 375 691 frustra
394 652 615 705 augurium
637 654 730 693 vani
750 653 932 694 docuere
950 662 1162 708 parentes.

137 703 296 758 Aspice
318 707 381 748 bis
402 722 524 749 senos
543 707 732 750 laetantes
752 710 916 763 agmine
937 725 1089 764 cycnos
1106 728 1115 760 ;

137 760 337 804 AEtheria
357 779 462 818 quos
482 764 600 819 lapsa
619 765 744 820 plaga
761 766 788 806 J
792 767 878 807 ovis
894 766 980 807 ales
1000 776 1148 821 aperto

136 816 362 860 Turbabat
382 820 489 861 coelo
507 836 515 860 ε
548 836 659 862 nunc
679 829 810 862 terras
833 824 979 863 ordine
1000 822 1127 877 longo

1502 823 1585 863 395

135 873 227 915 Aut
246 890 398 930 capere
420 884 493 917 aut
512 885 658 931 captas
674 878 763 932 jam
779 879 1028 932 despectare
1047 880 1258 921 videntur.

137 929 198 971 Ut
218 932 395 973 reduces
416 932 473 973 illi
492 932 644 974 ludunt
664 934 936 975 stridentibus
957 935 1043 984 alis,

133 985 193 1028 Et
212 996 326 1029 coetu
346 990 515 1030 cinxere
535 990 690 1043 polum,
713 998 944 1045 cantusque
966 992 1140 1041 dedere,

133 1043 266 1086 Haud
288 1045 407 1086 aliter
428 1061 678 1101 puppesque
700 1054 784 1087 tuae
804 1048 1023 1101 pubesque
1045 1056 1213 1090 tuorum

132 1099 224 1142 Aut
243 1109 412 1155 portum
429 1111 558 1150 tenet,
579 1111 652 1144 aut
671 1103 796 1157 pleno
816 1105 929 1145 subit
949 1105 1054 1145 ostia
1073 1105 1183 1145 velo.

1499 1106 1538 1145 4(
1544 1108 1582 1145 )O

132 1157 271 1212 Perge
292 1159 430 1208 modo,
452 1167 505 1208 et,
527 1175 610 1213 qua
630 1167 671 1200 te
693 1160 809 1201 ducit
828 1161 905 1210 via,
928 1161 1061 1215 dirige
1081 1175 1284 1215 gressum.

188 1214 323 1263 Dixit,
345 1223 387 1256 et
406 1223 598 1256 avertens
619 1231 741 1257 rosea
761 1217 922 1258 cervice
944 1217 1120 1267 refulsit,

128 1270 453 1326 Ambrosiaeque
475 1287 605 1313 coniae
627 1273 812 1314 divinum
829 1274 984 1314 vertice
1001 1274 1174 1315 odorem

131 1326 380 1382 Spiravere;
411 1329 543 1383 pedes
561 1329 686 1371 vestis
707 1329 887 1372 defluxit
907 1330 961 1373 ad
980 1331 1095 1381 imos,

127 1456 218 1515 {assa
231 1449 315 1488 queri
328 1449 427 1488 plura,
441 1452 495 1479 οὔδ’
511 1454 555 1480 εἴα
576 1454 682 1480 κλαίειν
701 1451 789 1482 Iliad.
805 1465 831 1487 η,

167 1526 307 1555 387.·388
322 1527 446 1556 Ornate.
488 1528 516 1557 O
539 1538 641 1558 carum
656 1533 684 1559 te
700 1530 831 1568 superis,

128 1573 197 1592 cum
212 1564 420 1604 Carthaginem
442 1566 557 1596 delatus
580 1567 639 1596 sis!
662 1569 711 1597 27.
731 1568 833 1596 vitales

127 1612 217 1631 auras
230 1613 268 1632 ex
283 1605 404 1642 antiquo
418 1615 554 1634 sermone
569 1605 670 1639 habet,
684 1606 748 1635 vid.
763 1617 792 1635 v.
808 1617 834 1635 c.

127 1640 250 1671 Lucret.
270 1642 338 1677 ΙΙΙ,
359 1644 428 1672 406.
443 1647 473 1672 et
488 1644 624 1672 aih—390
642 1644 771 1672 Classem
787 1655 833 1673 re-

126 1678 229 1714 latam,
248 1681 412 1715 reductam,
433 1682 585 1716 reducem,
610 1683 701 1711 versis
722 1683 832 1721 aquilo-

123 1717 219 1753 nibus,
246 1719 275 1747 h.
303 1729 330 1748 e.
356 1720 454 1749 ventis
482 1721 616 1755 mutatis,
652 1722 832 1751 secundante

127 1761 230 1790 vento,
244 1757 299 1786 siin
323 1757 431 1787 liciter.
471 1759 546 1788 Mox
558 1759 626 1787 vani
639 1760 676 1788 ad
699 1765 833 1789 ornatum

124 1796 255 1834 egregie.
330 1807 402 1825 anus
424 1807 480 1826 non
493 1799 582 1827 modo
595 1798 645 1836 qui
660 1798 832 1836 pollicetur,

125 1843 193 1870 quae
207 1838 355 1871 praestare
368 1836 482 1874 nequit,
496 1837 550 1865 sed
566 1842 596 1866 et
609 1836 659 1874 qni
671 1837 832 1874 profitetur

121 1872 170 1900 vel
193 1872 297 1901 falsam
312 1873 360 1902 vel
382 1874 496 1903 inanem
515 1874 831 1904 doctrinam.——-393--

124 1910 184 1939 899
204 1911 374 1940 Duodecim
401 1922 491 1942 naves
519 1923 585 1941 cum
610 1913 739 1947 Antheo,
760 1913 829 1943 Ser-

122 1952 222 1986 gesto,
244 1949 449 1989 Cloant'hoque
475 1955 609 1980 servatas
630 1961 700 1980 niox
716 1962 745 1980 v.
760 1953 829 1982 581.

119 1986 305 2016 videbimus.
346 1989 413 2018 Has
429 1990 554 2018 totidem
575 1990 674 2019 olores
690 1990 827 2024 innuunt,

122 2034 209 2062 quos,
222 2027 259 2055 ab
273 2027 373 2065 aquila
386 2028 475 2056 modo
487 2029 613 2067 agitatos
628 2033 657 2057 et
672 2029 825 2067 dispersos

120 2063 196 2101 (hoc
224 2064 373 2103 significat
398 2066 560 2102 turbabat),
596 2067 681 2096 hoste
708 2069 825 2102 abacto,

118 2101 306 2132 ludibundos
318 2104 557 2143 plaudentesque
568 2105 597 2133 in
609 2110 719 2135 terram
732 2106 824 2134 devo-

121 2139 184 2168 lare
206 2142 338 2171 ostendit
359 2143 473 2173 Venus.
493 2148 593 2182 aperto
613 2143 691 2178 coelo,
713 2144 761 2173 alii
778 2154 825 2173 se-

121 2187 204 2221 reno,
227 2188 283 2217 ego
302 2181 401 2209 malini
416 2192 470 2219 pro
484 2182 591 2217 libero,
604 2184 710 2221 pervio
725 2182 826 2211 volan-

121 2217 214 2245 tibus.
254 2218 331 2253 Quae
346 2225 521 2257 sequuntur.
538 2221 620 2250 varie
640 2221 826 2259 accipiuntur

121 2258 152 2283 et
169 2255 273 2293 ‘accipi
297 2261 433 2293 possunt.
472 2259 549 2287 Mihi
570 2259 826 2298 simplicissimum

121 2292 244 2322 videtur
258 2303 369 2360 cfgnos
383 2295 560 2335 intelligere,
582 2298 633 2336 qui
649 2308 665 2326 a
678 2298 763 2327 litore
776 2298 827 2327 vel

123 2331 214 2360 maris
235 2342 272 2360 ve
308 2332 437 2361 fluminis
456 2334 486 2362 in
506 2336 602 2364 aerem
624 2337 827 2370 evulaverant,

121 2379 245 2408 eosque,
261 2371 346 2414 hoste
359 2371 498 2408 depulso,
519 2374 629 2411 partim
651 2385 751 2413 capere
769 2379 826 2403 ter-

118 2418 197 2443 ram,
219 2409 392 2438 consedisse
414 2409 442 2437 in
463 2414 551 2446 terra,
574 2413 682 2449 partim
702 2423 740 2442 ex
756 2414 825 2442 aere

121 2446 263 2476 deorsum
285 2447 313 2476 in
333 2450 444 2476 terrani
468 2449 548 2483 fei-ri,
569 2451 657 2488 eique
680 2456 740 2480 tam
754 2461 825 2489 pro-

119 2484 249 2523 pinquos
267 2495 344 2519 esse,
366 2489 398 2514 ut
413 2490 495 2524 capta
507 2487 572 2524 jam
589 2493 668 2518 tei-ra
688 2494 718 2518 et
738 2500 827 2518 occu-

120 2527 190 2560 pata
203 2524 239 2552 ab
251 2524 327 2562 ipsis
346 2524 442 2553 videri
464 2525 579 2562 possit:
601 2528 705 2565 utjam
717 2529 825 2566 junga-

119 2565 171 2589 tur
191 2571 248 2591 non
269 2573 337 2592 cum
359 2562 531 2600 despectare,
554 2565 608 2593 sed
628 2575 695 2594 cuin
716 2571 827 2604 captas,

119 2603 223 2637 captas
244 2601 319 2639 jam,
349 2604 461 2630 tantum
489 2612 544 2630 non
572 2607 686 2639 captas.
726 2607 827 2642 Atque

121 2636 177 2665 hoc
209 2639 315 2668 melius
343 2650 411 2668 cuin
438 2650 538 2674 versu,
573 2640 623 2677 qui
651 2643 827 2679 respondet,

119 2676 179 2703 400
194 2678 352 2706 convenit:
374 2682 425 2706 αιιι
437 2683 553 2717 portum
567 2682 643 2707 tenet
665 2680 737 2716 (hoc
751 2684 826 2714 erat,

117 2716 216 2741 terras
243 2724 353 2753 capere,
381 2718 534 2755 occupare)
562 2720 612 2744 aut
634 2716 721 2754 pleno
748 2717 824 2745 subit

115 2750 194 2779 ostia
206 2752 266 2781 velo
275 2753 484 2793 (despectare).
522 2756 711 2785 Burmannus
725 2759 826 2793 captas

873 1452 909 1481 ab
924 1452 999 1486 aliis,
1021 1452 1072 1491 qui
1092 1453 1121 1482 in
1144 1456 1252 1482 tei-ram
1271 1452 1334 1517 {ani
1349 1451 1579 1487 descenderant,

872 1491 1270 1530 interpretatur.—-striclenti
1290 1490 1386 1519 usalis
1395 1491 1579 1529 exquisitius

872 1540 959 1568 quam
985 1530 1049 1559 clau
1073 1531 1202 1559 entibus.
1236 1534 1308 1557 coetu
1334 1529 1447 1557 cinxere
1469 1529 1579 1567 polum,

872 1568 986 1606 agmine
1001 1579 1055 1597 evo
1070 1573 1130 1603 ant,
1152 1568 1237 1607 quasi
1258 1567 1460 1601 exsultantes3
1478 1568 1578 1605 polum

874 1615 928 1643 pro
945 1607 1033 1635 coelo.
1047 1607 1076 1634 in
1092 1608 1191 1635 ae'rem
1211 1606 1267 1634 alis
1282 1605 1392 1634 sublati
1407 1606 1513 1634 ludunt
1526 1617 1578 1635 vo-

873 1644 959 1673 lando
973 1645 1002 1673 in
1017 1646 1131 1679 orbem,
1145 1649 1179 1674 ut
1193 1644 1301 1678 solent,
1316 1644 1361 1672 vel
1379 1654 1493 1682 gyrum.
1514 1645 1579 1674 Cui·

874 1687 971 1712 antem
986 1684 1110 1722 augurio
1124 1693 1140 1712 e
1154 1683 1260 1721 cygnis
1275 1686 1376 1711 utatur
1389 1684 1487 1719 poeta,
1498 1692 1577 1720 prae-

873 1725 933 1750 stat
947 1722 1001 1750 hoc
1015 1732 1104 1750 unum
1122 1731 1252 1755 monere,
1275 1722 1355 1759 quod
1368 1721 1477 1749 Veneri
1492 1731 1579 1751 sacra

873 1760 936 1788 avis
951 1770 1065 1798 cygnus
1087 1764 1144 1793 est,
1166 1764 1197 1789 et
1218 1760 1297 1797 quod
1314 1759 1431 1796 Cygnus
1444 1759 1474 1787 iu
1487 1770 1578 1798 auqu-

872 1797 926 1826 rz'is
946 1799 1043 1827 nautis
1061 1798 1247 1835 yratissimus
1266 1797 1348 1833 ales,·
1369 1797 1458 1825 Hunc
1478 1802 1577 1835 optant

871 1846 995 1873 semper,
1022 1837 1091 1875 quia
1121 1846 1275 1874 numquam
1305 1835 1444 1874 mergitur
1474 1836 1576 1873 undis,-

871 1874 972 1903 laudat
1008 1884 1111 1903 versus
1138 1874 1274 1910 >ServIus
1309 1884 1347 1902 ex
1381 1877 1574 1913 Ὀρνιθογονίᾳ,

871 1913 968 1942 Macri
996 1913 1115 1942 scilicet
1142 1913 1258 1942 AEmilii
1283 1913 1330 1951 (v.
1354 1912 1509 1941 Brouckh.
1538 1914 1575 1942 ad

870 1951 981 1980 Tibull.
996 1962 1027 1990 p.
1041 1952 1110 1980 274.
1124 1962 1163 1980 ex
1180 1951 1301 1980 Isidoro
1320 1950 1403 1984 XII,
1417 1951 1575 1981 7.)——Dis-

868 1990 961 2018 sicient
994 1993 1092 2019 autem
1125 1989 1217 2018 olores
1243 1994 1271 2018 et
1299 1989 1416 2027 aqnzke,
1451 1994 1574 2019 auctore

867 2028 966 2057 Plinio
980 2028 1083 2062 Xffi.
1100 2038 1125 2057 s.
1139 2030 1187 2058 95.
1200 2040 1206 2056 ;
1222 2028 1322 2057 Athen
1332 2028 1396 2061 IX,
1410 2037 1440 2065 p.
1453 2028 1520 2056 393.
1535 2029 1574 2057 D.

865 2071 984 2100 μάχεται
1011 2070 1039 2095 ὁὲ-
1064 2067 1096 2103 (ὁ
1123 2067 1234 2102 κύκνος)
1257 2069 1300 2093 καὶ
1328 2068 1365 2104 τῷ
1389 2068 1471 2103 ἀετῷ,
1494 2069 1574 2096 αὐτὸς·

865 2109 954 2139 μάχης·
967 2108 1004 2139 μὴ
1016 2108 1228 2138 προαρξάμενος,
1250 2104 1330 2132 Hluc
1345 2113 1392 2140 ap.
1408 2103 1573 2146 HOJnerum

866 2143 894 2171 in
920 2153 1081 2181 cygnorum
1109 2152 1283 2171 anserumve
1314 2145 1430 2179 gentem
1457 2151 1572 2171 irruens

866 2182 965 2219 aquila
977 2181 1137 2213 inducitur,
1160 2180 1282 2223 egregio
1305 2189 1335 2208 v.
1353 2189 1379 2208 o.
1401 2179 1469 2207 loco
1490 2179 1528 2207 Il.
1545 2193 1573 2216 ο,

865 2221 934 2249 690.
949 2230 1015 2258 sqq.
1033 2219 1074 2247 H.
1114 2219 1164 2247 Nil
1185 2220 1258 2247 facit
1272 2218 1309 2246 ad
1322 2217 1570 2255 comparationem

866 2268 961 2296 neque
975 2259 1074 2296 placet
1088 2267 1192 2286 vei-sus
1205 2268 1211 2284 :
1227 2261 1254 2285 et
1267 2260 1339 2284 coelu
1350 2255 1462 2284 cinxere
1470 2257 1571 2294 polum

866 2301 1021 2335 cantusque
1045 2296 1154 2324 dedere.
1173 2295 1319 2324 W.-399
1340 2294 1438 2323 Pnbes
1456 2299 1570 2324 tuorum

867 2336 978 2364 dictum
990 2339 1074 2373 puto,
1086 2340 1119 2363 ut
1130 2333 1213 2362 turba
1228 2338 1352 2362 tuorum.
1377 2332 1461 2361 Ostia
1470 2333 1569 2370 docte,

868 2374 895 2402 h.
910 2374 975 2402 hut
993 2374 1029 2407 V,
1043 2374 1111 2402 281.
1126 2372 1224 2400 aditus
1240 2376 1356 2410 portus.

903 2413 961 2441 402
977 2412 1114 2440 Observa
1134 2411 1253 2439 modum
1274 2409 1444 2448 praesentioe
1459 2410 1569 2440 diviuae

867 2450 1067 2479 testificandae
1091 2459 1130 2478 ex
1158 2458 1239 2477 more.
1259 2452 1408 2477 veterum.
1458 2449 1570 2486 Digre-

866 2489 950 2518 diens
965 2489 1021 2517 dea
1036 2497 1142 2516 numen
1155 2487 1253 2524 specie
1268 2487 1368 2515 divina
1382 2486 1569 2516 manifestum

868 2527 959 2562 facit;
987 2527 1022 2554 ad
1047 2526 1121 2555 lianc
1146 2525 1227 2553 refer
1248 2525 1477 2562 pulcherrimam
1502 2535 1569 2553 cer-

866 2566 973 2598 vicem,
994 2574 1109 2593 comani
1126 2563 1290 2596 odoratam,
1310 2563 1418 2601 pallam
1440 2563 1477 2591 ad
1493 2563 1568 2591 talos

866 2604 1025 2632 demissam
1046 2612 1112 2630 cum
1134 2601 1194 2630 levi
1217 2602 1345 2630 incessu.
1383 2602 1416 2630 Si
1437 2601 1465 2630 in
1486 2610 1567 2629 rosea

866 2642 972 2671 cervice
993 2650 1050 2669 non
1077 2646 1138 2668 tam
1159 2640 1280 2669 Horatii
1303 2640 1402 2669 Carin.
1420 2640 1448 2673 I,
1471 2640 1517 2671 13,
1537 2639 1566 2666 2.

867 2680 1085 2712 auctoritatem,
1111 2688 1199 2716 quain
1227 2678 1369 2707 rationem
1397 2677 1565 2708 desideras,

863 2722 913 2747 aut
958 2722 1009 2746 uta
1029 2726 1141 2745 roseum
1169 2726 1237 2745 esse
1262 2717 1377 2745 omnino
1403 2724 1494 2744 suave
1516 2713 1569 2757 yel

862 2729 1031 2794 pulchrum,
1053 2759 1103 2784 aut
1124 2754 1254 2784 colorem
1278 2755 1414 2783 floridum
1439 2761 1567 2790 exprimi

1321 2807 1348 2833 H
1369 2793 1397 2832 h
