1796 3077
619 276 892 317 AENEIDOS.

950 276 1052 317 LIB.
1083 277 1174 316 VII.
1544 286 1572 331 4
1579 284 1638 332 59

182 402 298 446 Hinc
319 404 400 446 dea
421 403 612 445 caeruleis
633 419 763 447 unum
784 405 837 446 de
857 405 1040 447 crinibus
1062 420 1243 461 anguem

182 461 379 517 Conjicit,
401 461 528 516 inque
551 462 685 503 sinum
705 463 941 517 praecordia
962 463 1016 503 ad
1037 463 1180 504 intima
1201 461 1370 504 subdit:
1395 479 1410 494 1

181 519 282 565 Quo
300 519 528 560 furibunda
550 520 720 560 domum
737 527 923 561 monstro
943 521 1196 575 permisceat
1217 534 1396 561 omnem.

177 575 270 625 Ille,
293 576 403 617 inter
423 583 559 617 vestes
581 584 623 618 et
643 576 750 618 levia
770 583 943 631 pectora
959 577 1116 631 lapsus,

175 633 375 675 Volvitur
394 641 554 675 attactu
575 633 702 684 nullo,
731 634 921 689 fallitque
941 634 1163 684 furentem,
1543 631 1629 673 350

173 690 405 745 Vipeream
424 692 631 745 inspirans
647 692 825 732 animam
842 709 851 741 3
883 691 932 732 fit
952 691 1091 733 tortile
1111 690 1217 733 collo

174 747 344 789 Aurum
364 750 511 803 ingens
533 748 720 798 coluber,
742 748 791 789 fit
811 748 950 803 longae
972 749 1098 790 taenia
1116 750 1244 797 vittae,

172 806 441 859 Innectitque
457 820 609 853 comas,
632 813 675 846 et
694 807 891 846 membris
912 806 1097 847 lubricus
1118 812 1244 846 errat.

172 863 241 904 Ac
261 864 363 903 dum
383 863 518 916 prima
537 861 627 902 lues
648 862 734 903 udo
754 861 953 916 sublapsa
972 877 1133 903 veneno

171 919 394 961 Pertentat
416 934 576 968 sensus,
599 926 726 973 atque
744 919 907 959 ossibus
922 919 1109 973 implicat
1127 919 1265 973 ignem
1284 935 1294 967 3
1543 915 1627 956 355

170 976 371 1018 Necdum
392 977 553 1017 animus
575 983 664 1016 toto
685 977 878 1030 percepit
896 984 1069 1030 pectore
1090 976 1321 1016 flammam:

170 1034 359 1083 Mollius,
377 1041 419 1074 et
439 1033 562 1074 solito
582 1041 762 1073 matrum
783 1034 836 1074 de
857 1048 987 1082 more,
1008 1033 1184 1087 loquuta
1204 1040 1268 1073 est
1288 1049 1298 1082 ς

170 1090 313 1132 Multa
333 1105 461 1145 super
481 1097 580 1130 nata
598 1089 818 1131 lacrimans
839 1089 1124 1145 Phrygiisque
1141 1088 1394 1144 hymenaeis:

168 1147 458 1189 Exsulibusne
481 1148 607 1188 datur
627 1147 824 1188 ducenda
845 1147 1024 1187 Lavinia
1044 1147 1241 1196 Teucris,

165 1205 208 1246 O
227 1206 430 1259 genitor?
462 1219 540 1245 nec
563 1211 603 1244 te
623 1205 794 1244 miseret
813 1211 1010 1258 nataeque
1032 1205 1208 1258 tuique?
1539 1201 1623 1241 360

163 1262 262 1304 Nec
282 1262 426 1303 matris
445 1262 629 1309 miseret,
651 1275 778 1315 quam
797 1261 932 1315 primo
953 1260 1147 1315 aquilone
1168 1259 1376 1314 relinquet

166 1319 380 1368 Perfidus,
398 1317 483 1359 alta
502 1326 665 1373 petens,
688 1318 874 1359 abducta
893 1319 1066 1372 virgine,
1087 1317 1235 1372 praedo
1252 1318 1268 1357 ’ἒ

163 1376 227 1418 At
245 1392 331 1418 non
352 1377 410 1417 sic
429 1375 642 1429 Phrygius
663 1382 858 1429 penetrat
877 1375 1189 1416 Lacedaemona
1206 1381 1364 1428 pastor,

164 1434 452 1487 Ledaeamque
474 1432 685 1472 Helenam
706 1431 917 1485 Trojanas
938 1432 1052 1472 vexit
1073 1432 1126 1471 ad
1142 1432 1269 1471 urbes
1288 1433 1296 1471 Ξ

163 1491 283 1538 Quid
302 1497 376 1531 tua
397 1496 542 1530 sancta
561 1488 668 1529 fides
689 1490 705 1529 ’ἲ
737 1489 841 1542 quid
862 1503 964 1529 cura
985 1489 1159 1542 antiqua
1178 1496 1361 1535 tuorum,
1535 1485 1621 1526 365

161 1549 223 1590 Et
243 1547 556 1601 consanguineo
577 1546 701 1586 toties
722 1545 821 1586 data
843 1546 1020 1586 dextera
1036 1545 1186 1586 Turno
1203 1546 1219 1584 ’ἒ

162 1606 209 1647 Si
228 1619 360 1660 gener
379 1612 557 1644 externa
576 1603 735 1657 petitur
762 1603 816 1642 de
837 1610 963 1657 gente
986 1602 1163 1650 Latinis,

160 1663 298 1717 quue
319 1661 451 1709 sedet,
472 1659 694 1713 Faunique
715 1667 912 1713 premunt
932 1667 973 1700 te
988 1659 1107 1713 jussa
1127 1659 1313 1713 parentis
1331 1674 1339 1698 :

160 1721 344 1762 Omnem
365 1717 562 1772 equidem
583 1717 760 1771 sceptris
779 1725 948 1765 terram,
967 1732 1062 1770 quae
1082 1716 1215 1757 libera
1235 1715 1388 1757 nostris

1530 1771 1615 1788 0¹⁶³*

156 1776 365 1825 Dissidet,
385 1782 604 1817 externam
623 1788 732 1824 reor,
754 1781 797 1814 et
818 1774 876 1815 sic
899 1774 1039 1815 dicere
1060 1773 1191 1814 divos.
1527 1772 1611 1812 0⁴0

157 1933 263 1963 dudum
277 1933 400 1962 immites
414 1933 486 1968 iras,
504 1932 555 1962 ubi
568 1943 597 1962 v.
611 1931 765 1962 Drakenb.
779 1941 786 1967 3
801 1935 864 1960 tum

155 1983 231 2002 vero
255 1973 408 2011 exquisite
437 1972 504 2010 ipsa
531 1972 577 2000 ira
605 1971 717 2000 dicitur
742 1980 865 2009 coquere

155 2022 208 2040 nos
222 2012 268 2041 vel
277 2016 380 2050 pectus
395 2016 537 2045 nostrum,
558 2011 588 2039 h.
604 2010 728 2047 agitare,
742 2019 864 2039 vexare.

154 2051 213 2080 340
225 2051 316 2086 Huic,
339 2051 369 2079 in
385 2051 580 2079 hana—mox
592 2050 650 2078 349
662 2049 734 2078 levia
749 2059 765 2078 e
790 2049 864 2078 ithe-

154 2093 205 2118 ton
219 2089 341 2128 egregie
356 2089 521 2122 delectum,
545 2092 577 2117 ut
592 2088 746 2126 serpentis
780 2088 860 2116 ubri-

155 2138 223 2156 cum
248 2128 366 2166 lapsum
396 2129 544 2166 adjuvet;
577 2127 651 2156 alias
680 2132 726 2156 est
760 2127 860 2160 molle,

153 2166 471 2205 tenerum.—fallilque
491 2168 652 2204 ficrentem,
679 2166 755 2195 latet
781 2176 854 2200 eam,

154 2205 228 2234 dum
242 2204 384 2234 volvitur.
418 2206 502 2234 Bene
513 2206 602 2234 Serv.
616 2204 676 2234 sine
691 2204 861 2243 {recipientis

152 2254 249 2274 semu.
276 2243 586 2282 Nisimalisjungere:
606 2244 689 2282 fallit
701 2243 858 2282 inspirans,

154 2286 256 2311 ἔλαθεν
281 2284 421 2311 εὶσπνὲων.
461 2282 571 2311 Afilare
592 2287 690 2311 autem
706 2283 858 2320 putandus

153 2326 202 2350 est
225 2331 349 2359 serpens
367 2321 462 2349 halitu
479 2326 635 2355 venenato,
657 2325 797 2359 tauquam
812 2322 858 2350 fu-

153 2360 231 2389 roris
259 2369 331 2389 aura
353 2359 475 2397 antiqua
497 2363 605 2397 pectus
631 2360 755 2398 reginae,
780 2359 860 2389 circa

153 2399 235 2438 quod
264 2402 357 2433 errat,
382 2398 511 2427 nondum
534 2398 673 2436 illapsus,
696 2402 729 2426 ut
753 2408 769 2427 e
792 2409 857 2437 sqq.

151 2441 248 2476 patet.
289 2437 397 2466 Halitu
412 2440 521 2471 autem,
536 2437 655 2474 spiritu,
682 2436 792 2471 afflatu,
811 2438 858 2466 di-

151 2477 247 2506 cimus
277 2476 341 2505 fieri
369 2486 414 2509 ea,
442 2485 509 2514 quae
535 2485 589 2512 per
612 2485 718 2504 sensus
743 2476 857 2505 animos

154 2515 303 2553 attingere
317 2519 348 2543 et
362 2514 478 2543 afficere
493 2513 741 2543 videntu1·.—1lla
754 2525 783 2543 v.
798 2516 852 2544 351

152 2555 248 2583 ——353
256 2553 309 2582 Fit
321 2553 416 2582 tortile
425 2552 496 2582 collo
508 2556 566 2580 etc.
577 2553 677 2581 nescio
686 2562 722 2581 an
731 2563 787 2591 pro
795 2554 860 2592 epi—

150 2602 187 2621 ca
200 2592 348 2631 dignitate
360 2592 446 2621 nimis
468 2591 621 2629 ingeniosa
642 2591 712 2620 sint.
747 2592 858 2622 Ovidio

152 2631 281 2660 fortasse
315 2641 350 2660 ea
373 2631 535 2660 condones.
565 2629 652 2657 taem'a
674 2629 772 2666 vietae5
789 2631 818 2660 h.
833 2643 860 2661 e.

151 2670 240 2699 vitta.
261 2668 319 2698 nisi
332 2670 454 2708 proprie
467 2669 496 2698 h.
509 2669 528 2697 l.
543 2678 611 2697 oras
626 2672 657 2696 et
670 2668 790 2697 vincula
803 2671 861 2700 vit-

152 2713 249 2737 tarum
273 2708 319 2737 vel
346 2709 507 2737 fasciarum
531 2707 731 2744 dependentia
759 2709 861 2739 toenias

152 2747 244 2784 dixit,
260 2747 378 2777 tortiles
392 2751 423 2777 et
438 2746 627 2785 serpentibus
643 2745 765 2775 similes.

944 1930 1100 1960 354—357
1115 1930 1220 1959 Primo
1241 1928 1351 1958 suroris
1376 1939 1499 1959 accessu
1521 1929 1549 1956 in
1574 1928 1617 1957 la·—

905 1974 1005 1999 meuta
1019 1970 1113 1998 fertur
1130 1969 1251 1998 Amata.
1279 1968 1391 2001 l1ws,ut
1404 1969 1492 2002 tabes,
1508 1967 1616 2002 sanies,

905 2018 959 2046 pro
975 2018 1101 2041 veneno,
1115 2008 1143 2037 h.
1160 2008 1180 2037 l.
1198 2012 1246 2036 est
1259 2007 1368 2036 halitus
1383 2007 1433 2036 ille
1448 2011 1613 2036 venenatus

905 2051 936 2075 et
958 2047 1112 2081 humidus,
1139 2047 1214 2075 unde
1241 2045 1301 2073 lues
1327 2045 1381 2074 udo
1411 2056 1527 2080 veneno,
1555 2055 1614 2083 quo

902 2086 1033 2114 afflatum
1057 2086 1175 2113 Amatae
1202 2087 1319 2122 pectus.
1368 2084 1611 2114 Ovidius'modo

901 2134 958 2152 non
993 2123 1133 2152 dissimili
1168 2122 1320 2160 scorpium
1355 2122 1433 2160 niyrz'
1466 2123 1611 2150 madidum

899 2163 1002 2191 sudore
1036 2161 1134 2190 veneni
1163 2161 1244 2190 dixit
1273 2161 1307 2188 II
1338 2161 1417 2191 Met.
1450 2162 1517 2196 198,
1553 2170 1610 2189 non

900 2202 985 2240 quasi
1014 2201 1166 2230 exsudare
1197 2210 1265 2228 eum
1290 2209 1436 2228 venenum
1471 2199 1612 2228 credide-

899 2242 958 2277 rit3
981 2240 1033 2269 sed
1054 2240 1142 2268 sudor
1165 2237 1275 2272 veneni,
1294 2237 1411 2272 humor,
1432 2239 1535 2276 poetae
1564 2242 1612 2267 est

898 2279 1061 2318 elegantior
1085 2278 1162 2307 ratio
1188 2286 1243 2315 pro
1266 2286 1391 2309 veneno,
1411 2277 1492 2315 quod
1514 2277 1612 2306 hnmi—

898 2319 968 2347 dum
985 2319 1126 2353 diceres3
1148 2315 1279 2344 madidus
1303 2318 1402 2343 autem
1430 2316 1548 2345 omnino
1573 2316 1611 2345 ad

900 2357 1095 2395 profluentem
1126 2356 1188 2384 oris
1211 2353 1321 2383 saniem
1349 2357 1476 2392 spectat·
1529 2356 1611 2385 Insi-

898 2400 970 2424 nuat
1000 2395 1051 2424 ille
1081 2405 1113 2423 se
1138 2394 1167 2422 in
1201 2391 1368 2431 praecordia
1397 2396 1427 2421 et
1462 2393 1608 2424 animum:

898 2435 1055 2463 Pertentat
1076 2444 1186 2466 sensus,
1209 2431 1301 2465 subit,
1317 2436 1346 2459 et
1361 2431 1472 2466 ossibus
1483 2432 1609 2471 implicat

897 2472 1000 2511 iynem,
1025 2477 1173 2511 quatenus
1195 2471 1313 2498 flamma
1341 2469 1609 2510 circun1volvitur3

900 2513 1004 2541 eadem
1025 2510 1142 2549 vulgari
1165 2509 1297 2537 oratione
1319 2509 1434 2550 ambire
1458 2513 1488 2538 et
1510 2510 1607 2540 invol-

897 2561 968 2580 vere
982 2560 1044 2578 rem
1059 2549 1182 2578 dicitur.

937 2589 1105 2617 359—372.
1145 2585 1305 2615 Exsulibus
1335 2586 1455 2615 Teucris
1483 2588 1606 2626 gravius

900 2638 988 2666 quam
1003 2628 1134 2660 Teucro,
1145 2629 1178 2654 ut
1192 2635 1259 2664 sup.
1271 2626 1310 2654 98
1324 2635 1330 2653 :
1351 2625 1479 2655 Externi
1490 2627 1606 2655 veniunt

899 2666 999 2705 yeneri
1019 2670 1049 2694 et
1062 2665 1129 2693 alia.
1202 2668 1319 2693 uantam
1334 2664 1395 2693 vim
1409 2665 1518 2694 habent
1531 2665 1583 2693 illa
1596 2675 1604 2693 ε

902 2715 952 2734 nec
971 2703 1174 2742 matris-pree
1218 2703 1326 2732 l—362
1345 2705 1389 2732 At
1413 2714 1468 2731 non
1489 2703 1530 2732 sic
1538 2712 1548 2738 ,·
1571 2708 1605 2732 ut

901 2743 1011 2782 vulgo:
1033 2743 1119 2782 quasi
1142 2752 1199 2772 non
1220 2741 1310 2771 simili
1332 2742 1420 2771 modo
1437 2742 1524 2771 Paris
1541 2741 1605 2771 Hem
