1796 3077
534 223 801 264 AENEIDOS.

112 344 324 389 Dextrum
346 345 485 400 Scylla
506 345 625 395 latus,
646 345 795 387 laevum
816 346 1037 400 implacata
1058 345 1296 400 Charybdis

860 225 962 265 LlB.
993 227 1068 265 111.
1461 235 1555 278 313

1470 351 1554 391 420

111 403 305 453 Obsidet,
328 411 455 458 atque
474 404 555 444 imo
576 402 763 444 barathri
784 410 847 443 ter
867 404 1033 458 gurgite
1054 410 1193 444 vastos

111 461 267 502 Sorbet
286 462 327 501 in
348 462 573 514 abruptum
594 461 759 507 fluctu&
781 475 1010 514 rursusque
1031 461 1109 501 sub
1130 475 1252 501 auras

111 517 250 572 Erigit
271 517 465 566 alternos,
488 526 530 557 et
550 518 687 557 sidera
709 518 902 557 verberat
925 518 1051 558 unda.

111 573 172 614 At
195 574 375 628 Scyllam
396 575 516 615 caecis
537 574 706 615 cohibet
727 573 925 626 spelunca
944 573 1128 623 latebris,

111 630 201 671 Ora
223 639 520 678 exsertantem,
541 638 583 671 et
603 645 729 671 naves
750 631 791 669 in
813 645 914 670 saxa
935 630 1184 672 trahentem.

1469 633 1551 672 4525

111 686 253 728 Prima
275 688 451 728 hominis
474 687 617 736 facies,
641 695 682 727 et
703 685 880 740 pulchro
902 694 1074 740 pectore
1097 689 1213 741 virgo

113 743 234 785 Pube
257 753 401 793 tenus3
433 751 644 798 postrema
664 744 829 783 immani
850 758 1026 797 corpore
1049 745 1211 798 pistrix,

110 800 372 855 Delphinum
393 800 549 841 caudas
569 808 690 840 utero
711 800 928 840 commissa
948 800 1155 854 luporum.

110 857 290 898 'Praestat
308 857 517 897 Trinacrii
536 864 668 896 metas
688 855 865 896 lustrare
890 856 1078 910 Pachyni

110 914 367 962 Cessantem‚
389 912 537 966 longos
558 920 600 953 et
621 911 949 953 circumflectere
969 927 1130 962 cursus,

1470 918 1554 957 4:30

108 970 248 1016 Quam
270 969 397 1011 semel
416 970 635 1010 informem
655 976 772 1009 vasto
794 969 945 1010 vidisse
966 971 1044 1010 sub
1065 978 1184 1011 antro

106 1027 300 1081 Scyllam,
321 1034 363 1067 et
383 1025 571 1067 caeruleis
592 1026 765 1066 canibus
784 1028 1023 1066 resonantia
1043 1042 1158 1068 saxa.

108 1084 335 1132 Praeterea,
359 1084 392 1124 si
413 1098 496 1136 qua
517 1090 580 1123 est
602 1081 768 1122 Heleno
789 1083 1025 1135 prudentia,
1046 1085 1131 1124 vati

109 1141 154 1180 Si
175 1156 259 1194 qua
278 1140 398 1188 fides,
421 1140 602 1179 animum
624 1139 657 1178 si
677 1139 784 1179 veris
805 1139 949 1192 implet
969 1139 1139 1194 Apollo,

109 1197 251 1238 Unum
273 1196 374 1236 illud
396 1196 483 1244 tibi,
505 1203 602 1235 nate
619 1195 711 1244 dea,
732 1210 903 1248 praeque
925 1198 1117 1237 omnibus
1138 1211 1267 1237 unum
1467 1201 1505 1240 4:
1527 1229 1532 1238 .

1506 1202 1521 1239 »Νι

1530 1202 1550 1240 εῖτ

106 1254 353 1301 Praedicam,
375 1260 418 1293 et
437 1260 633 1306 repetens
654 1253 889 1305 iterumque
910 1252 1145 1307 iterumque
1166 1255 1369 1295 monebo:

103 1310 284 1351 Junonis
305 1324 466 1363 magnae
487 1309 667 1363 primum
688 1322 814 1362 prece
833 1323 988 1349 numen
1009 1311 1162 1351 adora:

106 1368 135 1408 J
139 1369 265 1409 unoni
285 1380 387 1408 cane
409 1373 505 1408 vota
525 1365 674 1415 libens,
695 1364 989 1421 dominamque
1011 1374 1226 1421 potentem

105 1505 247 1542 (anyusto
260 1509 332 1534 cestu
345 1505 466 1543 proprie
481 1505 596 1543 accipio
608 1516 614 1533 ι
629 1514 704 1544 aqua
717 1504 747 1534 in
761 1515 810 1534 an-

107 1544 216 1579 gustiis
224 1544 293 1572 freti
304 1548 462 1572 aestuante.
487 1543 748 1582 W.)-—420-423
762 1545 811 1573 Ex

105 1582 240 1610 Homero
269 1583 443 1611 adumbrata
470 1592 537 1611 esse
565 1593 650 1612 nemo
680 1583 810 1617 dubitat,

108 1620 221 1659 Odyss.
233 1634 263 1655 μ,
276 1622 313 1650 73
324 1632 407 1659 sqq.:
423 1622 480 1650 234
494 1631 560 1659 sqq.
574 1622 731 1651 Variorum
747 1621 812 1650 loca

105 1659 191 1688 vides
216 1669 263 1697 ap.
285 1659 410 1688 Cluver.
435 1660 560 1693 Sicil.I,
574 1662 605 1688 5.
644 1661 730 1689 Idem
743 1671 811 1689 cum

104 1698 173 1726 aliis
193 1698 308 1733 docuit,
337 1698 504 1737 Charybdin
532 1698 603 1727 nihil
625 1699 705 1728 aliud
732 1709 810 1733 esse,

104 1746 191 1774 qnam
217 1736 461 1774 impetuosiorem
485 1737 630 1766 undarum
653 1738 768 1766 fluxum
795 1748 812 1767 a

105 1775 306 1813 septentrione
319 1776 347 1804 iu
362 1780 506 1809 austrum,
520 1776 595 1804 ortis
610 1776 809 1805 vehementio-

102 1814 187 1842 ribus
203 1814 322 1843 flatibus
343 1815 380 1843 ab
401 1819 514 1848 austro,
536 1815 587 1853 qui
608 1815 692 1843 illum
711 1815 808 1853 repel-

101 1850 184 1889 lant3
205 1853 333 1890 Scyllam
358 1856 456 1882 autem
478 1853 644 1891 scopulum,
672 1854 808 1883 humanae

101 1890 230 1920 fortasse
243 1892 313 1920 olim
323 1892 440 1927 formae,
453 1892 488 1920 ad
499 1892 571 1920 litus
582 1892 692 1927 Italiae,
701 1902 807 1921 versus

103 1929 265 1968 Scyllaeum
281 1929 435 1968 oppidum.
476 1931 589 1959 Canum
605 1930 744 1959 latratum
760 1941 808 1960 as-

103 1968 244 1997 simulant
267 1968 375 1997 ssuctus
401 1969 525 2007 scopulo
550 1969 642 2006 iliisi3
671 1973 701 1998 et
719 1970 807 2007 lupos

102 2006 279 2046 belluasque
294 2017 330 2036 ex
347 2017 381 2036 ea
396 2008 479 2036 nasci
496 2018 616 2036 narrare
639 2009 737 2046 potuit
758 2019 807 2037 an-

102 2044 237 2083 tiquitas,
251 2046 390 2084 quoniam
404 2047 470 2075 loca
483 2047 571 2084 plena
584 2051 654 2076 sunt
667 2048 807 2076 monstris

103 2084 235 2112 marinis.
250 2085 290 2114 cf.
323 2085 407 2114 Serv.
422 2086 460 2114 ad
473 2086 727 2114 4lO.-Dextr11m
740 2087 808 2115 freti

102 2121 399 2161 Siculi.—-implacata
412 2133 468 2162 pro
481 2124 689 2161 implacabilis,
713 2128 744 2153 ut
759 2135 805 2153 so-

102 2159 166 2188 lent
181 2161 355 2198 scriptores,
376 2163 604 2192 saeva.—s0rbet
619 2167 806 2201 ἀναῤῥυιβὸεῖ,

103 2197 133 2225 in
144 2198 505 2237 abruptum‚profundum,
519 2212 670 2240 praeceps.
685 2202 724 2231 cf.
740 2213 807 2240 sup.

104 2236 132 2270 I,
149 2238 448 2277 105—108.—e7·i9l‘t‚
471 2243 586 2274 ἀνίησιν,
611 2241 733 2274 emittit,
755 2242 807 2270 Sed

105 2285 174 2304 cum
190 2276 228 2304 vi.
243 2286 271 2304 v.
283 2276 397 2314 Odyss.
410 2291 442 2311 μ,
455 2278 522 2313 105,
537 2279 590 2308 ubi
602 2282 656 2313 τρὶς
670 2282 711 2308 ἐπ’
725 2282 806 2313 ἤματι

104 2314 135 2343 id
155 2314 223 2343 fieri
247 2315 300 2348 ait,
324 2315 404 2352 quod
424 2316 524 2346 omisit
546 2318 639 2347 altero
661 2318 729 2346 loco
750 2320 808 2347 239

105 2363 162 2391 sq.,
184 2357 218 2382 ut
231 2353 306 2382 adeo
320 2363 374 2382 nec
393 2353 423 2381 in
436 2354 566 2392 Virgilio
587 2356 730 2387 omissum
753 2357 807 2385 mi—

102 2392 190 2425 reris,
215 2392 286 2420 dum
305 2396 349 2420 ter
371 2391 512 2430 deinceps
539 2394 569 2422 id
594 2394 657 2423 fieri
680 2395 809 2424 dixit.—

103 2431 261 2460 424—4‘28
276 2430 364 2458 Conf.
387 2430 500 2468 Odyss.
524 2431 598 2461 ibid.
622 2434 671 2462 93.
693 2435 743 2463 94.
757 2435 806 2463 99.

105 2470 172 2498 100.
187 2469 363 2498 Prominere
385 2468 426 2497 ait
442 2469 574 2507 Scyllam
595 2471 736 2509 spelunca
757 2483 807 2501 su-

104 2508 220 2545 periore
235 2507 371 2544 corporis
392 2511 489 2545 parte,
511 2512 542 2537 et
554 2519 645 2538 naves
661 2511 697 2539 ad
712 2521 743 2539 se
763 2515 806 2540 at-

103 2546 387 2579 trahere—Prima,
412 2546 564 2584 superiore
577 2549 710 2585 corporis
722 2556 807 2587 parte

103 2589 296 2622 —postrema,
318 2584 602 2622 inferiore-pistrix
616 2588 733 2616 omnino
754 2598 808 2626 pro

106 2623 206 2651 bellua
227 2623 343 2658 marini,
364 2624 513 2652 commissa
530 2624 635 2652 caudas
649 2625 809 2663 delphinum

104 2665 187 2689 utero
197 2661 338 2700 luporum,
350 2662 380 2690 h.
393 2672 420 2692 e.
435 2663 546 2690 habens
561 2663 738 2699 conjunctas
747 2665 809 2693 del-

104 2699 228 2737 phinum
241 2701 351 2729 caudas
364 2711 431 2730 cuin
444 2700 554 2739 lupinis
568 2701 755 2739 corporibus,
781 2704 810 2732 in

850 1515 917 1542 qum
953 1505 1118 1546 virgineum
1148 1510 1259 1546 pectus,
1293 1518 1403 1546 corpus
1434 1509 1554 1539 desinit.

849 1545 944 1574 Canes
957 1551 1052 1575 autem
1063 1546 1182 1575 marinae
1193 1546 1330 1576 videntur
1339 1548 1554 1587 intelligendae,

850 1583 888 1610 cf.
903 1585 1017 1622 Odyss.
1028 1598 1059 1619 μ,
1072 1586 1122 1614 90.
1133 1586 1182 1614 97.
1217 1585 1315 1614 Variis
1331 1586 1427 1616 modis
1441 1588 1478 1616 ab
1487 1587 1554 1616 Ho-

851 1631 934 1651 mero
960 1623 1028 1652 inde
1052 1623 1162 1661 Scyllae
1184 1623 1274 1652 facies
1297 1624 1443 1660 exhibita,
1472 1626 1555 1656 varie

851 1660 939 1690 etiam
960 1662 987 1690 in
1011 1662 1211 1691 monumentis
1229 1666 1386 1700 veterum;
1409 1665 1461 1693 sed
1484 1665 1554 1694 talia

851 1698 909 1729 hue
929 1710 986 1728 non
1001 1701 1195 1739 congerenda.
1236 1701 1352 1730 Sufficit
1371 1702 1553 1739 intelligere,

849 1747 908 1775 qua
935 1738 1034 1776 specie
1061 1739 1206 1778 Virgilius
1236 1739 1420 1770 exhibuerit.
1473 1742 1553 1772 Esse

850 1785 914 1804 eam
925 1778 966 1806 ait
977 1787 1103 1815 superne
1115 1778 1242 1816 puellari
1251 1789 1388 1817 corpore,
1398 1780 1553 1810 desinente

849 1814 878 1842 in
894 1815 1023 1844 belluam
1045 1817 1197 1851 marinam,
1219 1827 1285 1845 cum
1306 1817 1444 1855 luporum
1466 1820 1555 1848 mari-

848 1862 954 1882 norum
981 1856 1139 1892 protomis,
1174 1855 1227 1884 sed
1258 1856 1394 1885 caudatis
1418 1857 1552 1895 delphini

848 1901 938 1921 more.
981 1894 1029 1922 Cf.
1052 1894 1183 1923 Excurs.
1203 1894 1262 1927 IV,
1285 1895 1322 1923 ad
1341 1895 1407 1923 Ecl.
1421 1896 1479 1931 VI,
1502 1897 1553 1926 75.

846 1931 986 1960 Ceterum
1001 1933 1037 1961 ad
1054 1932 1176 1970 Virgilii
1191 1933 1229 1961 de
1243 1933 1344 1971 Scylla
1357 1943 1463 1963 versus
1478 1935 1551 1963 Mil-

846 1973 948 1998 tonum
970 1981 1041 2000 suos
1055 1972 1088 2000 de
1104 1973 1231 2001 Pecoaeo
1251 1972 1305 2009 (cf
1320 1971 1365 2000 the
1386 1972 1452 2007 Sin,
1471 1976 1551 2006 '‘A-rma

846 2008 980 2045 dixeris)
995 2010 1151 2045 formasse,
1169 2011 1231 2048 jam
1253 2010 1301 2039 alii
1325 2016 1551 2041 monuerunt.—

846 2048 1002 2076 429—432
1016 2049 1154 2077 Variavit
1172 2048 1334 2078 Homerica
1351 2050 1372 2078 1.
1389 2059 1416 2078 c.
1433 2061 1461 2078 v.
1483 2052 1551 2080 109.

847 2087 912 2114 110.
930 2086 1187 2125 circumnavigare
1202 2091 1293 2115 metas
1306 2088 1441 2125 Pachyni
1450 2089 1548 2124 docte,

845 2124 874 2151 h.
903 2135 929 2152 e.
957 2126 1190 2162 promontorium
1218 2125 1328 2154 Siciliae
1363 2127 1551 2156 australe.—

845 2167 1011 2197 cessantem,
1034 2168 1208 2196 morantem,
1225 2168 1259 2192 ut
1273 2164 1374 2198 Serv„
1390 2165 1457 2202 plus
1473 2170 1551 2195 tem-

846 2203 928 2239 poris
940 2202 968 2230 in
979 2202 1164 2240 navigatione
1173 2212 1333 2231 consumen
1339 2204 1552 2241 tem—vidisse,

846 2242 953 2269 modus
966 2241 1106 2279 loquendi
1121 2242 1158 2270 ab
1172 2240 1306 2270 Homero
1321 2241 1431 2271 ductus
1446 2242 1465 2270 l.
1480 2254 1507 2272 c.
1520 2255 1551 2273 v.

848 2280 895 2308 87.
910 2280 1009 2317 efflet
1034 2289 1125 2317 saepe.
1168 2278 1262 2307 Canes
1285 2284 1354 2308 sunt
1373 2281 1424 2317 qui
1449 2282 1550 2319 paullo

847 2322 913 2347 ante
925 2318 985 2356 lapi
1000 2328 1044 2346 vs.
1058 2319 1224 2347 42S.-433
1245 2328 1311 2356 sqq.
1351 2319 1439 2348 Nunc
1456 2320 1550 2351 Junc-

848 2366 915 2385 nem
930 2356 1027 2394 primo
1041 2357 1106 2386 loco
1121 2366 1186 2385 esse
1204 2356 1379 2395 placandam
1399 2359 1550 2397 praecipit.

849 2395 889 2423 cf.
913 2396 981 2424 546.
1002 2396 1069 2424 547.
1109 2395 1181 2423 'Pale
1207 2400 1393 2432 praeceptum
1418 2397 1549 2427 Phineus

847 2433 950 2462 Jasoni
978 2433 1030 2462 dat
1055 2434 1134 2472 apud
1149 2434 1250 2471 Apoll.
1278 2434 1380 2463 Rhod.
1408 2436 1454 2470 11,
1480 2438 1548 2466 423.

848 2473 877 2501 M
885 2481 957 2509 agno
970 2482 1037 2502 cum
1053 2476 1198 2510 apparatu
1212 2472 1356 2501 monitum
1377 2473 1434 2502 hoc
1451 2485 1468 2503 a
1481 2480 1549 2504 vate

848 2515 878 2539 et
901 2510 1002 2539 inferri
1026 2515 1056 2539 et
1079 2511 1224 2539 enuntiari
1249 2511 1549 2543 observa—canere

848 2554 924 2583 vota,
941 2548 1026 2577 facile
1038 2554 1173 2587 apparet,
1188 2559 1256 2578 esse
1271 2550 1366 2579 facere
1380 2555 1460 2586 vota,
1481 2562 1548 2590 pre—

850 2598 915 2616 ces.
954 2587 1079 2616 Dixisse
1094 2588 1215 2617 videtur
1228 2590 1317 2626 poeta
1330 2589 1367 2617 ad
1380 2599 1444 2618 eam
1458 2590 1548 2618 ratio·-

849 2636 927 2659 nem,
950 2635 1009 2663 qua
1024 2630 1093 2654 vota
1107 2626 1233 2655 formula
1257 2627 1391 2660 solemni,
1413 2628 1548 2661 carmine,

851 2665 1067 2701 suscipiuntur.
1087 2665 1175 2694 libens
1189 2670 1235 2694 est
1254 2666 1283 2694 in
1297 2666 1432 2695 formulis
1454 2667 1548 2695 sacris

850 2706 1000 2737 προθύμως,
1023 2704 1155 2742 adeoque
1169 2714 1223 2734 nec
1238 2714 1338 2743 paroe,
1362 2714 1415 2732 nec
1430 2705 1548 2742 supine.

1324 2758 1384 2784 SS
