1796 3077
501 262 770 302 AENEIDOS.

824 264 925 302 Lm.
954 262 1070 302 vm.
1429 272 1521 316 *03

81 383 195 428 Tum
210 391 436 429 memorat:
470 384 539 427 Ne
561 400 675 434 vero,
695 385 865 440 hospes,
886 400 939 427 ne
960 400 1103 440 quaere
1122 386 1327 441 profecto,

79 442 219 488 Quem
240 459 381 485 casum
402 451 596 498 portenta
617 443 775 493 ferant3
806 458 886 497 ego
908 458 1060 498 poscor
1082 443 1279 500 Olympo.

77 498 177 542 Hoc
197 501 359 555 signum
379 501 528 542 cecinit
547 501 765 541 missuram
781 500 877 541 diva
897 501 1093 550 creatrix,

80 555 126 596 Si
146 556 302 598 bellum
314 559 528 612 ingrueret
545 574 555 607 3
590 556 882 611 Vulcaniaque
902 572 1018 598 arma
1035 572 1114 612 per
1133 572 1256 599 auras
1444 556 1527 598 535

79 611 285 655 Laturam
306 614 475 655 auxilio.

78 668 180 711 Heu
200 679 368 725 quantae
389 671 549 712 miseris
569 671 706 712 caedes
728 668 1014 713 Laurentibus
1034 672 1216 712 instant!

81 726 202 773 Quas
222 743 370 782 poenas
391 728 504 777 mihi,
527 727 688 777 Turne,
711 727 832 769 dabis
849 729 860 769 l
891 743 1017 782 quam
1031 728 1164 769 multa
1183 728 1262 770 sub
1281 728 1418 770 undas

81 783 213 825 Scuta
232 785 366 826 virum
384 785 611 840 galeasque
630 791 673 826 et
693 784 817 825 fortia
837 799 1017 839 corpora
1035 785 1192 834 volves,

79 839 249 894 Thybri
268 849 390 896 pater
408 843 416 882 !
450 841 635 882 Poscant
655 841 780 890 acies,
801 847 843 882 et
863 841 1028 882 foedera
1047 848 1244 896 rumpant
1261 843 1271 883 Ξ

1444 840 1528 882 540

136 897 245 938 Haec
265 899 337 939 ubi
359 898 470 939 dicta
492 897 623 947 dedit,
645 896 749 938 solio
770 912 814 938 se
836 897 943 938 tollit
961 899 1015 938 ab
1035 898 1143 948 alto3

79 952 140 995 Et
159 955 338 1009 primum
358 953 582 996 Herculeis
601 954 758 1008 sopitas
777 954 946 1009 ignibus
966 969 1059 996 aras

79 1010 267 1061 Excitat,
289 1011 617 1065 hesternumque
639 1011 793 1052 Larem
813 1026 1049 1066 parvosque
1071 1011 1254 1056 Penates

81 1067 228 1109 Laetus
249 1069 363 1118 adit3
395 1076 580 1110 mactant
599 1068 727 1110 lectas
749 1067 804 1109 de
823 1083 940 1110 more
954 1069 1148 1110 bidentes

81 1123 309 1166 Evandrus
328 1125 501 1179 pariter,
521 1126 678 1180 pariter
696 1124 887 1179 Trojana
899 1126 1114 1180 juventus.

81 1180 188 1222 Post
205 1181 303 1223 hinc
320 1182 375 1223 ad
394 1197 521 1223 naves
540 1182 747 1236 graditur,
771 1182 991 1236 sociosque
1011 1183 1176 1224 revisit:

82 1237 277 1284 Quorum
297 1239 350 1279 de
368 1253 555 1287 numero,
577 1239 649 1292 qui
669 1252 760 1279 sese
780 1238 823 1278 in
841 1238 952 1279 bella
973 1247 1218 1293 sequantur,

82 1293 341 1336 Praestantes
361 1296 515 1337 virtute
536 1294 664 1350 legit;
695 1309 793 1349 pars
813 1302 954 1336 cetera
974 1311 1109 1350 prona

78 1350 234 1393 Fertur
253 1367 377 1406 aqua,
399 1353 621 1406 segnisque
642 1351 828 1393 secundo
850 1352 999 1394 defluit
1018 1352 1144 1401 amni,

80 1408 246 1449 Nuntia
263 1416 439 1449 ventura
458 1409 644 1450 Ascanio
663 1422 890 1462 rerumque
911 1409 1143 1463 patrisque.

84 1464 262 1514 Dantur
276 1467 374 1518 equi
395 1465 572 1507 Teucris
593 1464 819 1519 Tyrrhena
838 1466 1080 1519 petentibus
1101 1480 1201 1506 arva
1221 1480 1230 1505 ι

85 1521 264 1562 Ducunt
283 1529 493 1563 exsortem
513 1522 692 1572 AEneae3
730 1536 856 1576 quem
877 1521 989 1562 fulva
1007 1521 1139 1563 leonis

83 1578 211 1620 Pellis
233 1579 322 1620 obit
342 1586 490 1629 totum,
510 1579 768 1633 praefulgens
789 1580 1004 1634 unguibus
1025 1579 1176 1620 aureis.

138 1635 270 1676 Fama
288 1635 399 1676 volat
418 1651 590 1690 parvam
611 1637 751 1676 subito
772 1634 943 1690 vulgata
961 1650 1038 1690 per
1058 1637 1221 1685 urbem,

81 1691 216 1734 Ocius
237 1694 297 1733 ire
318 1693 479 1747 equites
500 1692 715 1747 Tyrrheni
735 1692 790 1733 ad
810 1691 951 1734 limina
971 1693 1096 1748 regis.

85 1805 155 1831 κατὰ
174 1816 206 1831 το
227 1807 401 1838 σιωπώμενον
424 1804 621 1844 intelligimus
640 1805 791 1833 Venerem

88 1842 117 1870 ei
138 1843 324 1879 promisisse.
379 1843 496 1872 Clarior
519 1853 569 1872 res
589 1853 637 1881 ap.
663 1843 790 1872 Homer.

84 1890 116 1909 v.
130 1880 168 1909 Il.
183 1894 212 1917 σ,
226 1882 390 1911 isa—533
404 1893 454 1921 eyo
467 1892 573 1920 poscor
582 1881 714 1921 Olympo,
732 1886 791 1911 ter-

85 1918 127 1947 tio
142 1929 226 1954 casu,
248 1930 303 1958 pro
324 1921 359 1950 ab
376 1922 426 1956 0.,
447 1931 494 1950 me
511 1921 662 1959 Olympus
681 1921 790 1959 poscit,

85 1967 134 1986 me
149 1958 224 1993 vult,
240 1959 377 1997 respicit,
392 1961 421 1989 h.
433 1960 470 1989 ad
484 1970 530 1989 me
549 1964 698 1988 ostentum
712 1960 791 1988 ae'ris

86 1998 793 2076 Ἠξῗῖἅᾱέᾞὲεῗέἶἐἒξὲςῖἶὸῗμῶὶῖἓῖεῗςᾚ

88 2073 118 2102 in
139 2084 207 2103 eum
228 2074 386 2108 attollitur.
407 2076 559 2111 evehitur,
583 2077 658 2105 deus
674 2076 792 2105 factus:

88 2111 128 2141 cf.
150 2113 243 2150 Soph.
267 2115 340 2143 OEd.
360 2114 430 2144 col.
454 2116 530 2144 1542
553 2116 681 2144 ὦπαῒόες
696 2119 796 2144 etc.—

87 2152 157 2180 538.
176 2153 234 2180 539
246 2152 403 2182 Historioa
417 2154 538 2192 quidem
550 2154 679 2183 veritate
692 2164 725 2183 ac
738 2154 796 2183 fide

88 2189 154 2219 haec
179 2200 237 2219 non
261 2197 483 2230 memorantur3
515 2202 570 2222 nec
596 2193 634 2221 ad
661 2193 795 2221 Tiberim

88 2237 191 2267 pugna
205 2229 284 2258 facta
297 2237 359 2266 est;
380 2231 436 2259 sed
446 2231 567 2269 poe'tico
578 2232 795 2269 phantasmate,

88 2267 255 2305 praeclare3
289 2268 393 2297 saltem
409 2269 528 2298 Latium
540 2270 669 2308 intelligi
683 2274 797 2308 potest.

89 2306 127 2334 In
139 2306 220 2335 idem
248 2305 418 2336 inciderunt
443 2308 536 2337 Silius
558 2309 604 2344 ΙΙ,
629 2311 698 2338 455.
718 2310 795 2338 456;

90 2344 207 2374 Statius
230 2344 342 2374 Achill.
371 2346 400 2380 I,
425 2348 463 2376 84
490 2356 558 2386 sqq.
611 2348 701 2377 Adde
720 2348 798 2377 Stat.

90 2383 188 2412 Theb.
209 2383 257 2412 11.
279 2384 348 2413 460.
368 2385 449 2413 461:
485 2385 551 2420 111,
584 2387 642 2415 210
663 2397 742 2426 sqq.y
769 2390 800 2416 et

90 2422 205 2460 passim
216 2422 266 2451 alii
277 2432 285 2458 3
320 2421 395 2451 item
408 2423 516 2452 Horat.
528 2425 556 2459 1,
566 2425 626 2454 Od.
638 2426 673 2455 15
686 2436 692 2453 ;
714 2425 799 2455 Eheu

91 2465 218 2498 quantus
227 2461 308 2499 equis
317 2463 474 2491 elce-540
485 2464 570 2500 quasi
581 2474 587 2492 :
603 2469 673 2493 eant
682 2474 759 2493 nunc
770 2468 800 2494 et

92 2500 229 2538 flagitent
240 2500 363 2529 bellum.
378 2501 464 2529 Serv.
477 2502 517 2529 ct'.
531 2512 597 2540 sup.
613 2503 691 2538 VII,
706 2504 775 2532 317.

129 2539 199 2568 542.
219 2540 277 2568 543
298 2539 404 2576 Surgit
417 2539 530 2569 AEneas
545 2546 575 2568 et
595 2541 632 2570 ad
648 2551 728 2570 aram
746 2552 797 2570 seu

92 2576 194 2606 focum
214 2578 325 2607 aediuui
346 2578 474 2613 accedit,
500 2578 628 2608 Penates
651 2586 801 2618 precatur.

94 2615 131 2644 Iu
159 2615 258 2645 verbis
286 2617 375 2655 plura
402 2626 456 2645 nos
482 2619 802 2648 tenent.—-Herculeis

93 2653 204 2692 sopitas
237 2655 342 2693 iynibis
375 2666 444 2684 aras
471 2656 592 2684 doctius
613 2657 709 2686 dictas
735 2668 802 2687 esse

94 2702 184 2730 quam
199 2694 277 2732 iynes
290 2694 398 2731 sopitos
411 2694 440 2723 in
452 2695 514 2724 aris
527 2694 575 2725 vel
591 2694 669 2734 iynes
682 2706 753 2733 arce,
772 2697 801 2726 iu

95 2736 217 2769 promtu
229 2735 277 2762 est
292 2732 472 2773 intelligere.

1453 1689 1537 1731 555

868 1805 927 1834 546
941 1804 1035 1833 Amne
1050 1805 1189 1839 adverso,
1218 1815 1234 1833 a
1249 1804 1338 1833 litore
1356 1802 1537 1832 Laurentino

830 1843 1014 1872 Pallantium
1038 1844 1106 1872 navi
1127 1844 1289 1873 advenerat
1306 1843 1439 1872 AEueas:
1473 1850 1542 1878 sup.

829 1892 859 1910 v.
874 1883 931 1918 90;
953 1892 1030 1911 nunc
1053 1892 1088 1911 ea
1109 1883 1178 1912 navi
1192 1887 1307 1920 partem
1329 1881 1480 1910 sociorum
1501 1879 1540 1909 ad

830 1920 994 1949 Ascanium
1015 1925 1045 1950 et
1064 1926 1163 1950 castra
1183 1922 1282 1950 redire
1303 1921 1408 1958 jubet;
1443 1920 1541 1949 altera

830 1963 916 1997 parte
931 1960 989 1988 sibi
1010 1960 1164 1998 adjuncta,
1190 1964 1221 1989 et
1240 1959 1411 1989 Arcadibus
1426 1958 1544 1988 comiti-

832 1999 899 2033 bus,
912 2002 993 2027 terra
1001 2009 1055 2037 per
1066 1999 1216 2028 Etruriam
1227 1999 1314 2028 Caere
1325 2002 1354 2027 et
1364 1998 1400 2027 ad
1410 1997 1528 2026 Tarcho
1540 2014 1544 2019 .

831 2037 1113 2075 nem(Tyrrhemtm
1129 2038 1243 2076 reyem)
1258 2037 1472 2075 proficiscitur.
1492 2037 1544 2075 qui

831 2084 891 2104 sese
912 2076 941 2103 in
955 2076 1027 2104 bella
1045 2082 1212 2115 sequantur.
1264 2076 1370 2105 Paullo
1385 2076 1546 2104 obscurior

835 2114 983 2143 sententia
997 2125 1004 2151 3
1024 2124 1089 2143 nam
1104 2116 1141 2143 ad
1153 2115 1263 2143 bellum
1276 2124 1333 2142 non
1344 2113 1545 2152 proficiscitur

835 2153 959 2187 AEneas,
975 2153 1029 2181 sed
1045 2154 1082 2182 ad
1104 2153 1218 2182 auxilia
1237 2157 1267 2182 et
1283 2153 1459 2181 societatem
1475 2153 1545 2182 Cae-

835 2196 1006 2220 retanorum
1039 2192 1214 2230 parandam.
1286 2192 1411 2221 Servius
1442 2191 1546 2220 multis

835 2230 936 2259 allatis
970 2230 1043 2259 nihil
1077 2231 1212 2269 expedit.
1271 2230 1441 2259 Dicendum
1475 2240 1545 2260 esse

835 2269 1028 2304 hauddubie,
1051 2270 1132 2299 viros
1143 2270 1279 2298 delectos
1294 2270 1330 2298 ad
1344 2278 1448 2298 casum
1459 2269 1545 2303 belli,

838 2318 891 2337 seu
912 2317 1033 2347 pugnae,
1061 2312 1094 2337 ut
1114 2308 1221 2337 AEneae
1246 2308 1326 2336 latus
1347 2312 1485 2346 tegerent
1513 2308 1543 2336 in

839 2347 1014 2376 discrimine
1035 2347 1119 2381 belli,
1141 2350 1281 2385 (pugnae,
1304 2356 1372 2384 quae
1398 2356 1469 2375 mox
1493 2356 1545 2376 su·

839 2386 959 2415 beunda
973 2391 1046 2415 erat.
1066 2386 1123 2452 R)
1151 2386 1229 2414 sicut
1251 2390 1282 2414 et
1294 2385 1372 2414 infra
1384 2385 1494 2414 iterum
1516 2397 1547 2415 v.

839 2426 919 2454 006:
954 2430 981 2453 et
1009 2424 1080 2454 bello
1120 2429 1181 2454 ecta
1199 2425 1345 2463 juventus.
1367 2424 1407 2453 cs.
1428 2424 1473 2458 X,
1487 2426 1546 2454 260

841 2465 1007 2507 sqq—540
1026 2464 1131 2502 saquis,
1157 2463 1220 2493 siue
1241 2463 1386 2502 remigio,
1408 2464 1485 2492 unde
1499 2464 1547 2492 de-

832 2503 1011 2540 flata—550
1038 2502 1167 2531 Ascanio
1200 2506 1384 2532 remanserat
1410 2502 1437 2531 is
1466 2503 1547 2541 apud

839 2542 985 2579 Trojanos
1006 2541 1035 2570 in
1056 2541 1165 2570 castris
1186 2542 1242 2570 sub
1258 2541 1379 2571 Tiberis
1398 2541 1487 2570 ostia.
1509 2542 1549 2569 cs.

841 2590 907 2618 sup.
938 2580 1016 2614 VII,
1038 2581 1104 2608 158.
1127 2581 1194 2609 159.
1254 2581 1303 2610 De
1324 2590 1425 2610 eorum
1447 2585 1546 2609 autem

842 2619 971 2647 adventu
985 2619 1014 2647 in
1029 2619 1137 2647 castris
1156 2618 1227 2648 nihil
1252 2619 1380 2658 amplius
1402 2628 1548 2648 memora-

841 2657 886 2686 vit
898 2658 999 2694 poeta.
1026 2657 1066 2686 cf.
1088 2658 1126 2686 ad
1149 2657 1195 2693 X,
1216 2659 1384 2687 238.—552
1396 2662 1550 2693 exsortem,

842 2696 997 2730 eximium,
1036 2699 1184 2731 ἐξαίρετον.
1242 2697 1415 2726 Adducitur
1453 2706 1546 2734 equus

844 2734 948 2764 AEneae
963 2735 1147 2775 praecipuus.
1166 2735 1204 2767 cf.
1225 2736 1265 2774 V,
1286 2737 1354 2766 351.
