1796 3077
250 232 310 275 36
681 228 721 266 P.
756 228 986 266 VIRGILII
1018 228 1269 266 MAROle

578 502 876 546 ECLOGA
921 505 999 546 VI.
1052 503 1270 546 SILEN
1287 504 1380 546 US.

775 615 1197 654 ARGUMENTUM.

304 721 351 757 IN
389 722 547 759 exordio
579 721 752 772 Eclogae‚
785 735 872 771 quae
910 721 1007 759 Varo
1037 721 1267 765 inscribitur,
1307 720 1503 771 Virgilius,
1542 722 1709 760 carmine

249 774 356 824 epico
375 774 477 813 haud
500 775 657 812 feliciter
678 783 851 819 tractato,
873 776 996 812 redire
1016 789 1055 812 se
1074 776 1126 812 ait
1144 776 1193 812 ad
1221 774 1448 818 bucolicum,
1480 773 1573 811 Vari
1592 775 1711 813 laudi-

250 829 320 864 bus
340 830 430 866 satis
450 829 706 879 profuturum.
741 832 882 866 1—12.
930 829 1024 865 Inde
1045 838 1185 872 narrat,
1217 829 1373 877 Satyros
1393 828 1470 864 duo
1489 841 1576 864 cum
1597 828 1710 878 AEgle

250 880 430 931 Nympha
459 882 627 919 Silenum
656 882 907 919 dormientem
940 895 1142 931 aggressos
1176 881 1356 931 coegisse,
1390 890 1432 917 ut
1462 894 1612 918 carmen
1643 882 1709 918 diu

248 935 477 982 promissum
509 943 671 972 caneret.
729 939 790 972 30.
824 935 943 985 Cujus
963 943 1229 985 argumentum
1261 934 1471 984 mythicum
1491 935 1708 971 summatim

249 989 465 1037 exponitur.
525 991 695 1025 31—36.
751 988 945 1037 Attigerat
964 990 1063 1025 enim
1086 989 1232 1025 Silenus
1253 987 1400 1024 fabulas
1420 988 1678 1037 cosmogoniae
1696 1003 1705 1032 ;

250 1043 419 1078 31—40.
442 1050 479 1078 et
500 1050 671 1090 tempora
700 1054 820 1090 usque
848 1042 896 1078 ad
930 1041 1115 1078 diluvium
1134 1041 1565 1079 Deucalioneum.—42.
1615 1042 1710 1078 Inde

247 1093 297 1129 ad
313 1093 469 1131 heroum
489 1103 641 1131 aetatem
661 1107 897 1144 progressus,
912 1095 1221 1144 Argonautarum
1239 1094 1532 1144 expeditionem,
1554 1097 1616 1139 43,
1640 1097 1708 1131 44.

248 1145 454 1197 Pasiphaes
485 1147 673 1185 infelicem
702 1151 990 1185 amorem-60.
1014 1162 1127 1198 poma
1148 1148 1406 1198 Hesperidum
1425 1155 1463 1184 et
1492 1147 1709 1185 Phaethon-

248 1205 443 1238 tem—63.
474 1200 620 1251 Grynei
644 1200 720 1237 luci
751 1201 947 1250 originem,
976 1201 1079 1238 Galli
1109 1206 1234 1252 po'etae
1270 1201 1383 1238 laude
1416 1200 1709 1240 admixta—73.

249 1252 533 1301 Scyllam-—77.
556 1254 718 1303 denique
737 1253 901 1292 Tereum
922 1263 959 1292 et
979 1255 1349 1292 Philomelam—84.
1370 1254 1568 1291 cecinerat.
1610 1253 1708 1291 Ves-

248 1318 337 1353 pere
358 1306 569 1355 ingruente,
590 1307 740 1344 Silenus
762 1307 875 1345 finem
895 1308 1053 1345 canendi
1075 1308 1344 1346 facit.——-Felix
1356 1308 1394 1344 in
1414 1306 1527 1357 hujus
1548 1306 1706 1357 Eclogae

247 1368 483 1407 argumento,
505 1373 526 1396 a
546 1360 650 1409 poesi
669 1360 842 1398 bucolica
860 1375 936 1398 non
962 1362 1199 1407 abhorrente,
1218 1361 1377 1412 ejusque
1396 1360 1619 1398 tractatione
1636 1361 1709 1399 fuit

248 1409 447 1460 Virgilius.
501 1412 792 1450 Jucundi.simis
813 1415 923 1459 enim,
945 1414 1185 1460 dulcissimis,
1215 1429 1259 1452 ac
1289 1414 1553 1464 pulcherrimis
1581 1427 1709 1452 rerum

248 1463 476 1513 imaginibus
495 1467 617 1503 omnis
632 1467 715 1504 haec
735 1468 901 1504 narratio
921 1468 1100 1505 distincta
1118 1477 1186 1512 est,
1206 1468 1271 1505 ubi
1291 1468 1440 1504 Silenus
1460 1481 1508 1503 ex
1523 1467 1708 1516 antiquis-

247 1517 429 1554 simorum
461 1523 659 1568 poetarum
692 1533 735 1557 ac
772 1520 1085 1570 philosophorum
1122 1522 1331 1558 rationibus
1360 1520 1545 1570 originem
1580 1534 1706 1558 rerum

247 1570 357 1615 canit,
384 1579 498 1620 atque
525 1585 592 1621 per
612 1572 759 1609 fabulas
779 1583 953 1610 ornatum
988 1574 1179 1623 poeticum
1199 1575 1363 1611 maxime
1381 1573 1623 1611 admittentes
1642 1587 1709 1611 va-

247 1631 373 1671 gatur.
427 1624 515 1661 Non
535 1625 646 1669 enim,
667 1638 783 1674 quare
811 1626 860 1662 ad
888 1626 1044 1676 Epicuri
1072 1628 1310 1676 potissimum
1342 1627 1480 1676 placita
1499 1639 1535 1663 v.
1556 1631 1599 1663 31
1623 1640 1707 1677 sqq.

247 1676 418 1721 referam,
439 1678 550 1714 video
567 1692 575 1715 :
618 1678 722 1727 quid,
752 1679 857 1727 quod
875 1688 1038 1729 quatuor
1058 1680 1256 1725 elementa,
1288 1694 1308 1718 e
1329 1681 1467 1729 quibus
1487 1680 1707 1718 universum

246 1728 297 1765 ibi
317 1731 560 1775 construitur,
581 1744 668 1779 quae
688 1731 737 1767 ad
758 1731 1053 1781 Empedocleam
1074 1734 1257 1770 rationem
1274 1734 1474 1784 pertinent,
1495 1733 1543 1769 ab
1563 1732 1706 1782 Epicu-

247 1794 397 1818 reorum
417 1783 586 1832 principe
615 1783 795 1820 Lucretio
812 1784 843 1828 I,
869 1787 958 1822 717.
992 1786 1262 1834 exagitantur?
1306 1787 1357 1823 Et
1388 1787 1518 1823 nititur
1551 1794 1630 1823 tota
1658 1787 1706 1824 de

246 1833 409 1883 Virgilio
432 1835 632 1885 Epicureae
655 1836 906 1886 philosopliiae
939 1846 1124 1875 sectatore
1157 1838 1284 1875 sabula
1315 1839 1389 1875 fide
1422 1838 1706 1876 Pseudodonati

246 1895 284 1922 et
312 1888 446 1924 Servii.
506 1888 592 1925 Fuit
612 1897 739 1926 autem
765 1890 1027 1940 antiquissima
1047 1890 1173 1939 aliqua
1191 1891 1319 1928 sabula
1334 1892 1380 1927 de
1400 1890 1516 1927 Sileni
1535 1891 1705 1940 philoso-

245 1940 334 1988 phia
365 1949 402 1977 et
434 1942 748 1979 reconditioribus
779 1942 1099 1992 disputationibus
1133 1957 1246 1993 super
1276 1952 1410 1980 natura
1447 1952 1483 1980 et
1520 1945 1703 1982 moribus.

246 1993 371 2030 Locus
391 2002 471 2030 erat
490 1995 559 2031 hac
583 1995 630 2032 de
660 2008 701 2032 re
721 1995 900 2032 classicus
921 1997 958 2032 in
983 1996 1223 2046 Theopompi
1244 1996 1496 2041 Thaumasiis,
1517 1997 1617 2034 unde
1636 2011 1704 2035 ex-

244 2053 375 2095 cerpta
390 2047 574 2096 particula
593 2048 695 2098 apud
721 2048 859 2085 AElian.
892 2049 986 2086 Var.
1014 2049 1116 2087 Hist.
1146 2050 1220 2094 IIl,
1245 2053 1304 2095 18,
1326 2050 1391 2086 ubi
1410 2050 1486 2086 vid.
1507 2050 1634 2100 Intpp.
1665 2060 1703 2088 et

246 2111 344 2147 quos
364 2099 533 2137 laudant.
592 2100 797 2151 Virgilium
819 2115 880 2138 eas
907 2110 1054 2139 tantum
1078 2103 1224 2140 fabulas
1244 2112 1413 2140 secutum
1433 2117 1514 2140 esse
1537 2113 1704 2152 apparet,

244 2164 331 2199 quae
364 2161 402 2189 et
428 2153 745 2202 frequentissimae
778 2156 815 2192 in
845 2162 1015 2192 veterum
1048 2157 1275 2193 carminibus
1295 2165 1430 2200 essent,
1459 2165 1496 2192 et
1527 2166 1703 2194 ornatum

244 2204 434 2253 poeticum
453 2206 491 2242 in
510 2207 641 2255 primis
660 2207 915 2245 admitterent.
974 2209 1108 2257 Itaque
1126 2209 1217 2246 alias
1249 2209 1426 2246 disertius
1445 2209 1612 2258 exponit,
1634 2210 1702 2247 ali-

243 2270 351 2293 arum
381 2271 456 2295 non
476 2260 546 2296 nisi
577 2269 800 2310 argumenta
820 2271 1101 2307 commemorat,
1129 2271 1166 2299 et
1185 2262 1426 2299 delectationi
1446 2263 1541 2300 adeo
1561 2263 1701 2308 studet,

242 2317 286 2346 ut
317 2310 414 2347 inter
444 2312 617 2361 antiquas
648 2313 731 2351 illas
758 2314 904 2351 fabulas
935 2314 1036 2351 Galli
1067 2316 1124 2352 sui
1157 2316 1383 2352 meminerit.
1456 2316 1554 2357 Quis
1575 2315 1701 2353 Varus

242 2362 366 2407 fuerit,
384 2365 443 2401 cui
456 2365 528 2402 hoc
542 2378 692 2403 carmen
706 2367 938 2416 inscriptum,
951 2367 1134 2418 cujusque
1147 2368 1230 2405 Ecl.
1246 2368 1316 2412 IX,
1334 2372 1502 2413 26-29,
1517 2369 1700 2414 meminit,

242 2415 307 2452 vix
322 2416 370 2452 ad
384 2416 570 2466 liquidum
591 2419 749 2469 perduci
772 2433 882 2470 posse
896 2430 1002 2470 puto,
1019 2435 1104 2458 cum
1125 2430 1181 2458 tot
1199 2422 1382 2471 gentium,
1404 2431 1445 2459 ut
1466 2421 1699 2466 Quinctiliae,

241 2468 449 2518 Pompeiae,
470 2471 585 2515 Atiae,
608 2472 779 2517 Liciniae‚
800 2486 1011 2523 cognomen
1026 2474 1120 2511 illud
1140 2475 1263 2519 fuerit,
1282 2487 1404 2524 neque
1423 2476 1459 2512 in
1480 2475 1560 2512 aliis
1580 2475 1699 2524 scrip-

242 2521 385 2562 toribus
402 2523 449 2559 de
462 2523 533 2561 hoc
556 2524 658 2562 Varo
679 2526 885 2575 quidquam
908 2528 1102 2564 memoriae
1119 2527 1311 2577 proditum
1333 2529 1393 2565 sit.
1452 2528 1514 2565 Ex
1532 2527 1696 2576 Virgilio

240 2573 323 2611 haec
343 2575 470 2624 colligi
489 2586 671 2625 possunt:
714 2579 831 2616 fuisse
853 2580 1005 2616 Maroni
1024 2580 1130 2617 illum
1149 2581 1559 2624 benevolentissimum,
1583 2581 1697 2617 rebus

239 2627 383 2664 bellicis
405 2631 440 2664 5.
459 2632 494 2665 6.
516 2630 671 2674 clarum,
692 2641 731 2668 et
749 2633 895 2680 magnis
916 2633 1058 2670 meritis
1079 2634 1115 2670 in
1136 2633 1368 2671 Mantuanos
1389 2635 1424 2670 in
1444 2633 1544 2682 agris
1565 2645 1695 2670 eorum

239 2691 260 2716 a
279 2680 441 2717 militum
474 2681 610 2730 injuria
630 2684 864 2721 vindicandis
894 2686 1150 2735 conspicuum,
1170 2700 1240 2736 pro
1261 2688 1396 2736 quibus
1423 2686 1492 2731 IX,
1521 2689 1692 2724 27—539.

239 2733 399 2770 nominis
413 2734 674 2772 immortalitas
692 2737 724 2773 ci
745 2738 987 2785 promittitur.
