1796 3077
595 245 867 285 AENEIDOS.

133 370 457 426 Centaurusque
479 370 615 413 locum
638 371 819 413 tendunt
841 386 1042 427 superare
1061 370 1257 424 priorem.
1512 374 1525 413 1
1564 392 1572 413 s

925 244 1027 283 LIB.
1058 243 1108 282 V.
1493 252 1589 296 373

1535 376 1560 414 01

1571 376 1590 413 v(

134 430 194 471 Et
215 444 325 470 nunc
342 429 490 470 Pristis
509 429 655 479 habet,
676 444 788 470 nunc
808 430 959 470 victam
980 428 1169 483 praeterit
1187 428 1335 482 ingens

136 487 401 536 Centaurus3
433 501 543 527 nunc
564 502 648 527 una
667 487 802 527 ambae
818 486 1061 541 junctisque
1082 485 1278 527 feruntur

135 544 380 592 Frontibus,
403 551 446 584 et
463 543 591 598 longa
612 543 775 584 sulcant
793 543 902 584 vada
923 542 1031 583 salsa
1051 543 1208 584 carina.

134 601 317 655 Jamque
339 601 684 655 propinquabant
704 599 892 654 scopulo,
914 607 1152 654 metamque
1174 599 1401 642 tenebant:

138 658 247 699 Cum
266 672 464 713 princeps
482 658 708 712 medioque
731 657 850 711 Gyas
870 657 912 697 in
934 658 1100 711 gurgite
1122 657 1255 698 victor

1514 662 1596 703 160

135 714 368 756 Rectorem
387 715 503 755 navis
525 714 749 769 compellat
769 728 871 754 voce
894 713 1140 755 Menoeten:

139 772 241 819 Quo
261 780 424 813 tantum
443 772 546 812 mihi
566 772 719 812 dexter
738 771 828 811 abis
845 772 861 811 2
892 770 977 812 huc
997 771 1132 825 dirige
1153 786 1358 825 gressum,

141 829 266 871 Litus
288 844 394 877 ama,
415 836 457 869 et
477 828 603 869 laevas
624 829 816 882 stringat,
839 827 939 877 sine,
960 827 1146 881 palmula
1165 835 1331 877 cautes;

141 886 291 927 Altum
313 885 382 926 alii
401 888 595 926 teneant!
629 885 765 926 Dixit.

827 885 915 925 Sed
937 899 1049 925 caeca
1074 884 1312 934 Menoetes,

141 944 256 984 Saxa
275 943 437 992 timens,
456 957 627 997 proram
647 941 790 997 pelagi
811 942 1039 996 detorquet
1059 943 1112 983 ad
1136 943 1286 983 undas.

1523 947 1602 988 165

144 1000 245 1047 Quo
267 1000 456 1041 diversus
477 1000 598 1040 abis?
630 1000 806 1040 iterum:
840 1006 938 1054 pete
958 1014 1075 1048 saxa,
1100 999 1328 1050 Menoetes,

147 1058 256 1098 Cum
277 1056 458 1098 clamore
482 1057 601 1111 Gyas
621 1057 860 1105 revocabat,
883 1062 925 1097 et
946 1071 1044 1097 ecce
1063 1056 1319 1098 Cloanthum

146 1115 341 1169 Respicit
360 1115 584 1155 instantem
605 1121 740 1168 tergo,
762 1121 805 1154 et
825 1114 1027 1167 propiora
1044 1121 1270 1155 tenentem.

146 1171 223 1213 Ille
244 1173 354 1212 inter
374 1185 607 1224 navemque
629 1170 740 1224 Gyae
762 1170 1045 1224 scopulosque
1068 1180 1265 1212 sonantes

149 1228 283 1269 Radit
302 1229 382 1269 iter
400 1227 551 1268 laevum
571 1228 760 1276 interior,
784 1228 1011 1281 subitoque
1031 1229 1215 1282 priorem

1521 1234 1604 1274 710

150 1286 360 1335 Praeterit,
383 1292 425 1326 et
446 1285 567 1325 metis
584 1292 699 1326 tenet
719 1299 892 1338 aequora
913 1292 1004 1325 tuta
1025 1284 1195 1326 relictis.

149 1342 264 1384 Turn
284 1357 384 1384 vero
404 1343 562 1383 exarsit
576 1342 723 1396 juveni
742 1341 864 1382 dolor
885 1342 1049 1382 ossibus
1069 1343 1242 1397 ingens3

149 1400 248 1441 Nec
267 1399 448 1441 lacrimis
470 1413 645 1440 caruere
666 1414 787 1452 genae
805 1414 813 1439 :
847 1414 1104 1453 segnemque
1127 1399 1366 1449 Menoeten,

155 1457 328 1498 Oblitus
349 1456 600 1510 decorisque
621 1457 685 1496 sui
705 1456 948 1509 sociumque
969 1455 1126 1505 salutis,

153 1514 205 1555 In
224 1528 339 1554 mare
360 1513 623 1568 praecipitem
642 1512 996 1567 puppideturbat
1017 1513 1070 1554 ab
1092 1513 1199 1563 alta3

154 1571 254 1626 Ipse
275 1569 534 1625 gubernaclo
556 1577 696 1610 rector
718 1569 845 1618 subit,
866 1569 957 1623 ipse
977 1570 1198 1623 magister3

155 1629 453 1681 Hortaturque
474 1627 598 1676 viros,
620 1625 866 1679 clavumque
889 1626 943 1666 ad
964 1625 1087 1667 litora
1107 1635 1293 1682 torquet.

157 1686 219 1727 At
240 1685 392 1739 gravis,
414 1691 461 1725 ut
482 1683 614 1724 fundo
635 1684 705 1723 vix
727 1683 898 1723 tandem
919 1683 1110 1724 redditus
1131 1685 1215 1726 imo
1236 1694 1300 1726 est

157 1744 256 1784 Jam
278 1742 428 1790 senior,
450 1741 704 1794 madidaque
727 1739 862 1781 fluens
883 1740 926 1780 in
946 1749 1076 1789 veste,
1099 1741 1328 1792 Menoetes,

160 1800 332 1841 Summa
352 1798 460 1854 petit
481 1797 658 1852 scopuli,
682 1797 877 1851 siccaque
897 1797 941 1837 in
962 1812 1068 1852 rupe
1090 1800 1262 1841 resedit.

160 1962 257 1992 -154
275 1965 361 1996 tenet,
383 1965 518 1990 moratur
534 1970 669 1994 cursum,
692 1960 740 1989 vel
761 1960 872 1989 Cloan-

162 2002 265 2038 thum3
286 2010 342 2039 pro
357 2001 445 2029 tarda
457 2004 500 2029 est
517 2010 599 2038 aequo
612 1999 788 2034 discrimine,
803 1999 871 2037 pari

162 2044 322 2072 momento,
341 2043 375 2068 ut
393 2039 473 2068 linea
495 2039 600 2068 eadem
615 2038 798 2072 incederent,
815 2048 874 2076 qua

162 2079 411 2108 discernebantur
436 2088 454 2107 a
480 2078 593 2107 ceteris
621 2077 762 2107 navibus.
781 2077 873 2105 locum

164 2127 303 2156 superare
325 2117 464 2155 priorem,
486 2116 619 2155 assequi,
643 2120 758 2151 tenere,
779 2115 874 2145 altero

165 2160 318 2194 superato,
339 2156 439 2185 locum
452 2155 583 2194 primum
598 2166 640 2184 sc.
656 2155 732 2184 inter
746 2166 790 2188 se,
805 2159 876 2193 post

166 2196 263 2232 Gyam
277 2198 308 2223 et
323 2194 612 2224 Cloanthum.—l59
623 2199 737 2228 metam,
750 2204 807 2223 non
822 2193 873 2222 ubi

166 2234 285 2262 finirent
317 2243 449 2267 cursum,
494 2233 550 2262 sed
588 2233 872 2262 circuinssecterent:

169 2283 239 2310 sup.
265 2272 331 2300 130.
354 2272 616 2301 131.—166—171
636 2272 778 2311 Princeps
792 2271 876 2310 Gyas

169 2317 200 2340 et
210 2310 313 2344 victor,
334 2310 362 2338 h.
373 2310 394 2339 l.
410 2310 461 2348 qui
476 2320 577 2339 omnes
592 2315 791 2340 anteverterat
804 2321 873 2339 cur-

171 2349 368 2379 su.-daxter.
410 2349 520 2387 Cogita
533 2353 642 2378 metam
653 2349 749 2379 fuisse
763 2350 805 2379 ita
817 2350 874 2378 oir-

171 2388 429 2422 cumssectendam‚
443 2391 478 2416 ut
491 2398 555 2416 eam
563 2398 580 2417 a
591 2388 714 2417 sinistra
724 2389 876 2418 haberent.

171 2428 268 2456 —163
284 2432 352 2456 tene
374 2435 496 2455 cursum
514 2426 640 2464 propius
655 2427 691 2456 ad
708 2427 877 2466 scopulum,

173 2476 264 2505 quem
275 2465 356 2494 littus
370 2465 512 2503 appellat,
529 2475 582 2493 nec
597 2475 716 2500 verere,
729 2476 765 2495 ne
780 2466 854 2495 remi
867 2476 882 2494 a

173 2505 296 2534 sinistra
304 2509 406 2542 partee
416 2514 465 2532 um
481 2503 637 2542 attingant.
649 2504 730 2533 littus
741 2515 882 2537 ‹inuaser-

174 2554 223 2573 va.
264 2545 373 2573 Amare
392 2547 449 2577 est,
476 2542 585 2580 cupide
608 2546 721 2578 tenere,
733 2543 884 2581 amplecti,

177 2592 320 2619 ξεῖναι-ες
353 2586 388 2611 ut
408 2582 438 2610 in
455 2581 507 2610 illo
522 2580 664 2610 Horatii:
685 2586 817 2621 lunaique
834 2582 885 2620 ja-

177 2631 237 2650 ηιια
255 2619 525 2660 limem—palmula,
540 2623 639 2653 ταρσὸς
650 2623 747 2653 κώπης.
758 2631 827 2658 pars
842 2631 888 2650 re-

178 2659 221 2688 mi
235 2659 366 2694 inferior,
379 2670 438 2698 qua
450 2668 530 2688 mare
544 2658 824 2697 verriture—pelayi
845 2670 888 2688 sc.

179 2699 374 2728 dextrorsum
397 2699 426 2727 in
447 2698 540 2727 altum
559 2702 682 2726 evectus
701 2697 828 2736 ideoque
841 2698 884 2726 di-

182 2746 290 2772 versus,
309 2737 337 2766 in
352 2737 500 2767 diversam
522 2741 651 2775 partein,
676 2745 744 2766 cum
762 2737 885 2767 deberet

1540 1802 1617 1843 180

910 1959 1018 1989 laevam
1030 1970 1138 1990 versus
1154 1961 1313 1999 scopulum
1326 1963 1536 1992 tenere.—-l70
1544 1965 1622 1994 radit

911 2001 967 2027 iter
981 2000 1077 2031 (radit
1092 2011 1172 2029 mare
1184 2001 1284 2034 remis,
1299 2004 1333 2030 ut
1347 2001 1404 2030 217
1422 2002 1472 2030 ubi
1484 2002 1547 2032 vid.
1560 2009 1620 2033 not.

913 2042 942 2066 et
955 2038 1043 2075 aJibi)
1059 2038 1172 2074 laevum,
1188 2050 1204 2068 a
1214 2040 1292 2069 laeva
1304 2043 1399 2077 parte,
1411 2040 1543 2076 interior,
1554 2053 1622 2072 ver-

913 2087 965 2106 sus
980 2077 1151 2115 scopulum,
1175 2078 1217 2107 ita
1231 2082 1264 2107 ut
1282 2078 1442 2113 Chimaera,
1457 2090 1515 2118 qua
1536 2082 1621 2119 Gyas

913 2116 1090 2149 vehebatur,
1110 2121 1193 2146 esset
1206 2117 1350 2152 exterior,
1365 2128 1472 2147 versus
1491 2121 1619 2157 patenti-

915 2165 967 2183 ora
987 2154 1055 2184 loea
1076 2156 1177 2184 maris.
1218 2156 1322 2186 Petita
1342 2157 1440 2185 omnia
1454 2168 1470 2186 a
1489 2157 1569 2187 circo
1591 2164 1623 2189 et

914 2203 1005 2222 cursu
1028 2194 1166 2223 circensi.
1183 2194 1314 2233 priorem
1335 2197 1445 2234 Gyam,
1466 2197 1517 2234 qui
1533 2198 1623 2227 modo

913 2233 997 2271 prior
1012 2232 1119 2267 fuerat,
1143 2238 1173 2263 et
1186 2234 1268 2263 metis
1284 2235 1405 2269 relictis,
1420 2240 1498 2264 meta
1514 2246 1622 2275 snper-

915 2275 973 2305 ata,
983 2281 1072 2310 qnam
1081 2272 1303 2303 circumvectus
1315 2278 1389 2308 erat,
1401 2278 1476 2302 tenet
1489 2285 1620 2314 oequora,

914 2320 995 2339 mare
1008 2310 1148 2344 liberum,
1160 2321 1219 2350 quo
1227 2313 1290 2350 jam
1299 2323 1420 2342 cursum
1434 2323 1450 2341 a
1462 2318 1541 2343 meta
1554 2325 1622 2344 ver-

916 2359 968 2378 sus
994 2348 1065 2378 litus
1088 2354 1227 2389 repetere
1251 2356 1368 2390 posset·
1418 2352 1456 2380 Iu
1481 2356 1546 2382 tota
1567 2353 1622 2383 hae

915 2388 1117 2426 increpatione
1138 2394 1206 2418 ante
1220 2391 1321 2420 oculos
1336 2390 1469 2419 Menelai
1482 2393 1624 2431 objurga-

917 2427 958 2455 tio
975 2437 1024 2464 ap.
1040 2427 1168 2457 Hom.l.
1190 2439 1217 2458 c.
1234 2429 1272 2458 Il.
1296 2435 1330 2463 ψ,
1354 2430 1413 2458 420
1441 2440 1507 2468 sqq.
1535 2442 1623 2469 quem

923 2469 1018 2494 totum
1040 2466 1141 2495 locum
1163 2477 1231 2496 cum
1255 2468 1353 2496 navali
1380 2468 1436 2497 hoc
1463 2469 1626 2499 certamine

923 2510 1096 2542 comparent
1114 2505 1270 2535 literarum
1291 2506 1627 2538 studiosi.—l72—152

924 2543 962 2571 cf.
975 2544 1014 2572 11.
1030 2545 1121 2576 »lt-385
1135 2555 1202 2583 sqq.
1213 2545 1322 2574 decoris
1334 2545 1390 2574 sui.
1400 2547 1485 2575 Serv.
1497 2547 1627 2576 inhones-

927 2586 985 2610 tum
999 2583 1073 2611 enim
1087 2587 1130 2612 est
1144 2583 1242 2619 irasci,
1255 2584 1321 2613 duci
1328 2585 1513 2623 praeserlim;
1533 2590 1561 2614 et
1580 2595 1627 2614 sa-

927 2620 996 2649 lutis
1009 2621 1160 2657 sociorum,
1178 2633 1222 2652 sc.
1236 2628 1341 2662 erepto
1360 2624 1557 2661 gubernatore
1577 2634 1628 2653 na-

929 2659 987 2688 vis.
1000 2660 1038 2688 ad
1056 2660 1154 2696 litora,
1175 2663 1211 2691 ad
1226 2663 1395 2700 scopulum,
1414 2663 1464 2701 qui
1479 2672 1532 2700 pro
1551 2668 1629 2691 meta

925 2700 1148 2737 eran—ymnis,
1163 2707 1304 2739 gravatus
1319 2702 1449 2738 ideoque
1469 2701 1571 2730 tardus
1592 2702 1628 2730 ad

927 2738 1097 2773 natandum,
1133 2740 1240 2777 partim
1269 2740 1365 2773 senio,
1401 2739 1507 2778 partim
1542 2750 1629 2778 aqna,
