1796 3077
614 263 883 307 AENEIDOS.
941 269 1041 306 LIB.
1071 269 1142 307 XI.

1497 276 1591 319 613

138 387 298 441 Dejicit
321 386 588 428 Herminium
607 403 615 427 z
648 388 765 428 nudo
784 388 851 428 cui
868 389 1023 429 vertice
1045 388 1159 429 fulva

137 444 355 492 Caesaries,
378 444 564 498 nudique
584 444 750 484 humeri
768 460 778 491 ;
811 459 889 484 nec
912 445 1086 485 vulnera
1107 452 1266 485 terrent
1286 461 1295 494 ;

136 499 303 540 Tantus
324 501 365 539 in
386 515 501 540 arma
522 507 652 553 patet.

714 500 847 540 Latos
869 500 967 541 huic
988 501 1111 541 hasta
1131 516 1209 554 per
1231 515 1368 541 armos

135 555 248 595 Acta
270 557 422 603 tremit,
444 555 718 609 duplicatque
735 556 868 596 virum
890 558 1094 597 transfixa
1111 556 1271 597 dolore.

137 611 348 652 Funditur
370 620 460 652 ater
481 613 638 665 ubique
660 627 812 660 cruor;
844 613 947 652 dant
969 613 1116 653 funera
1137 613 1250 652 ferro

138 667 372 714 Certantes,
390 667 695 721 pulchramque
717 674 867 722 petunt
887 684 964 722 per
985 668 1158 709 vulnera
1179 676 1369 709 mortem.

193 724 255 763 At
276 725 434 764 medias
457 725 565 764 inter
585 724 723 765 caedes
745 723 930 764 exsultat
951 724 1156 773 Amazon,

138 778 471 823 Unulnexserta
490 779 600 820 latus
617 795 787 834 pugnae,
815 780 1062 834 pharetrata
1085 779 1283 829 Camilla3

137 835 198 875 Et
214 851 325 876 nunc
342 835 454 875 lenta
476 851 602 875 manu
624 850 827 889 spargens
847 836 1015 876 hastilia
1036 837 1196 885 denset,

135 891 264 932 Nunc
283 891 462 931 validam
483 891 636 931 dextra
657 892 766 945 rapit
788 891 999 932 indefessa
1017 893 1257 946 bipennem.

135 946 307 987 Aureus
328 961 383 987 ex
402 947 584 987 humero
605 956 726 987 sonat
747 962 881 996 arcus,
904 956 947 988 et
968 963 1083 988 arma
1105 948 1275 989 Dianae.

136 1002 214 1043 Illa
233 1004 371 1051 etiam,
395 1004 429 1043 si
449 1003 620 1056 quaudo
639 1003 682 1043 in
702 1010 868 1056 tergum
887 1004 1009 1057 pulsa
1030 1006 1215 1053 recessit,

136 1059 311 1113 Spicula
331 1074 532 1100 converso
554 1058 759 1112 fugientia
780 1060 924 1114 dirigit
944 1075 1060 1101 arcu.

135 1114 198 1155 At
220 1116 377 1156 circum
393 1114 515 1156 lectae
536 1116 722 1163 comites,
746 1115 989 1169 Larinaque
1009 1117 1140 1169 virgo,
1515 1114 1598 1154 655

137 1170 364 1224 Tullaque,
387 1178 430 1211 et
450 1178 622 1211 aeratam
643 1172 836 1224 quatiens
857 1171 1046 1225 Tarpeia
1068 1186 1272 1222 securem,

136 1226 337 1276 Italides3
370 1241 474 1280 quas
490 1228 584 1279 ipsa
603 1227 734 1267 decus
757 1227 836 1266 sibi
857 1228 926 1267 ‹lia
944 1227 1121 1267 Camilla

135 1282 324 1337 Delegit,
346 1283 548 1335 pacisque
569 1283 704 1323 bonas
724 1281 909 1336 bellique
929 1283 1156 1323 ministras.

138 1339 299 1385 Quales
320 1339 534 1379 Threiciae
555 1353 684 1391 quum
705 1338 878 1378 flumina
898 1338 1232 1379 Thermodontis

138 1394 330 1442 Pulsant,
352 1401 395 1434 et
415 1395 538 1447 pictis
555 1393 764 1433 bellantur
781 1393 1021 1434 Amazones
1042 1395 1166 1434 armis
1187 1409 1195 1433 :

1512 1393 1600 1432 660

140 1452 227 1491 Seu
249 1452 405 1491 circum
426 1449 706 1502 Hippolyten,
728 1464 801 1489 seu
823 1464 952 1502 quum
968 1465 1011 1490 se
1034 1450 1194 1489 Martia
1215 1463 1342 1489 curru

140 1506 412 1547 Penthesilea
432 1506 576 1553 refert,
598 1518 838 1560 magnoque
859 1505 1047 1546 ululante
1071 1504 1251 1546 tumultu

140 1634 179 1662 cs.
193 1635 253 1663 519
266 1638 295 1663 et
309 1634 360 1663 lib.
376 1633 453 1667 VII,
468 1634 527 1662 (372
544 1643 552 1668 ·,
578 1633 709 1670 ideoque
725 1632 807 1660 Iolas
823 1636 854 1660 et

140 1672 293 1701 Herminii
315 1673 393 1701 inter
406 1673 553 1708 Trojanos
567 1675 598 1700 et
614 1671 761 1699 Etruscos
777 1671 854 1699 refe-

140 1711 348 1739 rendi.—643.
368 1712 426 1739 644
440 1721 490 1738 uec
508 1710 626 1738 vulnera
640 1713 749 1737 t‘rrent
760 1719 769 1736 :
790 1713 854 1737 lan-

141 1753 187 1777 {ns
201 1750 229 1777 in
240 1753 409 1786 armapatet
422 1759 431 1775 :
454 1752 517 1776 arte
532 1748 682 1776 cohaerent
693 1757 761 1775 eum
775 1746 853 1775 illis:

141 1787 216 1815 mido
237 1787 446 1824 cui—nudique
467 1786 586 1814 humeri.
628 1785 773 1813 Habebat
797 1795 851 1812 nu-

142 1825 213 1853 dum
228 1828 318 1862 caput
333 1829 362 1852 et
378 1827 521 1853 humeros
537 1824 644 1857 nudos,
666 1828 700 1851 ut
712 1823 785 1851 satis
800 1833 852 1860 ap-

142 1867 274 1900 pareret,
289 1872 354 1891 eum
371 1863 493 1891 vulnera
509 1872 566 1891 non
581 1862 704 1896 timere,
726 1865 851 1894 tantum,

141 1905 223 1928 tanta
250 1901 296 1928 sui
321 1904 417 1938 parte,
439 1901 562 1937 patebat
583 1901 612 1928 in
631 1899 753 1928 vulnera
773 1909 798 1927 s,
822 1899 851 1926 in

141 1938 201 1967 tela
222 1938 353 1966 hostilia.
374 1938 501 1976 duplicat
520 1939 630 1966 vir-mn:
652 1937 799 1970 incurvat,
819 1940 853 1964 ut

141 1977 287 2005 reddatur
300 1977 496 2004 Homericum
517 1979 612 2004 ἷδυοῦν.
638 1978 742 2006 ’ἰδνώθη
758 1988 786 2002 τε
804 1988 852 2002 πε-

143 2019 197 2042 σὼν
222 2014 310 2042 Iliad.
331 2028 353 2047 υ,
375 2015 452 2050 618;
482 2014 552 2042 hinc
573 2014 742 2050 adjectum3
770 2022 850 2045 curn,

142 2062 195 2081 seu
209 2062 283 2089 prae,
296 2053 403 2081 dolore.
445 2052 486 2080 Et
510 2053 554 2080 sic
574 2050 736 2089 duplicatus
753 2050 852 2088 poples

143 2090 225 2123 XII,
246 2091 316 2119 927.
362 2091 480 2119 Niobes
507 2090 568 2118 filia
585 2089 721 2125 collapsa
742 2089 853 2117 dicitur

143 2128 290 2165 duplicata
304 2129 418 2157 vulnere
437 2138 511 2157 coeco
533 2138 581 2165 ap.
598 2127 691 2155 ovid.
707 2127 782 2155 Met.
797 2128 855 2159 VI,

144 2167 214 2199 293,
229 2167 280 2194 ubi
295 2177 325 2194 v.
341 2167 445 2195 Burin.
465 2170 496 2195 et
510 2167 546 2194 ad
560 2166 627 2193 Val.
645 2165 693 2193 Fi.
706 2165 764 2199 VI,
787 2166 855 2193 509.

145 2204 205 2247 Ap.
229 2205 352 2233 Graecos
372 2207 542 2232 πτύσσεσθαι
558 2204 603 2232 sio
623 2212 780 2232 occurrere
796 2213 856 2232 me-

145 2251 227 2269 mnu.

182 2280 242 2307 619
266 2288 383 2317 pussme,
406 2280 442 2307 ad
464 2289 606 2317 pugnam,
629 2283 662 2308 ut
683 2279 855 2317 expeditior

145 2321 227 2346 esset
241 2318 278 2345 ad
292 2317 498 2354 pugnandum,
514 2318 543 2345 in
557 2318 662 2355 primis
677 2327 749 2346 arcu
761 2317 853 2355 sagit-

146 2360 206 2384 tam
232 2355 389 2383 emissura.
430 2355 671 2392 Comparationis
694 2359 793 2383 autem
818 2355 854 2382 li-

147 2403 217 2422 neas
229 2393 324 2425 ducit,
344 2402 430 2429 quam
446 2403 515 2421 mox
529 2393 639 2431 repetit
652 2397 682 2422 et
696 2398 780 2421 ornat
793 2403 854 2420 vss.

146 2433 205 2460 650
229 2432 395 2469 sqq.—650
420 2440 558 2468 spargens
589 2432 705 2459 denset:
740 2431 771 2459 id
798 2435 855 2464 est,

147 2469 240 2498 dense
254 2469 381 2506 spargit,
401 2469 493 2505 jacit3
515 2468 589 2496 alias
611 2469 750 2502 fundere,
773 2471 856 2502 χέειν.

147 2508 242 2535 —651
265 2507 409 2543 indefessa
435 2510 481 2534 est
504 2509 722 2539 simmam—653
746 2505 775 2534 in
798 2510 857 2535 {er-

147 2554 216 2582 ymn
238 2545 374 2573 recessit.-
395 2544 485 2572 etiam
498 2544 555 2571 hoc
576 2554 593 2572 a
609 2545 725 2583 vulgari
744 2544 858 2573 ratione

150 2583 287 2610 deflexit.
308 2592 375 2610 nam
389 2583 513 2619 vulgare
525 2585 589 2609 est:
612 2582 637 2610 si
652 2589 771 2618 tergum
791 2592 858 2611 ver-

150 2620 199 2652 tit,
213 2620 275 2653 dat,
297 2624 360 2648 tum
376 2620 427 2648 illa
445 2619 525 2648 redit
540 2623 623 2657 tergo
639 2630 724 2648 verse
742 2629 749 2655 3
771 2631 859 2649 versa

151 2662 248 2693 tergo.
259 2658 329 2686 etin
344 2663 472 2695 tergum.
482 2658 571 2685 &0654
582 2657 858 2694 spiculafitqiamiu,

151 2695 219 2733 ipsa
239 2696 367 2733 lugiens,
390 2704 421 2724 ut
444 2700 527 2725 recte
548 2695 782 2724 Servius—4351&
808 2697 858 2724 mi-

893 1633 1012 1666 nistrns,
1040 1634 1186 1661 comites:
1225 1632 1274 1661 Sic
1303 1634 1421 1666 δμωίδας
1443 1631 1603 1660 Penthesi-

894 1671 949 1699 leae
971 1672 1024 1699 dat
1045 1672 1176 1707 Quintus
1198 1671 1326 1700 Calaber
1350 1670 1402 1697 lib.
1421 1669 1449 1703 Ι,
1476 1670 1534 1697 33:
1568 1673 1602 1698 ut

895 1712 1057 1742 θεριὶποιγες
1085 1710 1207 1738 heroum
1236 1713 1365 1736 sunt.—
1379 1709 1439 1735 659
1461 1707 1603 1735 Tlireicioe

894 1748 1079 1776 Amazones.-
1108 1757 1164 1785 pro
1188 1747 1339 1784 Scythicis
1358 1745 1406 1773 vel
1426 1745 1602 1773 Sarmaticis

892 1785 982 1819 dixit,
1018 1790 1050 1813 ut
1075 1786 1246 1814 Tlireissain
1275 1783 1470 1821 Harpalycen
1494 1783 1546 1811 lib.
1575 1784 1601 1815 I,

891 1824 961 1857 316,
984 1825 1075 1860 quod,
1093 1828 1242 1861 tamquam
1255 1823 1436 1859 poe'ta,jure
1452 1831 1505 1849 suo
1520 1821 1602 1849 fecit.

892 1861 943 1890 Sic
970 1862 1140 1899 Strymonis
1164 1864 1208 1889 est
1234 1860 1376 1896 Propert.
1402 1859 1460 1892 IV,
1492 1861 1523 1892 4,
1551 1860 1602 1887 69.

891 1899 1057 1927 Sarmatica
1079 1904 1176 1928 auten]
1199 1898 1283 1935 origo
1298 1898 1362 1926 sere
1386 1897 1534 1925 communi
1551 1907 1602 1925 ve-

891 1942 987 1965 terum
1023 1947 1171 1966 consensu
1206 1936 1414 1965 Amazonibus
1448 1935 1604 1965 tribuitur.

891 1975 949 2003 etsi
974 1975 1104 2013 vulgaris
1126 1975 1227 2003 fabula
1247 1984 1263 2002 a
1286 1973 1427 2002 Tauaidis
1451 1973 1538 2000 ostiis
1564 1973 1602 2000 ad

890 2013 982 2040 Ponti
997 2013 1069 2042 fines
1091 2017 1122 2041 et
1134 2012 1383 2040 Thermodontem
1403 2011 1527 2038 ssuviuni
1552 2020 1603 2038 eas

890 2050 1037 2078 traduxit.
1063 2061 1092 2079 v.
1115 2051 1173 2078 loc.
1195 2050 1283 2078 class.
1307 2048 1418 2077 sustin.
1440 2048 1486 2076 ΙΙ.
1513 2049 1541 2076 4.
1564 2049 1606 2076 cf.

892 2088 1034 2126 Apollon.
1045 2088 1260 2116 1L370-966
1277 2096 1345 2123 sqq.
1361 2091 1390 2114 et
1403 2085 1605 2114 schot—659

894 2138 956 2154 cumv
978 2126 1103 2162 flumina
1137 2124 1355 2153 Thermodontis
1380 2124 1516 2162 pulsant:
1548 2133 1604 2160 pro

895 2164 969 2201 ripis
985 2164 1090 2192 [lumen
1105 2164 1220 2192 dictum
1237 2163 1377 2199 opinatur
1385 2162 1482 2189 Cerda
1496 2164 1527 2189 et
1540 2161 1603 2195 alii,

896 2207 928 2230 ut
953 2213 980 2230 v.
1003 2212 1028 2229 e.
1053 2203 1111 2230 Ge.
1128 2202 1174 2235 II,
1201 2202 1247 2229 ll.
1277 2202 1332 2228 12:
1354 2199 1421 2228 aliae
1438 2200 1612 2227 arbores—v

896 2250 1009 2277 campos
1025 2244 1050 2267 cr
1061 2239 1182 2276 flumina
1194 2240 1249 2267 lale
1266 2238 1364 2267 Curva
1381 2241 1484 2265 tenent.
1525 2237 1604 2265 Mihi

893 2283 993 2307 tamen
1008 2288 1075 2305 enni
1095 2278 1159 2315 ipsa
1174 2287 1223 2305 res
1238 2276 1411 2313 persuadet,
1436 2275 1482 2313 agi
1494 2275 1531 2303 de
1548 2275 1603 2303 flu-

894 2317 973 2345 mine
983 2316 1075 2353 glacie
1092 2316 1235 2347 obducto,
1251 2318 1314 2342 tum
1325 2323 1396 2342 vero
1411 2313 1500 2341 etiam
1512 2313 1603 2342 Clau-

894 2355 972 2383 diani
996 2354 1133 2386 imitatio,
1157 2353 1282 2391 quinon
1306 2352 1391 2379 aliter
1412 2351 1602 2380 intellexisse

895 2393 1034 2421 videtur:
1075 2392 1164 2419 I'ros.
1187 2394 1265 2427 rapt.
1295 2390 1342 2423 II,
1370 2390 1604 2418 62—66:—660

896 2430 1038 2459 bellantur
1068 2439 1122 2467 pro
1150 2429 1262 2457 bellant
1288 2432 1321 2455 ut
1347 2427 1416 2461 alia,
1451 2437 1479 2455 v.
1517 2428 1604 2456 Serv.

896 2470 946 2497 Sic
962 2468 1089 2496 nutritor
1100 2476 1155 2504 pro
1169 2467 1279 2494 nutrito
1295 2466 1352 2493 Ge.
1368 2466 1414 2499 ΙΙ,
1428 2466 1496 2494 425.
1514 2465 1604 2504 pictis

895 2506 995 2539 armis,
1011 2515 1082 2533 auro
1099 2508 1283 2541 argentoque
1298 2503 1458 2536 distinctis,
1475 2504 1603 2532 maxime

896 2545 990 2582 pelta.
1019 2544 1056 2570 ct'.
1077 2543 1114 2570 ad
1139 2542 1232 2575 VIII,
1259 2543 1326 2570 588.
1347 2552 1376 2569 se
1397 2543 1498 2578 refert,
1526 2542 1604 2569 redit

899 2586 945 2617 (v.
962 2581 1062 2618 paullo
1077 2580 1180 2614 ante),
1202 2590 1257 2607 non
1272 2584 1306 2608 ut
1320 2580 1406 2608 Serv.
1420 2589 1475 2616 pro
1490 2590 1521 2607 se
1535 2580 1604 2611 fert.

897 2617 1161 2648 infern—tumultu
1176 2618 1313 2652 ululante,
1326 2618 1460 2647 invertit.
1476 2627 1542 2645 cuin
1558 2619 1603 2653 ip-

901 2667 942 2686 sa*
968 2656 1081 2684 ululent
1111 2666 1179 2684 cum
1207 2656 1353 2684 tumultu:
1381 2665 1448 2683 cum
1475 2655 1603 2683 tumultu

901 2694 1089 2727 ululantium,
1101 2695 1137 2733 sti·
1150 2705 1177 2724 e.
1193 2694 1344 2724 ovantium
1360 2704 1366 2723 z
1382 2694 1498 2722 ululare
1513 2693 1604 2722 etiam
