1796 3077
184 254 279 299 412

590 250 634 288 P.
665 246 896 286 VIRGILII
927 245 1179 284 MARONIS

185 384 396 427 Hortatur
413 384 561 433 socios,
583 383 839 436 paribusque
861 377 1092 432 accingitur
1112 378 1249 420 armis.

184 441 328 497 Atque
345 441 436 482 haec
456 441 544 494 ipse
567 453 642 479 suo
664 438 772 478 tristi
786 451 881 478 cum
900 436 1026 476 corde
1046 433 1218 483 volutat,

1543 437 1622 478 185

183 498 421 553 Aspectans
442 497 583 537 silvam
603 496 857 542 immensam,
878 499 921 533 et
942 493 998 532 sic
1018 506 1119 534 voce
1135 499 1354 546 precatur:

185 555 230 596 Si
249 569 358 596 nunc
380 568 423 594 se
443 553 562 593 nobis
583 551 650 592 ille
667 566 819 592 aureus
841 550 990 590 arbore
1005 562 1145 589 ramus

183 610 394 652 Ostendat
414 624 583 650 nemore
599 609 641 648 in
662 609 799 649 tanto!
831 606 1003 661 quando
1023 606 1161 646 omnia
1179 620 1277 646 vere

183 667 284 708 Heu
302 669 311 707 1
343 666 512 708 nimium
528 666 581 707 de
597 672 640 707 te
659 672 790 714 vates,
813 663 992 712 Misene,
1008 661 1149 703 locuta
1171 670 1248 703 est.

183 723 270 765 Vix
290 739 340 764 ea
360 723 469 764 fatus
489 730 590 771 erat,
607 723 783 777 geminae
803 735 933 776 quum
953 719 1061 760 forte
1082 719 1287 761 columbae

1546 721 1624 761 190

181 779 283 834 Ipsa
304 780 381 821 sub
398 794 471 822 ora
490 780 566 820 viri
586 778 692 821 coelo
714 792 863 820 venere
884 776 1083 825 volantes,

180 836 244 880 Et
263 837 385 878 viridi
405 835 551 878 sedere
573 835 674 877 solo.

732 834 846 876 Tum
865 834 1071 875 maximus
1091 832 1218 874 heros

180 892 400 935 Maternas
415 893 604 948 agnoscit
619 906 727 942 aveS,
744 892 949 946 laetusque
966 897 1187 945 precatui-t

181 949 288 991 Este
310 950 453 998 duces,
474 965 511 1000 o,
534 950 570 992 si
587 964 671 1004 qua
689 950 755 990 via
769 956 845 998 est,
865 962 1116 1000 cursumque
1135 960 1212 1001 per
1233 960 1355 987 auras

181 1006 365 1062 Dirigite
381 1007 423 1047 in
444 1005 573 1056 lucos,
594 1007 669 1047 ubi
688 1007 886 1060 pinguem
906 1004 1021 1045 dives
1043 1010 1194 1057 opacat

605 1062 774 1116 Tuque,
795 1076 832 1111 o,
855 1061 992 1102 dubiis
1009 1075 1061 1101 ne
1079 1059 1214 1101 defice
1232 1058 1373 1110 rebus,

537 1120 605 1162 Sic
626 1119 778 1161 affatus
797 1118 972 1172 vestigia
992 1117 1159 1172 pressit,

182 1063 343 1105 Ramus
359 1063 544 1104 humum.

182 1120 295 1162 Diva
310 1135 476 1174 parens.

1547 1004 1627 1045 195

184 1177 426 1218 Observans
446 1191 541 1229 quae
557 1177 674 1230 signa
687 1176 835 1223 ferant,
856 1189 941 1228 quo
961 1174 1136 1214 tendere
1152 1179 1345 1227 pergant.

184 1232 413 1274 Pascentes
433 1232 513 1273 illae
533 1240 693 1273 tantum
711 1232 882 1286 prodire
897 1229 1090 1279 volando,

183 1289 401 1336 Quantum
422 1289 511 1330 acie
530 1296 702 1344 possent
723 1287 832 1328 oculi
852 1300 1016 1327 servare
1035 1292 1298 1339 sequentum.

1543 1287 1626 1328 200

180 1345 303 1395 Inde,
325 1347 398 1387 ubi
417 1360 567 1386 venere
589 1346 642 1386 ad
664 1345 806 1386 fauces
827 1357 952 1396 grave
974 1342 1121 1383 olentis
1142 1342 1315 1389 Averni,

181 1402 358 1444 Tollunt
374 1417 417 1443 se
437 1401 618 1451 celeres3
648 1400 938 1454 liquidumque
958 1413 1035 1452 per
1055 1399 1154 1439 aera
1172 1398 1316 1451 lapsae.

183 1459 366 1500 Sedibus
387 1459 540 1513 optatis
561 1459 736 1513 geminae
758 1470 885 1511 super
906 1456 1056 1496 arbore
1078 1455 1232 1504 sidunt,

181 1515 379 1557 Discolor
394 1516 506 1556 unde
527 1515 617 1556 auri
635 1529 712 1569 per
731 1528 867 1554 ramos
889 1527 991 1553 aura
1006 1511 1183 1552 refulsit.

182 1571 320 1619 Quale
341 1571 446 1614 solet
461 1571 570 1613 silvis
590 1570 769 1613 brumali
788 1570 944 1624 frigore
960 1570 1118 1610 viscum

180 1628 349 1670 Fronde
369 1630 503 1670 virere
523 1643 645 1676 nova,
664 1627 779 1683 quod
799 1641 883 1668 non
900 1641 974 1666 sua
995 1626 1169 1667 seminat
1189 1626 1327 1676 arbos,

183 1685 244 1727 Et
264 1701 411 1728 croceo
431 1686 521 1727 fetu
542 1692 696 1727 teretes
712 1682 972 1726 circumdare
993 1690 1184 1724 truncos:

184 1742 302 1784 Talis
323 1750 412 1784 erat
433 1742 593 1797 species
610 1743 701 1783 auri
719 1740 953 1782 frondentis
973 1755 1106 1795 opaca

184 1868 225 1897 Il.
239 1875 273 1903 ψ,
286 1869 343 1898 139
357 1869 412 1907 (cf.
427 1869 492 1898 Ecl.
505 1869 533 1903 I,
548 1870 596 1898 09.
611 1869 668 1906 R.)
709 1869 883 1907 Moxpiceoe

206 1908 304 1944 roprie
320 1908 347 1935 in
362 1909 442 1946 rogis
462 1908 559 1936 locum
571 1908 689 1936 habent.
710 1908 785 1936 conf.
804 1908 883 1935 Plin.

185 1945 280 1979 XVI,
300 1947 337 1975 10
358 1956 383 1974 s.
406 1947 549 1975 lese-182
563 1947 595 1974 <le
611 1947 762 1974 montibus
778 1946 830 1973 int.
855 1949 884 1974 et

183 1993 214 2012 v.
237 1985 293 2012 154
320 1984 489 2023 αεσὶηῃίῖιιν,
512 1988 665 2019 immite-mi,
694 1984 821 2023 accingit
841 1993 883 2012 se.

184 2023 237 2060 (se
251 2023 382 2057 instruit,
396 2024 434 2052 cf.
450 2023 513 2057 IX,
529 2025 577 2052 74.
594 2023 650 2060 R.)

225 2062 280 2090 187
296 2062 330 2090 Si
354 2072 438 2095 nuuc,
462 2062 572 2090 utinam
593 2071 678 2095 nunc,
699 2064 732 2089 ut
746 2061 797 2090 Gr.
813 2063 847 2095 εὶ,
862 2063 885 2089 εὶ

185 2101 249 2134 γὰρ,
266 2110 295 2128 ν.
309 2111 336 2129 0.
353 2101 402 2138 qui
416 2101 498 2129 locus
511 2101 540 2129 iu
552 2100 686 2128 manibus
696 2103 753 2133 est,
768 2099 882 2136 Hymn.

186 2138 313 2167 Homer.
328 2139 356 2167 in
371 2139 470 2177 Apoll.
486 2141 521 2167 51
537 2141 615 2172 Δῆλ’,
629 2141 651 2167 εὶ
668 2142 719 2173 γάρ
735 2141 756 2166 κ’
769 2141 883 2167 ἐθέλεις.

187 2186 277 2215 quem
302 2177 327 2206 si
352 2178 393 2206 ita
419 2178 582 2216 acceperis,
608 2177 811 2206 emendatione
828 2186 884 2205 nou

187 2225 275 2253 egere
301 2216 431 2249 videbis,
452 2216 508 2245 uisi
531 2221 563 2245 ut
583 2219 688 2245 ἐθέλοις·
710 2216 833 2244 scribas.
855 2225 884 2243 se

187 2255 327 2288 ostendat,
348 2259 491 2293 appareat
512 2259 587 2291 etc.;
610 2265 662 2283 neo
684 2259 783 2283 tamen
799 2253 885 2283 dubi-

188 2293 322 2325 tandum,
336 2295 441 2322 arbore
457 2294 511 2322 1130
522 2294 651 2327 inventa,
665 2293 789 2321 alteram
798 2292 886 2321 etiam

187 2330 321 2359 vaticinii
335 2337 448 2369 partem
469 2336 607 2361 eventum
624 2342 689 2360 esse
708 2332 887 2364 habituram,

189 2369 308 2406 qnando
331 2372 486 2400 eto—190
501 2381 514 2399 s
539 2393 545 2399 .
571 2371 690 2408 Dignus
705 2370 756 2398 tali
771 2370 888 2398 vindice

190 2407 300 2436 nodus.
340 2409 466 2438 ostento
490 2420 526 2438 ve
563 2409 687 2447 augurio
717 2409 814 2446 aliquo
842 2417 888 2437 res

188 2446 326 2483 profecto
338 2457 411 2476 nunc
426 2458 492 2476 cum
503 2448 631 2477 maxime
646 2451 710 2476 erat
729 2446 892 2485 expedIen—

191 2484 239 2512 da.
279 2484 376 2520 Quale
406 2490 504 2515 autem
531 2487 610 2515 aliud
640 2486 891 2515 accommodatius

191 2522 317 2551 Veneris
334 2525 435 2553 matris
449 2526 574 2554 avibus?
595 2525 651 2553 etsi
675 2525 791 2553 omnino
812 2524 890 2552 faus-

191 2564 256 2589 tum
275 2565 303 2590 et
324 2561 424 2591 laetum
437 2563 491 2591 hoc
508 2564 684 2602 auspicium.
724 2563 784 2591 Sed
799 2564 887 2600 poeta

191 2598 270 2628 haud
291 2600 379 2628 dubie
404 2601 431 2629 in
453 2602 547 2630 animo
576 2602 679 2630 babuit
698 2601 887 2639 Apollonium

192 2637 245 2666 lib.
272 2637 338 2671 III,
359 2639 415 2668 540
429 2649 494 2677 sqq.
509 2641 547 2668 cf.
561 2641 619 2669 926
636 2651 703 2677 sqq.
742 2640 807 2668 Nec
824 2640 886 2668 Do-

191 2677 328 2707 donoeum
341 2677 493 2712 oraculum
511 2688 549 2709 ex
566 2679 712 2708 columbis
726 2679 887 2708 obscurum

922 1871 979 1897 est.
1022 1868 1090 1897 Hoc
1117 1867 1243 1906 augurio
1266 1871 1427 1905 conspecto
1450 1867 1586 1897 substitit
1600 1872 1630 1897 et

922 1910 1072 1943 precatur,
1103 1917 1141 1935 ex
1166 1917 1257 1935 more.
1321 1907 1448 1935 Praeivit
1476 1908 1629 1936 Homerus.

924 1945 1011 1972 Iliad.
1040 1958 1065 1979 κ,
1092 1946 1161 1973 274.
1186 1947 1244 1974 278
1260 1947 1401 1983 sq.—195
1426 1945 1629 1973 ubi—humum

923 1987 1034 2015 ornate,
1065 1993 1173 2011 aureus
1188 1993 1286 2011 ramus
1301 1988 1358 2012 est.
1385 1984 1441 2011 198
1457 1993 1521 2021 quae
1535 1986 1629 2022 siqua,

923 2021 1010 2060 quale
1030 2022 1205 2057 augurium:
1227 2022 1298 2058 quid
1318 2022 1484 2051 ostendant.

963 2061 1018 2088 201
1035 2060 1135 2088 Arbor
1149 2060 1249 2087 stabat
1262 2060 1290 2088 in
1305 2060 1369 2097 ipsa
1380 2061 1469 2088 valle.
1502 2060 1579 2090 Vide
1595 2071 1625 2089 v.

922 2099 989 2127 139.
1010 2098 1130 2126 Sedibus
1151 2098 1256 2135 optatis
1273 2099 1424 2136 eleganter
1449 2100 1486 2128 de
1512 2100 1630 2134 arbore,

923 2147 1009 2175 quam
1023 2137 1123 2165 volatu
1136 2137 1291 2180 petierant.
1303 2138 1460 2171 ‹un-ianm,
1475 2137 1630 2175 splendor.

922 2176 1010 2205 Aura
1024 2176 1061 2203 de
1071 2175 1190 2203 luminis
1205 2176 1446 2205 reverberatione
1462 2177 1628 2214 exquisite,

924 2224 954 2243 v.
975 2215 1011 2242 ad
1027 2215 1083 2242 Ge.
1098 2214 1144 2247 ΙΙ,
1163 2215 1212 2247 47,
1227 2214 1278 2242 ubi
1298 2214 1414 2243 luminis
1435 2225 1525 2243 auroe.
1539 2214 1577 2244 cf.
1595 2214 1626 2244 h.

924 2253 944 2282 1.
961 2253 1045 2282 SerV.
1058 2252 1107 2281 Sic
1121 2252 1198 2291 ignis
1209 2252 1341 2281 fulminei
1351 2264 1431 2288 aura,
1443 2258 1526 2290 φάεος
1537 2256 1629 2287 ἀϋτμὴ

926 2291 1046 2321 Calliin.
1061 2291 1090 2319 in
1111 2291 1199 2320 Dian.
1224 2292 1276 2320 117
1293 2292 1330 2320 de
1350 2302 1460 2330 vapore
1476 2291 1564 2330 ignis,
1577 2295 1629 2329 qui

927 2330 1014 2359 etiam
1041 2330 1158 2367 longius
1181 2330 1288 2359 dissita
1307 2330 1415 2360 adurit.
1453 2330 1580 2367 Proprie
1598 2329 1628 2357 in

928 2369 1019 2397 odore
1042 2368 1141 2397 locum
1168 2368 1363 2398 haben—205
1392 2379 1437 2407 sq.
1460 2369 1507 2397 De
1531 2368 1627 2401 visen,

929 2407 1111 2436 Druidarum
1125 2408 1391 2445 superstitionibus
1401 2406 1556 2436 nobilitato
1565 2406 1627 2434 fru-

930 2446 990 2474 tice
1005 2446 1153 2483 glutinoso
1169 2446 1197 2473 in
1223 2456 1334 2484 querno
1355 2447 1493 2474 arborum
1509 2454 1627 2481 genere,

930 2494 983 2513 nec
999 2485 1092 2512 minus
1104 2489 1199 2513 tamen
1212 2485 1241 2513 in
1253 2484 1318 2513 aliis
1329 2493 1446 2522 quoque
1457 2483 1627 2518 arboribus,

930 2523 1020 2552 ramis
1035 2523 1131 2552 enasci
1141 2523 1239 2556 solito,
1251 2523 1327 2552 unde
1338 2522 1480 2561 glutinum
1494 2526 1627 2560 paratur,

925 2572 963 2591 ex
987 2561 1110 2590 historia
1131 2561 1255 2590 naturali
1277 2561 1356 2589 notio
1381 2560 1628 2598 pete11da.-l1ru-

925 2600 1132 2638 malifiiyore,
1151 2604 1221 2629 tunc
1246 2600 1321 2628 enim
1347 2603 1494 2627 maturum
1528 2603 1625 2627 est.—

925 2639 981 2667 207
1016 2649 1112 2668 croceo
1138 2640 1216 2678 fetu,
1250 2648 1287 2666 ex
1310 2641 1414 2666 natura
1436 2637 1521 2666 visci.
1543 2637 1625 2666 Plin.

927 2677 1058 2713 XXIV,
1067 2679 1094 2708 4.
1107 2687 1131 2707 s.
1140 2680 1159 2707 6
1169 2676 1312 2716 Optimum
1326 2675 1624 2714 cst--extrufulvum,
