1796 3077
179 188 269 235 140

180 305 335 348 Omnia
349 306 437 361 jam
456 306 637 361 vulgata.

591 186 634 226 Ρ.
666 187 896 226 VIRGILII
927 187 1176 229 MARONIS

699 308 806 354 Quis
828 315 899 348 aut
921 308 1164 363 Eurysthea
1185 311 1348 360 durum,

179 363 272 405 Aut
292 363 479 404 illaudati
499 365 631 404 nescit
653 363 858 404 Busiridis
881 366 1003 405 aras?

1601 365 1629 405 (π

181 420 261 461 Cui
282 435 365 461 non
385 421 521 460 dictus
542 419 676 473 Hylas
696 435 813 474 puer,
846 427 888 461 et
910 420 1090 462 Latonia
1112 422 1259 473 Delos,

179 476 549 532 Hippodameque,
578 475 840 531 humeroque
863 476 1017 532 Pelops
1038 479 1209 534 insignis
1228 482 1412 544 eburno,

178 533 294 575 Acer
314 533 460 586 equis?
491 532 717 574 Tentanda
737 535 803 575 via
823 542 898 583 est,

930 549 1013 588 qua
1033 550 1099 577 1116
1119 551 1287 591 qUOqUC
1302 552 1456 592 possm}

177 590 348 632 Tollere
368 589 510 638 humo,
541 589 756 644 victorque
777 591 910 631 virum
930 591 1103 633 volitare
1123 608 1199 647 per
1218 609 1306 635 ora.

177 643 343 688 Primus
363 660 443 700 ego
463 646 505 686 in
527 647 703 700 patriam
722 662 897 696 meeum,
928 648 1055 689 modo
1075 650 1159 690 vita
1180 651 1374 704 supersit,

1576 650 1630 689 lo

176 703 316 744 Aonio
337 703 503 744 rediens
524 703 731 744 deducam
752 703 905 745 vertice
928 704 1089 755 Musas,

176 760 342 800 Primus
364 759 571 800 Idumaeas
592 760 771 801 referam
791 761 878 810 tibi,
911 761 1102 812 Mantua,
1134 763 1317 818 palmas3

174 816 235 858 Et
255 816 374 857 viridi
395 817 437 857 in
457 832 604 871 campo
627 817 827 872 templum
849 818 902 858 de
923 833 1129 861 marmore
1150 836 1302 875 ponam

171 938 240 966 quae
259 927 419 962 delectant,
439 931 470 956 et
489 928 631 966 exprimit
644 926 699 955 hoc
714 926 810 965 ipsum
826 927 878 955 de-

172 966 340 995 lectationis
359 971 511 1001 naturam3
531 977 627 995 vamme
641 969 738 994 autem
753 970 878 999 mentes,

172 1015 190 1033 a
202 1005 293 1039 curis,
309 1005 412 1039 rebus,
434 1015 466 1033 ac
480 1005 588 1033 studiis
601 1004 715 1033 severis
731 1008 879 1037 vacantes,

173 1043 316 1072 sollemne
331 1043 367 1071 de
382 1043 429 1077 iis,
451 1042 502 1081 qui
517 1044 672 1080 poetarum
686 1042 813 1070 carmina
827 1052 877 1071 au-

171 1081 563 1120 diunt.-—4——E11rysthemn
576 1090 749 1114 memorans,
760 1081 877 1109 Hercu—

170 1120 209 1149 lis
245 1120 363 1149 labores
399 1120 547 1158 intelligit.
587 1120 703 1149 Eodem
733 1119 877 1148 referendi

172 1162 241 1188 sunt
260 1159 379 1187 Busiris
399 1159 435 1187 ab
456 1158 590 1187 Hercule
610 1168 708 1187 cresus
724 1162 754 1186 et
771 1158 878 1196 Hylas.

172 1198 394 1227 Commemorat
413 1201 512 1226 autem
532 1197 657 1230 fabulas,
679 1206 752 1234 quas
773 1206 789 1224 a
805 1196 879 1224 satis

171 1236 275 1264 multis
302 1235 400 1272 poe'tis
434 1239 576 1264 tractatas
609 1246 675 1264 esse
707 1235 878 1270 constabat;

170 1274 258 1302 etiam
270 1274 306 1302 de
319 1273 409 1308 Delo,
423 1278 451 1302 et
463 1274 499 1302 de
514 1273 639 1311 Pelope,
655 1272 705 1311 qui
720 1273 880 1311 Hippoda-

172 1312 261 1340 miam
279 1322 370 1341 cursu
392 1312 601 1350 quadrigarum
621 1312 759 1340 obtinuit.
800 1312 878 1340 Hine

171 1360 202 1378 v.
225 1350 282 1379 Cui
303 1361 358 1379 non
372 1349 484 1379 dictus!
506 1349 611 1379 Dicere
630 1351 707 1379 enim
726 1351 762 1379 de
780 1351 879 1388 poe'tis

170 1388 326 1418 sollemne.
366 1390 407 1418 At
430 1399 464 1417 ea
490 1390 585 1417 omnia
608 1391 762 1427 pretarum
789 1399 880 1426 opera

443 1432 532 1456 racter
554 1428 705 1466 Apollonii
728 1432 759 1456 et
782 1427 879 1456 Theo-

410 1438 504 1504 }Iiyla,
535 1466 678 1495 Herculis
706 1466 826 1499 amasio,
848 1470 879 1494 et

171 1427 394 1462 interciderunt,

169 1465 237 1494 criti
262 1465 328 1495 loca
352 1467 389 1495 de

170 1504 241 1533 Deli
266 1504 369 1533 laudes
402 1506 481 1542 apud
515 1505 797 1534 Callimachum—5
830 1506 877 1533 De

166 1542 306 1572 inundato
318 1543 346 1571 h.
369 1543 545 1572 detestando
561 1543 700 1572 Busiride
715 1543 832 1571 videud³
848 1543 877 1572 in

192 1581 274 1610 rimis
297 1582 374 1610 Gell.
397 1582 442 1615 11,
463 1583 493 1615 6,
515 1581 564 1610 ubi
581 1582 619 1609 ef.
642 1582 703 1610 Iac.
725 1582 874 1611 Gronom:

169 1591 307 1649 lilacrob.
329 1621 392 1649 Sat.
413 1620 473 1655 vl,
493 1622 521 1649 7.
564 1621 653 1649 Omni
673 1621 877 1658 disputatione

169 1659 286 1696 potiora
307 1664 377 1688 sunt
397 1659 449 1687 illa
473 1658 563 1688 Gellii
583 1660 693 1687 verba:
715 1660 876 1689 illaudatus

167 1701 210 1725 ese
232 1697 316 1736 quasi
334 1697 513 1726 illaudabilis
533 1702 560 1725 et
578 1697 806 1731 innominabilis,
827 1699 877 1736 qui

168 1746 256 1774 neque
278 1736 418 1764 mentione
442 1740 491 1764 aut
518 1736 653 1763 memoria
680 1736 738 1763 ulla
761 1736 875 1773 diyaerus,

166 1784 256 1812 neque
269 1784 402 1812 umquam
417 1774 617 1802 'memorandus
629 1778 681 1802 est.
717 1775 879 1811 Expressit

169 1817 267 1840 autem
294 1812 422 1841 Homeri
451 1815 494 1840 οὐκ
525 1815 677 1845 ὀνομαστὸν
709 1813 822 1849 Odyss.
852 1828 877 1842 τ.

166 1851 236 1879 260.
257 1851 324 1880 597.
337 1862 344 1887 3
368 1860 463 1889 neque
479 1850 515 1879 ad
528 1854 626 1878 notam
640 1851 763 1879 formam
778 1851 877 1880 litotes

168 1889 332 1926 confugere
350 1899 473 1918 necesse
488 1891 602 1917 est—5
621 1890 647 1917 A
655 1900 701 1917 cer
719 1889 810 1927 equis,
831 1900 876 1919 re-

167 1927 276 1965 gendis
300 1927 453 1966 quadrigis
468 1932 618 1961 strenuus,
639 1928 799 1961 excellens,
822 1933 875 1957 lm-

168 1970 222 1994 νὸς.
247 1966 291 1994 Η.
331 1966 376 1998 Is,
408 1967 458 2004 qni
487 1966 690 1995 strenuitatem
718 1977 749 1995 re
777 1967 875 2004 aliqua

167 2004 320 2032 tractanda
340 2004 386 2033 vel
408 2005 537 2033 curanda
558 2005 700 2039 ostendit,
721 2016 787 2033 acer
800 2005 875 2033 dici—

168 2046 228 2077 tur,
249 2046 278 2071 et
294 2043 414 2080 poetica
435 2044 496 2072 fere
519 2048 567 2072 est
590 2044 670 2072 vocis
691 2044 875 2072 constructio

168 2090 236 2110 cum
258 2084 346 2109 sexto
369 2091 451 2110 casu.
492 2082 541 2110 lta
565 2082 635 2110 sEn.
657 2082 696 2116 V,
720 2084 788 2111 668.
809 2094 875 2111 acm·

165 2129 238 2157 equo
268 2122 314 2148 est
341 2124 480 2149 strenuus
509 2120 680 2158 equitando.
720 2122 799 2150 Add.
828 2122 873 2155 X,

165 2158 233 2186 411.
267 2157 374 2186 W.—9
400 2159 711 2197 Cireumspiciendum
736 2160 806 2188 mihi
829 2165 875 2188 est

165 2200 381 2234 argumentum,
401 2198 487 2235 cujus
501 2198 677 2226 tractatione
691 2208 792 2227 nomen
804 2208 873 2227 con-

166 2244 285 2272 sequar.
325 2234 415 2263 victor
440 2236 557 2273 po'e'tico
582 2241 687 2265 ornatu
711 2237 872 2275 adjectum,

167 2272 211 2300 uti
226 2272 312 2306 solet,
335 2273 361 2301 si
375 2273 413 2302 de
429 2284 535 2310 magno
551 2274 652 2312 aliquo
666 2284 755 2313 opere
769 2286 872 2313 perac—

167 2314 209 2344 to,
231 2320 335 2348 magna
353 2322 394 2346 re,
416 2322 503 2350 quam
519 2317 674 2342 assecutus
691 2315 743 2347 sis,
765 2315 872 2352 agitur.

166 2349 236 2377 Nou
249 2349 324 2377 male
335 2350 475 2380 Servius:
498 2351 599 2385 victor,
619 2353 872 2391 effectorproposi-

165 2387 189 2415 ti
202 2391 229 2415 et
243 2386 311 2415 voti.
352 2389 473 2417 Luci-et.
494 2389 522 2424 I,
544 2391 582 2418 75
607 2390 696 2419 Omne
711 2390 872 2420 irmnensnm

159 2425 331 2464 peruyravit
357 2426 547 2464 Epicurus—
561 2428 642 2457 Umlc
670 2431 759 2466 refert
793 2430 873 2458 nobis

166 2463 274 2496 victor,
295 2464 365 2502 quid
372 2466 465 2502 possit
485 2466 560 2495 oriri
580 2468 805 2497 eta—virorum
820 2479 873 2506 per

163 2511 217 2531 ora
227 2501 348 2530 volitare
361 2504 492 2533 ornatius
506 2515 594 2542 quam
608 2506 678 2534 ferri
693 2517 749 2544 per
765 2517 826 2542 ora,
845 2507 873 2535 in

165 2550 216 2569 ore
244 2540 372 2569 omnium
399 2552 474 2571 esse.
515 2544 628 2572 Notum
656 2550 755 2574 autem
783 2546 873 2574 Ennii

162 2578 254 2607 illud:
276 2578 361 2607 volito
374 2581 452 2608 vivus
461 2591 515 2619 per
528 2592 580 2609 om
593 2582 694 2611 virum.

203 2618 240 2645 10
260 2616 382 2645 Primus
401 2628 455 2656 ego
477 2620 551 2647 inter
573 2621 751 2650 Mantuanos
768 2631 868 2650 nomen

164 2657 259 2693 po'etoe
282 2665 456 2694 consequar.
497 2658 566 2686 Hoc
590 2659 742 2696 splendide
767 2661 866 2688 elocu-

164 2700 211 2723 tus
227 2699 281 2724 est.
323 2694 383 2731 Qui
399 2695 510 2734 primus
531 2696 607 2726 inter
626 2697 749 2735 aliquem
776 2709 868 2736 popu-

918 927 979 955 lum
994 928 1081 966 poe'si
1095 929 1245 963 clarescit,
1267 929 1292 957 is
1307 927 1411 957 illusas
1424 937 1517 956 secum
1531 927 1559 955 in
1569 937 1625 968 pass

919 965 1005 994 triam
1030 967 1130 995 ducere
1155 967 1215 996 dici
1238 971 1349 1005 potest,
1376 971 1407 996 et
1432 967 1565 995 ornatius
1589 966 1628 993 αἱ]

918 1004 1068 1039 Helicone,
1097 1006 1238 1038 Boeotiae,
1265 1005 1398 1034 Aonibns
1417 1005 1489 1034 olim
1513 1004 1626 1033 habita-

918 1046 969 1077 tae,
991 1049 1108 1080 monte3
1129 1044 1207 1073 idem
1222 1046 1330 1082 referre
1343 1044 1471 1077 laudem,
1491 1043 1627 1081 gloriam,

917 1082 1051 1119 praemia,
1082 1083 1215 1111 victoriae
1246 1082 1383 1120 insignia,
1409 1082 1535 1121 palmam.
1567 1081 1628 1110 dici

917 1125 1028 1157 potest,
1059 1126 1199 1159 respectu
1232 1121 1415 1150 certaminum
1443 1120 1626 1155 musz'cm'um,

919 1168 985 1195 qua}
1010 1159 1085 1187 inter
1106 1161 1228 1188 Gra-cos
1250 1160 1351 1189 haberi
1372 1160 1515 1188 solebant.
1554 1159 1626 1188 Idu-

920 1205 1006 1225 maeas
1018 1201 1114 1226 autem
1122 1198 1237 1235 palmas
1251 1199 1370 1236 poetico
1381 1199 1514 1236 epitheto
1526 1198 1626 1236 appel-

918 1234 993 1263 lavit
1005 1246 1021 1264 a
1035 1237 1126 1265 nobili
1139 1237 1239 1276 aliquo
1257 1246 1373 1275 genere.
1411 1237 1533 1266 Idumen
1554 1238 1625 1274 poe'-

920 1277 958 1302 1ae
984 1284 1039 1312 pro
1063 1275 1199 1304 Idumaea
1224 1286 1257 1304 ae
1283 1280 1345 1304 tota
1369 1276 1477 1304 Judaea
1501 1275 1625 1311 dicunt;

918 1322 1004 1349 quam
1018 1313 1137 1351 quidem
1153 1315 1259 1352 palmis
1272 1315 1454 1351 frequentem
1467 1314 1560 1343 fuisse.
1573 1324 1624 1342 no-

917 1355 980 1379 tum
1006 1356 1070 1383 est:
1098 1352 1216 1381 arbusto
1234 1352 1398 1391 palmarum
1422 1353 1500 1381 dives
1522 1352 1626 1381 Idume

917 1389 1029 1418 Lucan.
1061 1391 1126 1420 III.
1153 1392 1221 1420 216.
1262 1393 1362 1420 Debet
1396 1396 1495 1420 autem
1535 1392 1625 1429 hujus

918 1438 1025 1456 versus
1041 1430 1230 1465 suavitatem,
1252 1434 1284 1458 ut
1298 1430 1404 1468 cuique
1423 1430 1545 1459 obvium
1567 1435 1625 1465 est,

918 1467 969 1511 qui
983 1471 1140 1506 utrumque
1162 1470 1280 1507 poetam
1296 1468 1380 1506 legit,
1402 1469 1490 1497 Maro
1513 1469 1625 1497 Lucre-

916 1509 958 1533 tio
975 1515 1028 1534 suo
1044 1506 1071 1541 l,
1094 1508 1150 1535 118
1170 1507 1286 1535 Ennius
1301 1512 1332 1536 ut
1343 1512 1439 1535 noster
1450 1507 1560 1541 cecinit,
1574 1507 1626 1546 qui

912 1544 1025 1581 primas*
1038 1556 1146 1574 amoeno
1160 1546 1275 1574 Detulit
1295 1557 1329 1574 ex
1350 1546 1489 1575 Helicone
1503 1545 1627 1584 peremti

909 1584 1011 1619 fronte
1026 1594 1170 1617 coronam,
1193 1586 1255 1614 Per
1267 1589 1364 1623 yentes
1376 1584 1470 1614 Italas
1481 1585 1623 1613 hominum

916 1632 981 1659 quse
993 1623 1073 1651 clara
1086 1623 1200 1652 clueret.

956 1662 992 1689 13
1014 1661 1091 1690 Haec
1102 1666 1131 1691 et
1140 1673 1208 1701 quae
1222 1666 1393 1701 sequuntur.
1410 1666 1440 1691 et
1452 1663 1554 1701 templi
1568 1663 1626 1691 hu-

911 1700 962 1736 jus
978 1700 1147 1736 aedificatio,
1166 1712 1253 1739 quam
1274 1702 1416 1730 rationem
1435 1712 1468 1730 ac
1484 1703 1622 1740 conjunc-

917 1737 1024 1766 tionem
1052 1749 1119 1767 cum
1147 1740 1260 1769 ceteris
1294 1740 1429 1774 habeant,
1461 1740 1624 1770 omiserunt

917 1785 1034 1804 monere
1052 1777 1241 1816 interpretes.
1282 1779 1402 1808 Scilicet
1417 1779 1445 1807 in
1461 1789 1495 1808 eo
1511 1779 1623 1808 substi-

917 1817 992 1857 terat
1009 1816 1107 1852 poeta,
1133 1822 1165 1844 ut
1179 1817 1295 1846 laudem
1309 1818 1466 1856 poeticam,
1488 1827 1577 1856 quam
1590 1818 1622 1846 in

917 1856 1039 1889 patriam
1055 1863 1137 1882 suam
1159 1856 1252 1883 redux
1268 1857 1404 1887 referret,
1418 1867 1484 1884 cum
1498 1856 1624 1885 victoria

916 1896 1110 1928 compararet,
1143 1903 1232 1930 quam
1258 1893 1365 1930 aliquis
1396 1894 1471 1922 inter
1498 1895 1622 1924 Graecos

915 1930 1005 1966 poeta
1034 1939 1072 1959 ex
1100 1931 1258 1959 certamine
1286 1931 1419 1960 sollemni
1446 1936 1621 1970 reportaret.

916 1968 1028 1996 Notum
1046 1975 1142 1998 autem
1166 1974 1222 2004 est,
1244 1969 1355 1998 nullum
1375 1969 1558 1999 sollemnium
1574 1971 1622 2000 lu-

915 2007 1020 2035 dorum
1035 2006 1062 2034 in
1078 2008 1196 2036 Graecia
1212 2018 1303 2051 genus
1317 2009 1424 2042 fuisse,
1445 2008 1474 2037 in
1491 2019 1549 2047 quo
1563 2020 1620 2039 non

916 2056 951 2073 eo
972 2049 1105 2082 tempore
1124 2047 1232 2085 ingenii
1247 2047 1418 2081 certamina,
1441 2051 1540 2082 [mmm
1552 2062 1620 2082 μου-

914 2088 995 2118 σικοὶ,
1016 2085 1205 2122 eloquentiae,
1227 2086 1361 2122 poetices
1385 2086 1414 2113 in
1436 2087 1552 2123 primiS,
1576 2087 1620 2116 in-

915 2123 1119 2151 stituerentur.
1160 2124 1206 2152 De
1223 2124 1373 2162 Olympiis
1392 2128 1421 2152 et
1437 2125 1544 2154 ceteris
1559 2125 1619 2154 sol-

914 2160 1060 2190 lemnibus
1078 2172 1163 2199 aeque
1184 2166 1299 2191 certum
1321 2166 1377 2197 est,
1401 2173 1434 2191 ac
1451 2164 1487 2192 de
1502 2164 1618 2202 Diony-

913 2199 976 2232 siis,
998 2200 1205 2229 Panathenaeis
1218 2204 1276 2230 etc.
1317 2201 1454 2230 Victores
1467 2206 1564 2231 autem
1580 2213 1618 2232 ex

914 2238 1082 2276 Olympicis
1097 2249 1132 2267 ac
1147 2240 1255 2268 ceteris
1276 2240 1354 2269 ludis
1374 2250 1431 2268 non
1453 2242 1541 2270 modo
1559 2242 1619 2270 so}—

913 2276 999 2305 lemni
1014 2286 1122 2315 pompa
1135 2279 1236 2306 urbem
1260 2288 1342 2307 suam
1365 2279 1520 2316 ingressos
1539 2290 1617 2314 esse,

912 2325 1015 2343 verum
1034 2315 1121 2344 etiam
1146 2316 1280 2345 victoria·
1301 2318 1424 2355 praemia
1439 2318 1497 2346 diis
1513 2327 1617 2347 conse-

912 2363 1020 2386 crasse,
1043 2354 1189 2383 interdum
1204 2355 1291 2384 etiam
1308 2356 1372 2385 sive
1394 2356 1537 2394 templum
1552 2357 1616 2385 sive

912 2401 990 2420 aram
1014 2392 1132 2421 aliudve
1167 2398 1387 2423 monmnentum
1416 2395 1445 2422 in
1481 2394 1615 2424 victoriae

912 2430 1082 2459 memoriam
1103 2432 1287 2465 condidisse,
1307 2433 1408 2461 multis
1430 2442 1468 2461 ex
1488 2433 1616 2470 antiqui-

913 2472 973 2496 tate
985 2469 1130 2507 exemplis
1144 2481 1177 2499 ac
1190 2471 1284 2499 titulis
1298 2472 1393 2500 adhuc
1403 2471 1616 2508 superstitibus

912 2507 1055 2535 declarari
1076 2513 1186 2545 potest.
1226 2510 1303 2546 Quae
1326 2510 1445 2547 quidem
1466 2509 1491 2537 si
1512 2510 1614 2537 memi-

911 2546 999 2578 neris,
1021 2546 1090 2574 nihil
1112 2548 1271 2577 abhorrens
1292 2553 1341 2577 aut
1360 2547 1488 2575 insolens
1504 2547 1532 2575 in
1549 2552 1613 2576 toto

909 2583 964 2611 hoc
991 2584 1058 2613 loco
1086 2590 1232 2614 occurret.
1279 2586 1390 2615 Laudis
1416 2596 1449 2613 ac
1477 2586 1612 2615 victoriae

909 2632 971 2650 sum
992 2623 1117 2661 politicae
1140 2628 1359 2653 monumentum
1382 2628 1517 2652 exstruet
1538 2628 1612 2652 tem-

908 2660 1000 2697 plum,
1023 2662 1050 2689 in
1074 2673 1133 2700 quo
1155 2663 1275 2701 praemia
1294 2673 1326 2691 re
1349 2667 1444 2691 ortatu
1464 2666 1611 2706 tamquam

910 2699 1030 2728 ‹lonmia
1049 2706 1225 2737 consecret}
1250 2672 1389 2739 mnppssm
1414 2705 1509 2729 autem
1532 2711 1612 2737 mge-

1027 2744 1054 2775 S
