1796 3077
599 250 869 291 AENEIDOS.
925 249 1029 290 LIB.
1056 250 1107 290 V.

1486 257 1579 304 391

190 371 274 416 Hic
293 373 474 429 primum
494 371 685 415 Fortuna
704 373 833 415 fidem
852 380 1013 415 mutata
1033 373 1216 415 novavit.

133 429 250 471 Dum
265 431 388 472 variis
409 430 568 472 tumulo
584 431 773 472 referunt
789 430 1004 472 sollemnia
1022 430 1131 472 ludis
1146 447 1156 481 ;

1499 431 1583 471 605

133 487 234 528 Irim
252 489 307 529 de
327 487 430 529 caelo
450 488 561 528 misit
584 488 781 529 Saturnia
801 487 917 529 Juno

132 543 302 586 Iliacam
323 545 377 585 ad
398 544 588 593 classem,
607 553 838 598 ventosque
855 545 1011 599 aspirat
1033 545 1163 592 eunti,

132 600 275 642 Multa
292 616 477 651 movens,
499 602 680 643 necdum
701 603 917 655 antiquum
938 610 1125 643 saturata
1146 601 1348 643 dolorem.

131 657 221 707 Illa,
242 659 350 699 viam
371 658 557 699 celerans
577 674 654 714 per
668 657 779 699 mille
801 657 1012 699 coloribus
1033 674 1192 709 arcum,

132 714 253 755 Nulli
273 717 373 764 visa,
396 716 478 757 cita
498 716 685 756 decurrit
704 715 870 756 tramite
891 716 1009 769 virgo
1028 733 1037 765 3

1501 714 1587 755 610

131 771 349 826 Conspicit
367 772 586 826 ingentem
606 786 868 820 concursum,
890 779 931 811 et
951 772 1074 813 litora
1093 771 1257 821 lustrat,

134 827 427 882 Desertosque
446 828 561 869 videt
580 835 729 881 portus
751 827 1010 882 classemque
1030 828 1230 870 relictam.

131 883 194 926 At
214 885 363 939 procul
378 885 420 924 in
441 884 529 925 sola
549 892 724 925 secretae
745 884 944 925 Troades
965 892 1060 926 acta

132 940 348 982 Amissum
367 940 586 982 Anchisen
603 941 775 990 flebant,
797 948 1046 996 cunctaeque
1068 940 1327 996 profundum

130 997 317 1039 Pontum
336 999 613 1053 aspectabant
632 998 805 1038 flentes:
839 997 965 1039 Heu!
998 1006 1060 1039 tot
1081 999 1189 1038 vada
1209 997 1344 1048 fessis,

1499 997 1584 1037 615

134 1055 196 1096 Et
215 1062 377 1097 tantum
397 1070 618 1109 superesse
638 1055 763 1095 maris
781 1057 790 1096 Ξ
822 1070 905 1095 vox
927 1056 1119 1096 omnibus
1141 1069 1247 1104 una3

136 1112 300 1153 Urbem
321 1119 466 1161 orant;
498 1112 629 1153 taedet
647 1111 788 1166 pelagi
809 1111 996 1166 perferre
1017 1111 1221 1153 laborem.

135 1168 256 1224 Ergo
277 1169 385 1209 inter
404 1168 561 1209 medias
584 1183 674 1209 sese
695 1168 813 1208 haud
833 1170 979 1222 ignara
994 1169 1175 1209 nocendi

136 1225 330 1279 Conjicit,
348 1232 391 1266 et
411 1225 643 1279 faciemque
665 1225 758 1265 deae
778 1232 1023 1278 vestemque
1044 1224 1231 1279 reponit3

133 1281 204 1323 Fit
220 1282 374 1331 Bero‘e',
396 1281 559 1322 Tmarii
580 1282 736 1336 conjux
755 1280 947 1337 longaeva
968 1281 1144 1336 Dorycli
1161 1298 1171 1330 3

1504 1279 1589 1320 6520

136 1338 219 1380 Cui
239 1353 386 1393 genus,
409 1346 452 1380 et
471 1339 683 1392 quondam
703 1353 867 1388 nomen,
889 1339 1061 1392 natique
1082 1338 1258 1379 fuissent
1275 1352 1285 1386 ;

135 1395 203 1437 Ac
221 1397 278 1436 sic
299 1395 598 1436 Dardanidum
617 1395 798 1436 mediam
819 1410 862 1436 se
882 1396 1086 1436 matribus
1106 1394 1258 1435 infert:

138 1452 180 1492 O
201 1453 378 1501 miserae,
401 1467 504 1506 quas
525 1467 609 1493 non
628 1467 789 1502 manus,
810 1452 958 1506 inquit,
977 1452 1167 1493 Achaica
1185 1449 1297 1492 bello

137 1508 338 1550 Traxerit
359 1509 414 1549 ad
434 1508 594 1550 lethum
613 1509 762 1563 patriae
783 1509 861 1549 sub
882 1509 1114 1558 moenibus3
1146 1523 1170 1549 o
1191 1521 1295 1562 gens

137 1565 303 1614 Infelix,
326 1567 394 1606 cui
414 1572 455 1606 te
476 1566 605 1606 exitio
627 1565 818 1606 Fortuna
838 1567 1054 1606 reservat?
1506 1562 1533 1603 6

1535 1563 1592 1603 a

137 1622 328 1677 Septima
343 1630 440 1676 post
461 1621 608 1676 Trojae
624 1622 835 1663 excidium
848 1623 938 1676 jam
959 1622 1136 1663 vertitur
1156 1626 1294 1669 aestas,

138 1679 285 1727 Quum
300 1678 420 1729 freta,
442 1694 573 1733 quum
589 1686 723 1720 terras
743 1693 899 1729 omneS,
921 1687 984 1720 tot
999 1678 1213 1732 inhospita
1233 1691 1348 1726 saxa,

138 1841 296 1879 quisitius:
313 1844 343 1870 et
355 1840 536 1871 nunchonor
545 1841 606 1877 ille,
619 1851 672 1871 seu
685 1841 846 1876 ludicrum,

140 1881 239 1918 Troja,
270 1880 358 1918 pueri
391 1884 490 1909 autem
525 1891 626 1919 cymen
671 1881 845 1919 Trnjauum,

139 1918 337 1957 appellantur.
377 1918 439 1947 Alii
466 1918 510 1948 sic
524 1930 530 1948 ε
565 1919 661 1958 pueri,
686 1920 845 1957 Trojmzum

138 1967 252 1995 aymen,
266 1957 462 1994 Trojanorum
478 1958 535 1987 hoc
549 1968 711 1996 puerorum
727 1968 844 1997 agmen,

140 1996 229 2034 Troja
242 1996 421 2034 appellatur.
461 1997 503 2025 At
515 1997 598 2035 prius
608 1997 715 2027 lenius.

176 2036 343 2064 604—610.
358 2034 479 2063 Mutata
492 2035 618 2069 novavit,
636 2045 691 2074 pro
705 2035 845 2070 mutavit,

139 2073 367 2102 ornate.Manil.
388 2073 447 2108 IV,
462 2075 530 2103 580.
552 2074 669 2103 Scilicet
692 2074 722 2102 in
738 2075 847 2112 piscem

139 2122 200 2140 sese
218 2111 360 2149 Cytherea
373 2112 498 2141 novavit.
520 2113 664 2142 Fortunae
676 2113 799 2150 perfidia
813 2123 847 2141 ac

134 2150 208 2188 fides
234 2150 357 2188 proprio
380 2150 479 2189 aliquo
494 2152 584 2180 modo
608 2152 763 2186 tribuitur,
785 2161 844 2190 qua

138 2193 226 2218 tenus
247 2188 325 2217 fallit
344 2198 426 2227 spem
438 2190 489 2218 vel
512 2194 660 2220 sustentat
680 2190 846 2219 constantia

141 2232 193 2257 aut
199 2227 324 2256 levitate
333 2229 495 2257 sum—607
503 2229 617 2267 aspirat
623 2229 711 2263 eunti,
719 2229 845 2267 praecla-

143 2276 178 2296 re
193 2276 266 2304 pro:
290 2265 438 2295 volantem
452 2267 566 2301 incitat,
579 2278 740 2307 properare
755 2268 845 2297 facit:

144 2305 226 2344 quod
240 2304 353 2342 optime
366 2304 400 2332 fit
413 2310 500 2335 vento
511 2308 647 2336 secundo
661 2307 716 2336 alis
730 2307 844 2335 immis-

143 2353 188 2373 so.
203 2345 279 2381 Sup.
292 2343 350 2378 IV,
372 2344 430 2372 223
445 2344 565 2383 Jupiter
577 2347 613 2374 ad
637 2345 823 2375 Mercurium
838 2356 845 2383 3

144 2382 236 2416 Vade,
252 2392 315 2420 aye,
339 2386 417 2416 nate,
438 2392 507 2412 voca
526 2383 677 2423 Zephyros
700 2388 729 2413 et
749 2384 843 2413 labere

135 2421 291 2460 pennis.—
299 2420 387 2449 multa
417 2430 530 2450 πιουεηε
563 2423 671 2458 auimo,
704 2423 843 2458 volvem,

141 2460 318 2493 machinata,
336 2462 369 2487 ut
385 2469 452 2497 sup.
468 2460 535 2494 111,
546 2462 601 2490 34:
626 2462 671 2497 X,
695 2463 764 2491 890.
778 2472 843 2490 nec·

141 2499 209 2527 dum
223 2500 372 2543 antiquum
387 2502 521 2527 saturata
532 2499 668 2535 dolorem,
681 2504 716 2529 ut
732 2511 800 2539 sup.
816 2501 844 2534 Ι,

143 2539 194 2566 25.
207 2538 236 2572 1,
257 2539 275 2566 4
288 2537 340 2566 mt'.
360 2538 527 2566 781.-609
542 2537 674 2568 Ovidius
690 2539 766 2568 Met.
782 2539 846 2574 XI,

141 2577 200 2606 632
214 2581 241 2604 et
254 2580 363 2605 remeat
373 2586 429 2614 per
444 2586 516 2614 quos
529 2577 609 2606 modo
622 2582 738 2606 venerat
752 2588 848 2606 arcus.

142 2615 241 2644 —610
253 2615 308 2643 cito
326 2614 453 2650 tramite,
477 2616 659 2655 exquisitius
678 2627 767 2655 quam
781 2627 849 2646 cur·

142 2660 191 2688 su,
206 2653 318 2682 volatu.

180 2693 336 2721 611-617
349 2702 528 2728 concursum,
550 2704 580 2722 v,
603 2703 669 2732 sup.
691 2694 759 2723 106.
780 2694 849 2722 10⁷.

884 1841 965 1870 ludis
980 1851 1037 1870 non
1049 1841 1196 1869 intersunt
1209 1839 1363 1873 mulieres,
1378 1839 1431 1868 sed
1445 1840 1589 1869 solitariae

885 1880 1005 1911 inacta.
1028 1884 1106 1914 ἀκτη,
1127 1879 1215 1908 litore
1236 1879 1383 1913 desident,
1409 1888 1447 1907 ex
1469 1879 1590 1917 antiqua

886 1919 987 1948 decori
1000 1911 1114 1947 ratione
1125 1923 1156 1946 et
1168 1917 1259 1946 moris
1271 1917 1433 1946 severitate
1445 1917 1489 1950 fit,
1501 1927 1589 1955 quam

885 1962 985 1987 tamen
1009 1957 1086 1986 inter
1109 1957 1235 1985 Graecos
1258 1966 1376 1994 quoque
1401 1955 1495 1985 serior
1517 1966 1591 1984 usus

886 1997 1076 2034 temperavit.
1117 1996 1176 2024 Sed
1192 1999 1221 2024 et
1233 1995 1293 2024 illae
1307 1994 1455 2023 Anchisen
1469 1994 1591 2031 flebant,

885 2035 998 2064 inferiis
1021 2034 1116 2073 igitur
1143 2034 1241 2062 adhuc
1268 2037 1440 2071 operantes,
1469 2034 1507 2061 ef.
1536 2033 1589 2062 inf.

885 2075 954 2103 652.
996 2074 1079 2102 Bene
1093 2072 1131 2101 ad
1146 2071 1380 2101 miserationem:
1397 2073 1525 2100 Pontum
1538 2072 1591 2100 ad-

886 2112 1180 2151 speclabtmtflentes;
1203 2115 1233 2139 et
1247 2110 1327 2148 quod
1343 2110 1442 2138 statim
1452 2109 1590 2147 querelas

885 2151 1057 2189 subjungit:
1080 2150 1133 2179 heu
1146 2153 1255 2178 tantum
1270 2148 1324 2176 viae
1344 2147 1400 2175 sibi
1418 2148 1461 2176 Ee
1480 2147 1593 2176 tantum?

883 2199 1030 2229 superesse
1040 2188 1138 2217 maris.
1164 2188 1221 2216 617
1235 2186 1351 2220 Urbem,
1365 2186 1462 2224 simpl.
1477 2187 1589 2216 sedem.

922 2229 1081 2257 fils-622
1105 2230 1219 2260 vestem,
1242 2225 1466 2259 versicolorem,
1491 2225 1588 2263 qualis

887 2267 961 2296 alias
988 2266 1065 2295 Iridi
1093 2265 1247 2294 tribuitur.
1288 2263 1348 2292 Iris
1367 2264 1405 2300 fit
1427 2263 1534 2298 Bero'e',
1557 2269 1590 2293 ut

884 2306 1017 2336 Laodice
1040 2315 1087 2344 ap.
1103 2304 1195 2333 Hom.
1211 2303 1255 2336 fit,
1269 2302 1359 2330 Iliad.
1375 2316 1403 2337 γ,
1423 2303 1489 2332 121.
1533 2302 1591 2332 Cui

887 2345 949 2374 sive
966 2345 1003 2374 ad
1019 2343 1185 2382 Dor-yolum
1199 2342 1263 2371 sive
1279 2341 1316 2369 ad
1331 2341 1450 2370 Beroen
1464 2342 1591 2377 referas,

881 2394 988 2423 parum
1016 2383 1152 2412 interest.
1213 2380 1282 2409 Hoc
1311 2379 1436 2408 alterum
1461 2380 1588 2417 melius3

883 2427 1029 2461 quatenus
1051 2422 1081 2450 in
1102 2420 1219 2449 seminae
1245 2419 1423 2447 auctoritate
1445 2429 1520 2448 nunc
1540 2430 1591 2448 res

882 2461 1004 2501 posita3
1026 2470 1125 2489 nomen
1148 2462 1245 2487 tamen
1267 2457 1375 2487 melius
1396 2458 1434 2486 ad
1448 2458 1588 2487 maritum

884 2501 1015 2530 referas:
1039 2508 1127 2537 quem
1150 2497 1180 2526 in
1203 2496 1289 2534 Epiri
1305 2495 1413 2525 finibus
1429 2497 1508 2534 apud
1526 2498 1589 2526 Do-

886 2540 1005 2572 donam,
1021 2538 1077 2566 sub
1090 2537 1199 2566 Tmaro
1213 2539 1313 2564 moute
1329 2535 1481 2564 habitasse
1504 2540 1588 2574 puta.

884 2587 986 2616 yenus,
1007 2575 1147 2605 nobilitas
1170 2574 1199 2602 h.
1220 2574 1241 2603 l.
1266 2577 1299 2602 ut
1312 2583 1380 2613 sup.
1395 2574 1450 2603 Ge.
1464 2574 1510 2607 11,
1531 2576 1589 2603 240

880 2617 1009 2655 fixissent
1021 2624 1077 2653 pro
1091 2613 1147 2643 Cui
1151 2614 1283 2651 fuerant.

919 2656 983 2683 526
1004 2654 1042 2682 cf.
1064 2653 1118 2688 lib,
1140 2653 1168 2686 1,
1192 2653 1261 2681 755.
1283 2652 1451 2681 'ma—628
1471 2650 1588 2683 Sidera,

886 2693 954 2723 Non
966 2692 1083 2727 dubito,
1097 2691 1167 2730 quin
1180 2695 1275 2721 terras
1295 2690 1425 2719 diversis
1439 2689 1509 2717 coeli
1523 2688 1588 2726 pla-

145 2731 272 2760 desertos
293 2735 410 2770 portus,
429 2741 458 2762 v.
480 2741 549 2770 sup.
562 2733 630 2762 286.
648 2733 716 2762 287.
757 2732 849 2768 Quod
889 2732 935 2770 gis
945 2732 1098 2768 subjectas
1112 2729 1296 2759 intellexerit
1307 2730 1407 2767 pocta,
1421 2731 1491 2765 post
1494 2729 1591 2764 freta,
