1796 3077
203 255 298 298 202

622 247 664 285 P.
698 245 930 297 VJRGl-Ln
961 245 1211 293 MARONIS

208 369 298 420 Illa,
320 369 429 418 Quis
451 376 493 411 et
513 382 592 417 me,
614 367 761 421 inquit,
783 366 989 414 miseram,
1009 371 1052 405 et
1072 372 1114 406 te
1134 365 1334 420 perdidit,
1352 366 1571 423 fOrpheuZ

209 426 317 474 Quis
340 434 480 468 tantus
500 425 649 466 furor?
683 423 753 464 En
773 422 926 464 iterum
947 421 1135 463 crudelia
1155 430 1268 464 retro

1578 424 1663 474 495

206 483 313 527 Fata
334 490 495 531 vocant,
519 481 747 535 conditque
768 479 958 520 natantia
977 478 1134 519 lumina
1156 494 1340 522 somnus.

208 542 390 595 Jamque
411 540 500 580 vale
518 556 527 588 ;
560 538 673 579 feror
694 537 854 592 ingenti
874 536 1134 578 circumdata
1153 545 1291 586 nocte,

208 598 501 651 Invalidasque
523 596 599 637 tibi
619 595 809 643 tendens,
831 593 917 635 heu
936 595 944 634 ἔ
974 608 1058 634 non
1080 600 1164 643 tua,
1186 594 1361 649 palmas.

210 656 344 704 Dixit,
367 661 409 695 et
428 668 481 695 ex
503 651 633 694 oculis
655 652 808 700 subito,
830 665 909 692 ceu
931 649 1070 691 fumus
1091 651 1133 691 in
1153 666 1277 693 auras

209 712 471 752 Commixtus
492 718 652 759 tenues,
674 708 782 764 fugit
802 708 980 756 diversa,
1000 721 1139 762 neque
1159 707 1287 758 illum,

1579 709 1665 750 600

208 768 486 810 Prensantem
506 767 794 821 nequidquam
813 765 997 812 umbras,
1019 771 1062 805 et
1082 765 1213 806 multa
1233 764 1442 809 volentem

208 825 380 875 Dicere,
410 831 619 879 praeterea
639 825 770 872 vidit3
801 837 878 864 nec
899 821 1078 876 portitor
1101 822 1205 863 Orci

207 882 403 937 Amplius
424 882 634 936 objectam
654 895 804 936 passus
825 880 1004 921 transire
1024 879 1238 933 paludem.

208 939 327 986 Quid
348 939 535 980 faceret?
569 938 669 985 Quo
691 953 749 987 se,
771 944 893 992 rapta
913 936 978 976 bis
1000 936 1193 991 conjuge,
1225 936 1384 980 ferret?

208 997 309 1043 Quo
330 996 434 1037 fletu
455 995 625 1043 Manes,
645 1010 729 1049 qua
750 993 939 1034 Numina
960 1007 1063 1033 voce
1086 996 1302 1035 moveret?

1580 993 1666 1035 505

208 1053 286 1094 Illa
306 1054 476 1108 quidem
497 1052 646 1106 Stygia
661 1052 792 1094 nabat
807 1051 895 1105 jam
917 1048 1071 1103 frigida
1091 1050 1255 1104 cymba.

209 1112 384 1164 Septem
405 1109 519 1150 illum
541 1117 652 1150 totos
674 1107 902 1163 perhibent
922 1120 975 1146 ex
996 1106 1142 1148 ordine
1161 1122 1325 1149 menses

210 1167 337 1222 Rupe
360 1168 439 1208 sub
461 1167 576 1208 aeria
597 1165 755 1206 deserti
776 1164 830 1205 ad
853 1163 1087 1216 Strymonis
1109 1164 1266 1204 undam

209 1223 406 1273 Flevisse,
428 1230 471 1265 et
491 1222 639 1276 gelidis
660 1222 753 1262 haec
773 1219 975 1262 evolvisse
998 1220 1077 1261 sub
1098 1221 1241 1270 antris,

209 1280 471 1322 Mulcentem
491 1281 632 1334 tigres,
654 1286 696 1320 et
716 1284 912 1333 agentem
932 1276 1115 1319 carmine
1136 1291 1343 1332 quercus:
1581 1276 1667 1318 510

208 1337 359 1384 Qualis
378 1336 563 1392 populea
582 1350 759 1377 maerens
782 1331 1017 1375 Philomela
1037 1336 1115 1376 sub
1136 1335 1286 1376 umbra

208 1394 398 1435 Amissos
419 1394 609 1449 queritur
630 1393 754 1441 fetus,
776 1405 883 1446 quos
904 1390 1035 1431 durus
1057 1399 1199 1433 arator

210 1451 457 1493 Observans
478 1451 578 1492 nido
600 1449 818 1504 implumes
841 1447 1050 1489 detraxit:
1084 1457 1127 1491 at
1146 1447 1216 1490 illa

209 1508 303 1549 Flet
324 1516 502 1557 noctem,
526 1522 727 1561 ramoque
750 1506 900 1546 sedens
920 1505 1155 1547 miserabile
1176 1520 1347 1548 carmen

209 1565 412 1619 Integrat,
434 1572 476 1606 et
496 1565 649 1605 maestis
670 1564 753 1604 late
773 1562 866 1603 loca
887 1562 1108 1615 questibus
1130 1563 1286 1618 implet.

1583 1564 1667 1605 515

208 1622 341 1664 Nulla
362 1621 524 1670 Venus,
547 1635 630 1661 non
650 1620 722 1662 ulli
743 1620 926 1660 animum
946 1617 1103 1661 flexere
1124 1620 1331 1674 hymenaei
1349 1637 1359 1670 ;

208 1678 334 1721 Solus
356 1678 659 1734 Hyperboreas
680 1677 835 1733 glacies
856 1675 1122 1731 Tanaimque
1144 1676 1334 1727 nivalem,

206 1774 278 1803 tur?
337 1771 549 1810 Repetendum
584 1781 600 1799 a
634 1771 782 1810 prodigiis
810 1770 914 1799 omini-

208 1812 325 1850 busque
352 1820 468 1848 magnae
498 1809 625 1846 alicujus
659 1809 836 1838 calamitatis
866 1812 916 1836 aut

208 1861 308 1879 rerum
322 1848 538 1878 conversionis.
579 1849 637 1877 Est
659 1848 762 1886 utique
784 1847 915 1884 indigna-

208 1889 303 1918 bundi
324 1888 424 1926 potius
447 1887 532 1921 Orci,
554 1896 641 1924 quam
659 1885 844 1922 laetabundi3
865 1895 917 1912 ve·

209 1927 255 1956 lut
269 1927 294 1955 si
306 1927 428 1964 Jupiter
447 1925 594 1963 fragorem
618 1925 730 1954 tonitru
746 1924 915 1953 edin—495

211 1965 296 2000 Quis,
317 1965 382 2003 quis
402 1968 499 1993 tantus
513 1966 613 2007 juror,
644 1963 751 1992 amoris
774 1963 916 1999 intempe-

209 2004 305 2032 rantia
320 2003 446 2041 Orphei,
469 2013 520 2040 qui
543 2005 731 2040 respexerat.
753 2002 826 2039 Sup.
848 2001 916 2030 488.

208 2047 272 2071 erat
285 2042 532 2071 dementia—⁴196
547 2041 679 2069 natantia
691 2040 808 2075 Iumina,
829 2038 919 2068 mori-

209 2081 314 2115 bundi,
335 2080 446 2109 incerto
456 2080 518 2117 jam
543 2084 626 2108 motu
642 2079 823 2112 fluctuantia,
845 2077 919 2106 satis

210 2130 227 2148 a
241 2120 316 2148 viris
339 2119 436 2148 doctis
457 2118 605 2147 illustrata
627 2122 707 2146 sunt.
752 2117 920 2146 Praeiverat

209 2158 368 2188 Lucretius
385 2158 450 2192 III,
464 2157 533 2186 479.
574 2156 658 2186 Naue
671 2156 756 2185 oculi.
777 2157 919 2186 Ceterum

209 2197 284 2225 oculi
299 2201 433 2226 natantes
445 2205 502 2224 non
518 2205 576 2224 uno
596 2196 685 2224 modo
707 2199 821 2230 ὄμματα
843 2198 918 2229 ὑγρά.

209 2236 307 2264 »499
326 2235 408 2273 suffit
435 2234 465 2262 in
495 2245 595 2266 auras.
617 2238 651 2263 ut
677 2235 747 2263 AEn.
770 2234 811 2267 V,
837 2233 916 2270 740;

209 2277 272 2302 tum
280 2274 362 2312 fugit
373 2273 540 2301 commixtus
552 2277 599 2302 est
609 2273 726 2311 plenius
739 2276 770 2301 et
783 2271 916 2301 ornatius

207 2312 332 2340 dietum.
372 2312 508 2340 Petitum
529 2316 628 2341 autem
644 2321 684 2340 ex
704 2311 744 2340 ΙΙ.
759 2316 792 2345 ψ,
809 2312 917 2340 400.-

209 2352 269 2379 500
280 2350 403 2383 diversa,
425 2361 493 2379 eum
507 2350 535 2378 in
552 2351 714 2385 diversam,
736 2360 770 2378 ao
785 2359 843 2388 qua
857 2349 915 2377 Or-

208 2389 304 2427 pheus
326 2390 476 2423 tendebat,
503 2393 632 2427 partem,
654 2389 683 2418 h.
704 2393 796 2423 retro,
818 2388 915 2417 aufer-

210 2433 303 2462 retur,
326 2432 359 2457 ut
371 2439 438 2466 sup.
453 2438 482 2457 v.
496 2427 694 2465 367.fl1tmina
708 2426 823 2456 diversa
836 2426 915 2455 locis.

208 2468 304 2495 —503
330 2466 463 2504 objectam
489 2466 610 2504 poetico
634 2470 739 2495 ornatu
765 2466 916 2504 adjectum

210 2505 265 2534 Ge.
280 2505 346 2539 111,
368 2506 436 2534 ⁴253.
459 2516 515 2534 mm
529 2505 638 2543 oly'ecta
658 2503 915 2541 retardant—flumi-

207 2546 352 2572 na.—-—505
367 2545 512 2582 qnofletu,
534 2554 591 2582 qua
610 2554 686 2578 voce,
708 2553 762 2582 pro
777 2543 893 2582 vulgari
908 2553 913 2570 ι

208 2583 369 2650 ἓιιοιηιᾳάο,
391 2587 424 2611 ut
438 2582 506 2611 Eol.
520 2582 579 2617 VI,
593 2584 641 2612 80.
662 2593 717 2622 quo
733 2592 829 2616 cursu,
849 2581 913 2620 qui-

227 2631 259 2649 us
274 2632 292 2649 a
304 2631 339 2650 ts-

246 2662 305 2689 506
316 2659 442 2698 friyida,
464 2664 569 2694 morte,
585 2664 669 2689 vecta
683 2664 762 2689 retro
776 2669 830 2697 per
842 2659 911 2696 Sty-

212 2708 290 2737 gem.
331 2699 407 2727 Mox
427 2708 461 2726 ex
479 2698 589 2731 ordine,
617 2702 738 2732 καθεξῆς,
759 2697 912 2735 deinceps,

204 2737 359 2766 continuos
373 2736 514 2772 intellige.
556 2737 683 2766 Praeivit
704 2736 913 2766 Lucretius.—

206 2778 264 2806 509
291 2775 437 2810 evolvisse,
458 2780 610 2809 ὀιαπτι-ξαι,
644 2776 795 2813 querendo
828 2785 911 2805 emir-

954 1779 1048 1805 rasse,
1077 1771 1147 1805 haec,
1173 1781 1262 1801 casus
1290 1780 1381 1806 suos;
1404 1773 1437 1799 ut
1462 1769 1541 1800 Stat.
1563 1769 1661 1799 Theb.

955 1808 984 1841 1,
1008 1811 1027 1837 2
1047 1814 1142 1838 sontes
1162 1809 1286 1839 evolvere
1307 1809 1419 1838 Thebas
1443 1809 1471 1838 h.
1487 1819 1514 1838 e.
1538 1809 1664 1839 fratrum

956 1847 1069 1876 seelera
1095 1858 1147 1876 seu
1174 1849 1303 1878 scelesta
1329 1849 1399 1877 odia
1425 1849 1665 1877 narrare—510

956 1885 1047 1923 liyres
1068 1886 1096 1914 in
1119 1887 1244 1915 Thracia
1265 1891 1420 1921 memorat,
1441 1891 1474 1915 ut
1490 1888 1590 1924 poeta,
1611 1885 1665 1924 qui

957 1924 1186 1962 geographicam
1199 1925 1395 1954 subtilitatem
1408 1925 1486 1953 haud
1498 1929 1591 1953 curat.
1612 1925 1664 1953 Sic

956 1971 1054 1990 cervos
1069 1962 1174 2000 Libyae
1192 1963 1356 2001 assignavit
1371 1963 1438 1991 [En.
1451 1963 1480 1997 1,
1498 1963 1663 1992 lam—511

958 2000 1082 2029 Fundus
1104 2001 1194 2038 hujus
1216 2001 1445 2040 comparationis
1468 2000 1663 2031 nobilissimae

957 2043 1003 2067 est
1018 2050 1065 2078 ap.
1082 2040 1207 2068 Homer.
1226 2041 1285 2069 Od.
1300 2054 1325 2068 τ.
1339 2040 1494 2068 518-524
1508 2050 1514 2067 :
1538 2040 1614 2068 adde
1632 2053 1664 2075 π,

957 2079 1024 2106 216.
1050 2088 1064 2106 s
1087 2089 1115 2116 q.
1157 2078 1237 2107 Hine
1259 2079 1360 2116 plures
1383 2088 1574 2116 expressere.
1621 2079 1666 2108 At

958 2126 1043 2145 nemo
1061 2127 1076 2145 e
1091 2117 1226 2156 egantius
1245 2117 1371 2146 variavit
1384 2121 1415 2146 et
1427 2117 1554 2151 ornavit,
1577 2127 1665 2155 quam

959 2155 1104 2184 Moschus
1131 2155 1188 2189 lv,
1214 2156 1263 2184 21.
1291 2166 1368 2194 sqq„
1396 2166 1484 2194 quem
1509 2159 1540 2184 et
1563 2155 1663 2193 ipsum

958 2193 1104 2232 Virgilius
1130 2198 1195 2223 ante
1223 2194 1325 2223 oculos
1357 2194 1497 2223 habuisse
1534 2193 1664 2224 videtur.

955 2232 1046 2261 Color
1059 2237 1140 2261 certe
1154 2243 1187 2261 ac
1203 2233 1283 2261 filum
1295 2232 1435 2261 orationis
1448 2233 1517 2262 inde
1528 2236 1574 2262 est
1588 2233 1663 2261 duc-

955 2275 1028 2300 tum.
1059 2271 1164 2300 Huelii
1178 2276 1208 2300 et
1222 2271 1405 2300 Castelvetri
1420 2271 1663 2310 reprehensiones

955 2309 1043 2347 hujus
1056 2310 1128 2345 loci,
1147 2311 1176 2340 in
1191 2310 1296 2348 primis
1311 2310 1420 2339 umbroe
1435 2309 1576 2348 populeoe,
1594 2320 1661 2338 cum

956 2352 1055 2377 tamen
1068 2354 1228 2387 sequatur:
1250 2348 1317 2377 Flet
1332 2353 1451 2383 noctem,
1467 2359 1505 2378 ex
1519 2358 1564 2382 eo,
1581 2349 1662 2385 quod

955 2387 1082 2426 poeticae
1098 2398 1166 2416 eum
1179 2387 1299 2417 rationis
1313 2392 1342 2416 et
1356 2388 1428 2417 artis
1442 2391 1505 2416 tum
1519 2386 1662 2415 orationis

955 2436 1059 2464 parum
1092 2436 1238 2455 memores
1270 2430 1363 2460 erant,
1404 2425 1548 2464 profectae
1581 2429 1661 2453 sunt.

958 2464 1068 2493 Umbra
1083 2465 1158 2494 enim
1176 2470 1235 2494 tam
1256 2465 1410 2504 proprium
1432 2467 1460 2493 et
1480 2466 1660 2501 perpetuum

955 2507 1003 2531 est
1018 2504 1133 2533 arboris
1149 2504 1337 2538 attributum,
1359 2508 1392 2531 ut
1411 2503 1447 2530 ad
1465 2512 1571 2530 causas
1586 2502 1661 2540 phy-

956 2542 1033 2570 sicas
1056 2553 1089 2571 ac
1111 2547 1245 2581 tempora
1265 2545 1418 2580 respectus
1434 2541 1518 2578 plane
1537 2550 1592 2569 non
1609 2541 1660 2569 ha-

954 2579 1374 2620 beatur.—-Popul.¹3oefi·ondis
1386 2578 1534 2607 mobilitas
1547 2589 1582 2608 ae
1594 2579 1659 2608 lene

953 2629 1088 2649 murmur
1101 2620 1128 2648 in
1145 2619 1249 2658 primis
1264 2623 1366 2656 aptum
1377 2617 1531 2646 moestitiae
1545 2622 1660 2647 cantus.

952 2659 1050 2686 —514
1071 2657 1231 2687 miserabile
1253 2667 1364 2686 carmen
1388 2655 1532 2694 Iuteyral,
1561 2657 1662 2686 iterat.

953 2697 1084 2725 Suavius
1104 2697 1256 2726 Homerus
1273 2700 1336 2724 Ἥτε
1353 2697 1427 2729 θαμὰ
1447 2701 1580 2729 τρωπῶσα
1601 2699 1658 2728 χέει

953 2739 1096 2769 πολυηχέα
1117 2738 1215 2772 φωνὴν,
1237 2734 1287 2763 ubi
1304 2734 1433 2762 variatos
1448 2733 1659 2762 modulationis

954 2774 1068 2804 colores
1082 2783 1241 2813 expressos
1255 2773 1446 2802 vides-517
1456 2771 1663 2811 Hyperboreas
