<?xml version="1.0" encoding="UTF-8"?>
<!DOCTYPE html PUBLIC "-//W3C//DTD XHTML 1.0 Transitional//EN"
    "http://www.w3.org/TR/xhtml1/DTD/xhtml1-transitional.dtd">
<html xmlns="http://www.w3.org/1999/xhtml" xml:lang="en" lang="en">
 <head>
  <title>
</title>
<meta http-equiv="Content-Type" content="text/html;charset=utf-8" />
  <meta name='ocr-system' content='tesseract 3.04.00' />
  <meta name='ocr-capabilities' content='ocr_page ocr_carea ocr_par ocr_line ocrx_word'/>
</head>
<body>
  <div class='ocr_page' id='page_1' title='image "./operahey00virguoft_0062.png"; bbox 0 0 1796 3077; ppageno 0'>
   <div class='ocr_carea' id='block_1_1' title="bbox 264 207 1304 258">
    <p class='ocr_par' dir='ltr' id='par_1_1' title="bbox 264 207 1304 258">
     <span class='ocr_line' id='line_1_1' title="bbox 264 207 1304 258; baseline -0.006 -8"><span class='ocrx_word' id='word_1_1' title='bbox 264 213 324 258; x_wconf 74' lang='grc'>54</span> <span class='ocrx_word' id='word_1_2' title='bbox 712 210 753 246; x_wconf 87' lang='lat' dir='ltr'>P.</span> <span class='ocrx_word' id='word_1_3' title='bbox 786 207 1017 246; x_wconf 84' lang='lat' dir='ltr'>VIRGILH</span> <span class='ocrx_word' id='word_1_4' title='bbox 1050 207 1304 245; x_wconf 65' lang='lat' dir='ltr'><strong>MARONffi</strong></span> 
     </span>
    </p>
   </div>
   <div class='ocr_carea' id='block_1_2' title="bbox 267 328 1725 385">
    <p class='ocr_par' dir='ltr' id='par_1_2' title="bbox 267 328 1725 385">
     <span class='ocr_line' id='line_1_2' title="bbox 267 328 1725 385; baseline -0.001 -14"><span class='ocrx_word' id='word_1_5' title='bbox 267 330 425 385; x_wconf 82' lang='lat' dir='ltr'>Aspice</span> <span class='ocrx_word' id='word_1_6' title='bbox 442 346 452 380; x_wconf 74' lang='grc' dir='ltr'><strong>ς</strong></span> <span class='ocrx_word' id='word_1_7' title='bbox 485 330 688 384; x_wconf 82' lang='lat' dir='ltr'>corripuit</span> <span class='ocrx_word' id='word_1_8' title='bbox 708 328 894 370; x_wconf 80' lang='lat' dir='ltr'>tremulis</span> <span class='ocrx_word' id='word_1_9' title='bbox 916 328 1063 369; x_wconf 87' lang='lat' dir='ltr'>altaria</span> <span class='ocrx_word' id='word_1_10' title='bbox 1083 329 1258 370; x_wconf 84' lang='lat' dir='ltr'>flammis</span> <span class='ocrx_word' id='word_1_11' title='bbox 1647 330 1725 370; x_wconf 87' lang='grc'>105</span> 
     </span>
    </p>
   </div>
   <div class='ocr_carea' id='block_1_3' title="bbox 264 383 1536 613">
    <p class='ocr_par' dir='ltr' id='par_1_3' title="bbox 264 383 1536 613">
     <span class='ocr_line' id='line_1_3' title="bbox 265 383 1521 441; baseline -0.002 -14"><span class='ocrx_word' id='word_1_12' title='bbox 265 388 426 441; x_wconf 81' lang='lat' dir='ltr'>Sponte</span> <span class='ocrx_word' id='word_1_13' title='bbox 448 402 536 436; x_wconf 89' lang='lat' dir='ltr'>sua,</span> <span class='ocrx_word' id='word_1_14' title='bbox 559 388 658 428; x_wconf 86' lang='lat' dir='ltr'>dum</span> <span class='ocrx_word' id='word_1_15' title='bbox 679 386 789 426; x_wconf 86' lang='lat' dir='ltr'>ferre</span> <span class='ocrx_word' id='word_1_16' title='bbox 810 400 962 434; x_wconf 88' lang='lat' dir='ltr'>moror,</span> <span class='ocrx_word' id='word_1_17' title='bbox 985 385 1088 426; x_wconf 86' lang='lat' dir='ltr'>cinis</span> <span class='ocrx_word' id='word_1_18' title='bbox 1108 386 1213 440; x_wconf 88' lang='lat' dir='ltr'>ipse.</span> <span class='ocrx_word' id='word_1_19' title='bbox 1273 383 1440 425; x_wconf 88' lang='lat' dir='ltr'>Bonum</span> <span class='ocrx_word' id='word_1_20' title='bbox 1457 386 1521 426; x_wconf 86' lang='lat' dir='ltr'>sit.</span> 
     </span>
     <span class='ocr_line' id='line_1_4' title="bbox 264 441 1400 497; baseline -0.004 -12"><span class='ocrx_word' id='word_1_21' title='bbox 264 444 423 485; x_wconf 81' lang='lat' dir='ltr'>Nescio</span> <span class='ocrx_word' id='word_1_22' title='bbox 445 444 546 497; x_wconf 89' lang='lat' dir='ltr'>quid</span> <span class='ocrx_word' id='word_1_23' title='bbox 566 450 679 484; x_wconf 88' lang='lat' dir='ltr'>certe</span> <span class='ocrx_word' id='word_1_24' title='bbox 700 450 787 493; x_wconf 81' lang='lat' dir='ltr'>est3</span> <span class='ocrx_word' id='word_1_25' title='bbox 819 451 861 484; x_wconf 87' lang='lat' dir='ltr'>et</span> <span class='ocrx_word' id='word_1_26' title='bbox 878 442 1022 496; x_wconf 84' lang='lat' dir='ltr'>Hylax</span> <span class='ocrx_word' id='word_1_27' title='bbox 1044 443 1086 482; x_wconf 87' lang='lat' dir='ltr'>in</span> <span class='ocrx_word' id='word_1_28' title='bbox 1106 442 1244 483; x_wconf 89' lang='lat' dir='ltr'>limine</span> <span class='ocrx_word' id='word_1_29' title='bbox 1264 441 1400 482; x_wconf 81' lang='lat' dir='ltr'>latrat.</span> 
     </span>
     <span class='ocr_line' id='line_1_5' title="bbox 264 497 1481 554; baseline -0.002 -12"><span class='ocrx_word' id='word_1_30' title='bbox 264 500 515 542; x_wconf 70' lang='lat' dir='ltr'>Credimus?</span> <span class='ocrx_word' id='word_1_31' title='bbox 546 515 611 548; x_wconf 86' lang='lat' dir='ltr'>an,</span> <span class='ocrx_word' id='word_1_32' title='bbox 633 501 705 554; x_wconf 85' lang='lat' dir='ltr'>qui</span> <span class='ocrx_word' id='word_1_33' title='bbox 727 507 880 550; x_wconf 83' lang='lat' dir='ltr'>amant,</span> <span class='ocrx_word' id='word_1_34' title='bbox 902 499 981 554; x_wconf 86' lang='lat' dir='ltr'>ipsi</span> <span class='ocrx_word' id='word_1_35' title='bbox 1003 499 1081 540; x_wconf 84' lang='lat' dir='ltr'>sibi</span> <span class='ocrx_word' id='word_1_36' title='bbox 1104 500 1262 540; x_wconf 88' lang='lat' dir='ltr'>somnia</span> <span class='ocrx_word' id='word_1_37' title='bbox 1283 497 1481 552; x_wconf 73' lang='lat' dir='ltr'>fingunt?</span> 
     </span>
     <span class='ocr_line' id='line_1_6' title="bbox 266 555 1536 613; baseline -0.002 -15"><span class='ocrx_word' id='word_1_38' title='bbox 266 557 446 607; x_wconf 78' lang='lat' dir='ltr'><strong>Parcite,</strong></span> <span class='ocrx_word' id='word_1_39' title='bbox 469 558 522 597; x_wconf 90' lang='lat' dir='ltr'>ab</span> <span class='ocrx_word' id='word_1_40' title='bbox 542 557 647 598; x_wconf 88' lang='lat' dir='ltr'>urbe</span> <span class='ocrx_word' id='word_1_41' title='bbox 668 559 793 608; x_wconf 84' lang='lat' dir='ltr'>venit,</span> <span class='ocrx_word' id='word_1_42' title='bbox 808 559 897 613; x_wconf 87' lang='lat' dir='ltr'>jam</span> <span class='ocrx_word' id='word_1_43' title='bbox 917 557 1088 611; x_wconf 86' lang='lat' dir='ltr'>parcite,</span> <span class='ocrx_word' id='word_1_44' title='bbox 1110 557 1304 604; x_wconf 85' lang='lat' dir='ltr'>carmina,</span> <span class='ocrx_word' id='word_1_45' title='bbox 1327 555 1536 608; x_wconf 80' lang='lat' dir='ltr'>Daphnis.</span> 
     </span>
    </p>
   </div>
   <div class='ocr_carea' id='block_1_4' title="bbox 262 671 1726 867">
    <p class='ocr_par' dir='ltr' id='par_1_4' title="bbox 262 671 1726 788">
     <span class='ocr_line' id='line_1_7' title="bbox 262 671 1726 711; baseline -0.003 -9"><span class='ocrx_word' id='word_1_46' title='bbox 262 675 379 711; x_wconf 78' lang='lat' dir='ltr'>quidem</span> <span class='ocrx_word' id='word_1_47' title='bbox 397 673 472 702; x_wconf 83' lang='lat' dir='ltr'>omni</span> <span class='ocrx_word' id='word_1_48' title='bbox 489 672 601 710; x_wconf 76' lang='lat' dir='ltr'>magico</span> <span class='ocrx_word' id='word_1_49' title='bbox 613 674 671 703; x_wconf 85' lang='lat' dir='ltr'>ritu</span> <span class='ocrx_word' id='word_1_50' title='bbox 685 674 754 702; x_wconf 79' lang='lat' dir='ltr'>nihi!</span> <span class='ocrx_word' id='word_1_51' title='bbox 764 675 861 703; x_wconf 81' lang='lat' dir='ltr'>adhuc</span> <span class='ocrx_word' id='word_1_52' title='bbox 875 673 971 705; x_wconf 77' lang='lat' dir='ltr'>ell&#39;eci,</span> <span class='ocrx_word' id='word_1_53' title='bbox 1012 676 1058 701; x_wconf 76' lang='lat' dir='ltr'>tra</span> <span class='ocrx_word' id='word_1_54' title='bbox 1074 673 1232 701; x_wconf 75' lang='lat' dir='ltr'>admovere</span> <span class='ocrx_word' id='word_1_55' title='bbox 1248 672 1337 700; x_wconf 77' lang='lat' dir='ltr'>cineri</span> <span class='ocrx_word' id='word_1_56' title='bbox 1356 681 1457 699; x_wconf 82' lang='lat' dir='ltr'>manus</span> <span class='ocrx_word' id='word_1_57' title='bbox 1471 671 1726 708; x_wconf 58' lang='lat' dir='ltr'>poterat—Ciuis</span> 
     </span>
     <span class='ocr_line' id='line_1_8' title="bbox 262 709 1723 756; baseline -0.003 -16"><span class='ocrx_word' id='word_1_58' title='bbox 262 713 400 756; x_wconf 73' lang='lat' dir='ltr'>experiar</span> <span class='ocrx_word' id='word_1_59' title='bbox 428 711 631 741; x_wconf 64' lang='lat' dir='ltr'>novissimum.</span> <span class='ocrx_word' id='word_1_60' title='bbox 682 714 742 742; x_wconf 86' lang='lat' dir='ltr'>Sed</span> <span class='ocrx_word' id='word_1_61' title='bbox 773 724 840 742; x_wconf 87' lang='lat' dir='ltr'>ecce</span> <span class='ocrx_word' id='word_1_62' title='bbox 870 723 900 741; x_wconf 86' lang='lat' dir='ltr'>v.</span> <span class='ocrx_word' id='word_1_63' title='bbox 914 714 970 741; x_wconf 79' lang='lat'>105</span> <span class='ocrx_word' id='word_1_64' title='bbox 1011 711 1151 749; x_wconf 74' lang='lat' dir='ltr'>corripuit</span> <span class='ocrx_word' id='word_1_65' title='bbox 1167 710 1297 739; x_wconf 70' lang='lat' dir='ltr'>[retrudis</span> <span class='ocrx_word' id='word_1_66' title='bbox 1304 710 1440 747; x_wconf 71' lang='lat' dir='ltr'>flammis,</span> <span class='ocrx_word' id='word_1_67' title='bbox 1455 710 1483 738; x_wconf 83' lang='lat' dir='ltr'>h.</span> <span class='ocrx_word' id='word_1_68' title='bbox 1496 709 1618 738; x_wconf 69' lang='lat' dir='ltr'>ssammce</span> <span class='ocrx_word' id='word_1_69' title='bbox 1631 720 1668 738; x_wconf 78' lang='lat' dir='ltr'>ex</span> <span class='ocrx_word' id='word_1_70' title='bbox 1683 709 1723 737; x_wconf 57' lang='lat' dir='ltr'>ci&lt;</span> 
     </span>
     <span class='ocr_line' id='line_1_9' title="bbox 263 749 1723 788; baseline -0.002 -10"><span class='ocrx_word' id='word_1_71' title='bbox 263 751 539 788; x_wconf 70' lang='lat' dir='ltr'>priorumesseotum</span> <span class='ocrx_word' id='word_1_72' title='bbox 554 750 770 782; x_wconf 70' lang='lat' dir='ltr'>aniiuffllvcrtit.</span> <span class='ocrx_word' id='word_1_73' title='bbox 1012 760 1080 779; x_wconf 85' lang='lat' dir='ltr'>nere</span> <span class='ocrx_word' id='word_1_74' title='bbox 1096 754 1176 778; x_wconf 83' lang='lat' dir='ltr'>moto</span> <span class='ocrx_word' id='word_1_75' title='bbox 1197 749 1367 787; x_wconf 75' lang='lat' dir='ltr'>corripuere</span> <span class='ocrx_word' id='word_1_76' title='bbox 1383 759 1473 780; x_wconf 84' lang='lat' dir='ltr'>aram,</span> <span class='ocrx_word' id='word_1_77' title='bbox 1495 758 1633 776; x_wconf 58' lang='lat' dir='ltr'>exarsere</span> <span class='ocrx_word' id='word_1_78' title='bbox 1648 759 1654 785; x_wconf 77' lang='lat'><em>3</em></span> <span class='ocrx_word' id='word_1_79' title='bbox 1676 758 1723 775; x_wconf 74' lang='lat' dir='ltr'>res</span> 
     </span>
    </p>

    <p class='ocr_par' dir='ltr' id='par_1_5' title="bbox 263 786 1725 867">
     <span class='ocr_line' id='line_1_10' title="bbox 304 786 1725 829; baseline -0.005 -9"><span class='ocrx_word' id='word_1_80' title='bbox 304 791 358 817; x_wconf 82' lang='lat'>105</span> <span class='ocrx_word' id='word_1_81' title='bbox 375 789 440 817; x_wconf 78' lang='lat' dir='ltr'>Non</span> <span class='ocrx_word' id='word_1_82' title='bbox 455 799 574 818; x_wconf 73' lang='lat' dir='ltr'>necesse</span> <span class='ocrx_word' id='word_1_83' title='bbox 589 789 652 818; x_wconf 62' lang='lat' dir='ltr'>lure</span> <span class='ocrx_word' id='word_1_84' title='bbox 663 802 701 820; x_wconf 78' lang='lat' dir='ltr'>ex</span> <span class='ocrx_word' id='word_1_85' title='bbox 717 792 773 820; x_wconf 85' lang='lat' dir='ltr'>alia</span> <span class='ocrx_word' id='word_1_86' title='bbox 788 801 875 829; x_wconf 86' lang='lat' dir='ltr'>quain</span> <span class='ocrx_word' id='word_1_87' title='bbox 888 800 972 819; x_wconf 82' lang='lat' dir='ltr'>vene-</span> <span class='ocrx_word' id='word_1_88' title='bbox 1014 789 1154 823; x_wconf 68' lang='lat' dir='ltr'>(miinosa,</span> <span class='ocrx_word' id='word_1_89' title='bbox 1164 792 1197 816; x_wconf 81' lang='lat' dir='ltr'>ut</span> <span class='ocrx_word' id='word_1_90' title='bbox 1212 789 1420 816; x_wconf 54' lang='lat' dir='ltr'>notant—107</span> <span class='ocrx_word' id='word_1_91' title='bbox 1435 786 1540 815; x_wconf 69' lang='lat' dir='ltr'>Nescio</span> <span class='ocrx_word' id='word_1_92' title='bbox 1550 798 1577 825; x_wconf 75' lang='lat' dir='ltr'>q.</span> <span class='ocrx_word' id='word_1_93' title='bbox 1591 790 1636 815; x_wconf 82' lang='lat' dir='ltr'>est</span> <span class='ocrx_word' id='word_1_94' title='bbox 1645 789 1725 815; x_wconf 66' lang='lat' dir='ltr'>certo</span> 
     </span>
     <span class='ocr_line' id='line_1_11' title="bbox 263 825 1725 867; baseline -0.002 -11"><span class='ocrx_word' id='word_1_95' title='bbox 263 828 326 856; x_wconf 77' lang='lat' dir='ltr'>licae</span> <span class='ocrx_word' id='word_1_96' title='bbox 339 838 464 867; x_wconf 82' lang='lat' dir='ltr'>persona</span> <span class='ocrx_word' id='word_1_97' title='bbox 485 827 555 857; x_wconf 78' lang='lat' dir='ltr'>dici.</span> <span class='ocrx_word' id='word_1_98' title='bbox 595 828 669 867; x_wconf 75' lang='lat' dir='ltr'>Ipsa</span> <span class='ocrx_word' id='word_1_99' title='bbox 685 831 774 860; x_wconf 78' lang='lat' dir='ltr'>simul</span> <span class='ocrx_word' id='word_1_100' title='bbox 788 840 856 861; x_wconf 81' lang='lat' dir='ltr'>cum</span> <span class='ocrx_word' id='word_1_101' title='bbox 872 829 972 858; x_wconf 85' lang='lat' dir='ltr'>minis-</span> <span class='ocrx_word' id='word_1_102' title='bbox 1014 828 1143 866; x_wconf 64' lang='lat' dir='ltr'>aliquid,</span> <span class='ocrx_word' id='word_1_103' title='bbox 1157 827 1352 865; x_wconf 77' lang='lat' dir='ltr'>evexiit‚quod</span> <span class='ocrx_word' id='word_1_104' title='bbox 1363 826 1501 854; x_wconf 71' lang='lat' dir='ltr'>veneficio</span> <span class='ocrx_word' id='word_1_105' title='bbox 1509 825 1625 854; x_wconf 78' lang='lat' dir='ltr'>ellicere</span> <span class='ocrx_word' id='word_1_106' title='bbox 1635 825 1725 854; x_wconf 81' lang='lat' dir='ltr'>volui.</span> 
     </span>
    </p>
   </div>
   <div class='ocr_carea' id='block_1_5' title="bbox 611 1154 1374 1307">
    <p class='ocr_par' dir='ltr' id='par_1_6' title="bbox 611 1154 1374 1307">
     <span class='ocr_line' id='line_1_12' title="bbox 611 1154 1374 1196; baseline -0.003 -1"><span class='ocrx_word' id='word_1_107' title='bbox 611 1154 911 1196; x_wconf 82' lang='lat' dir='ltr'><strong>ECLOGA</strong></span> <span class='ocrx_word' id='word_1_108' title='bbox 962 1155 1043 1196; x_wconf 84' lang='lat' dir='ltr'>IX.</span> <span class='ocrx_word' id='word_1_109' title='bbox 1105 1154 1374 1195; x_wconf 55' lang='lat' dir='ltr'>MOEl&#39;tlS.</span> 
     </span>
     <span class='ocr_line' id='line_1_13' title="bbox 785 1268 1208 1307; baseline -0.002 -1"><span class='ocrx_word' id='word_1_110' title='bbox 785 1268 1208 1307; x_wconf 78' lang='lat' dir='ltr'><strong>ARGUMENTUM.</strong></span> 
     </span>
    </p>
   </div>
   <div class='ocr_carea' id='block_1_6' title="bbox 261 1384 1724 2710">
    <p class='ocr_par' dir='ltr' id='par_1_7' title="bbox 261 1384 1724 2710">
     <span class='ocr_line' id='line_1_14' title="bbox 316 1384 1723 1438; baseline -0.001 -14"><span class='ocrx_word' id='word_1_111' title='bbox 316 1387 379 1424; x_wconf 81' lang='lat' dir='ltr'>An</span> <span class='ocrx_word' id='word_1_112' title='bbox 399 1389 531 1424; x_wconf 83' lang='lat' dir='ltr'>urbem</span> <span class='ocrx_word' id='word_1_113' title='bbox 552 1387 753 1424; x_wconf 75' lang='lat' dir='ltr'>Mantuam</span> <span class='ocrx_word' id='word_1_114' title='bbox 774 1387 948 1425; x_wconf 83' lang='lat' dir='ltr'>haedulos</span> <span class='ocrx_word' id='word_1_115' title='bbox 969 1386 1184 1438; x_wconf 77' lang='lat' dir='ltr'>deportanti</span> <span class='ocrx_word' id='word_1_116' title='bbox 1220 1385 1351 1429; x_wconf 57' lang='lat' dir='ltr'>Macri,</span> <span class='ocrx_word' id='word_1_117' title='bbox 1380 1384 1505 1421; x_wconf 85' lang='lat' dir='ltr'>villico</span> <span class='ocrx_word' id='word_1_118' title='bbox 1525 1384 1628 1421; x_wconf 83' lang='lat' dir='ltr'>senio</span> <span class='ocrx_word' id='word_1_119' title='bbox 1642 1384 1723 1434; x_wconf 84' lang='lat' dir='ltr'>jam</span> 
     </span>
     <span class='ocr_line' id='line_1_15' title="bbox 262 1438 1721 1490; baseline -0.001 -13"><span class='ocrx_word' id='word_1_120' title='bbox 262 1441 394 1484; x_wconf 85' lang='lat' dir='ltr'>fracto,</span> <span class='ocrx_word' id='word_1_121' title='bbox 414 1440 495 1489; x_wconf 86' lang='lat' dir='ltr'>(qui</span> <span class='ocrx_word' id='word_1_122' title='bbox 511 1440 681 1477; x_wconf 57' lang='lat' dir='ltr'>homine„</span> <span class='ocrx_word' id='word_1_123' title='bbox 703 1449 740 1477; x_wconf 88' lang='lat' dir='ltr'>et</span> <span class='ocrx_word' id='word_1_124' title='bbox 758 1440 829 1490; x_wconf 88' lang='lat' dir='ltr'>ipsi</span> <span class='ocrx_word' id='word_1_125' title='bbox 849 1441 947 1478; x_wconf 88' lang='lat' dir='ltr'>servi</span> <span class='ocrx_word' id='word_1_126' title='bbox 968 1448 1085 1485; x_wconf 86' lang='lat' dir='ltr'>erant,</span> <span class='ocrx_word' id='word_1_127' title='bbox 1107 1453 1142 1476; x_wconf 88' lang='lat' dir='ltr'>v.</span> <span class='ocrx_word' id='word_1_128' title='bbox 1165 1453 1247 1489; x_wconf 88' lang='lat' dir='ltr'>sup.</span> <span class='ocrx_word' id='word_1_129' title='bbox 1269 1439 1317 1475; x_wconf 83' lang='lat' dir='ltr'>ad</span> <span class='ocrx_word' id='word_1_130' title='bbox 1337 1438 1418 1476; x_wconf 77' lang='lat' dir='ltr'>Eel.</span> <span class='ocrx_word' id='word_1_131' title='bbox 1440 1438 1473 1481; x_wconf 89' lang='lat' dir='ltr'>I,</span> <span class='ocrx_word' id='word_1_132' title='bbox 1495 1442 1559 1475; x_wconf 67' lang='lat'>28.</span> <span class='ocrx_word' id='word_1_133' title='bbox 1577 1438 1624 1475; x_wconf 87' lang='lat' dir='ltr'>cs.</span> <span class='ocrx_word' id='word_1_134' title='bbox 1639 1438 1721 1476; x_wconf 83' lang='lat' dir='ltr'>Cic.</span> 
     </span>
     <span class='ocr_line' id='line_1_16' title="bbox 262 1491 1721 1543; baseline -0.001 -14"><span class='ocrx_word' id='word_1_135' title='bbox 262 1493 372 1530; x_wconf 82' lang='lat' dir='ltr'>Verr.</span> <span class='ocrx_word' id='word_1_136' title='bbox 388 1494 461 1538; x_wconf 90' lang='lat' dir='ltr'>Ill,</span> <span class='ocrx_word' id='word_1_137' title='bbox 480 1498 543 1530; x_wconf 86' lang='lat'>50.</span> <span class='ocrx_word' id='word_1_138' title='bbox 566 1497 581 1540; x_wconf 61' lang='grc' dir='ltr'>ξ</span> <span class='ocrx_word' id='word_1_139' title='bbox 606 1493 696 1542; x_wconf 83' lang='grc'><strong>119)</strong></span> <span class='ocrx_word' id='word_1_140' title='bbox 717 1494 891 1543; x_wconf 79' lang='lat' dir='ltr'>adjungit</span> <span class='ocrx_word' id='word_1_141' title='bbox 911 1508 950 1531; x_wconf 86' lang='lat' dir='ltr'>se</span> <span class='ocrx_word' id='word_1_142' title='bbox 970 1495 1008 1530; x_wconf 88' lang='lat' dir='ltr'>in</span> <span class='ocrx_word' id='word_1_143' title='bbox 1028 1494 1159 1530; x_wconf 86' lang='lat' dir='ltr'>itinere</span> <span class='ocrx_word' id='word_1_144' title='bbox 1174 1492 1351 1542; x_wconf 76' lang='lat' dir='ltr'>Lycidas,</span> <span class='ocrx_word' id='word_1_145' title='bbox 1373 1491 1580 1528; x_wconf 80' lang='lat' dir='ltr'>carminum</span> <span class='ocrx_word' id='word_1_146' title='bbox 1594 1491 1721 1528; x_wconf 85' lang='lat' dir='ltr'>studio</span> 
     </span>
     <span class='ocr_line' id='line_1_17' title="bbox 262 1544 1723 1596; baseline -0.001 -14"><span class='ocrx_word' id='word_1_147' title='bbox 262 1547 426 1595; x_wconf 79' lang='lat' dir='ltr'>flagrans</span> <span class='ocrx_word' id='word_1_148' title='bbox 447 1555 595 1596; x_wconf 82' lang='lat' dir='ltr'>pastor3</span> <span class='ocrx_word' id='word_1_149' title='bbox 627 1559 649 1582; x_wconf 87' lang='lat' dir='ltr'>a</span> <span class='ocrx_word' id='word_1_150' title='bbox 664 1560 740 1594; x_wconf 90' lang='lat' dir='ltr'>quo</span> <span class='ocrx_word' id='word_1_151' title='bbox 755 1560 926 1583; x_wconf 79' lang='lat' dir='ltr'>caussam</span> <span class='ocrx_word' id='word_1_152' title='bbox 945 1547 1018 1583; x_wconf 83' lang='lat' dir='ltr'>viae</span> <span class='ocrx_word' id='word_1_153' title='bbox 1039 1554 1194 1595; x_wconf 76' lang='lat' dir='ltr'>rogatus</span> <span class='ocrx_word' id='word_1_154' title='bbox 1215 1545 1352 1581; x_wconf 87' lang='lat' dir='ltr'>Moeris</span> <span class='ocrx_word' id='word_1_155' title='bbox 1372 1544 1602 1581; x_wconf 80' lang='lat' dir='ltr'>calamitates</span> <span class='ocrx_word' id='word_1_156' title='bbox 1622 1558 1723 1590; x_wconf 80' lang='lat' dir='ltr'>suas,</span> 
     </span>
     <span class='ocr_line' id='line_1_18' title="bbox 261 1597 1722 1649; baseline -0.001 -14"><span class='ocrx_word' id='word_1_157' title='bbox 261 1599 479 1648; x_wconf 85' lang='lat' dir='ltr'>dominique</span> <span class='ocrx_word' id='word_1_158' title='bbox 513 1599 701 1636; x_wconf 82' lang='lat' dir='ltr'>Menalcae</span> <span class='ocrx_word' id='word_1_159' title='bbox 724 1598 879 1648; x_wconf 77' lang='lat' dir='ltr'>injurias</span> <span class='ocrx_word' id='word_1_160' title='bbox 907 1613 951 1636; x_wconf 88' lang='lat' dir='ltr'>ac</span> <span class='ocrx_word' id='word_1_161' title='bbox 970 1599 1137 1649; x_wconf 89' lang='lat' dir='ltr'>pericula</span> <span class='ocrx_word' id='word_1_162' title='bbox 1156 1598 1253 1635; x_wconf 90' lang='lat' dir='ltr'>inter</span> <span class='ocrx_word' id='word_1_163' title='bbox 1270 1598 1448 1642; x_wconf 87' lang='lat' dir='ltr'>eundum,</span> <span class='ocrx_word' id='word_1_164' title='bbox 1476 1597 1514 1633; x_wconf 88' lang='lat' dir='ltr'>id</span> <span class='ocrx_word' id='word_1_165' title='bbox 1532 1597 1633 1645; x_wconf 82' lang='lat' dir='ltr'>quod</span> <span class='ocrx_word' id='word_1_166' title='bbox 1655 1598 1722 1634; x_wconf 87' lang='lat' dir='ltr'>ali-</span> 
     </span>
     <span class='ocr_line' id='line_1_19' title="bbox 261 1650 1722 1702; baseline -0.001 -14"><span class='ocrx_word' id='word_1_167' title='bbox 261 1661 443 1701; x_wconf 85' lang='lat' dir='ltr'>quantum</span> <span class='ocrx_word' id='word_1_168' title='bbox 458 1652 709 1702; x_wconf 85' lang='lat' dir='ltr'>jucunditatis</span> <span class='ocrx_word' id='word_1_169' title='bbox 729 1652 854 1697; x_wconf 87' lang='lat' dir='ltr'>habet,</span> <span class='ocrx_word' id='word_1_170' title='bbox 869 1660 1143 1690; x_wconf 79' lang='lat' dir='ltr'>commemorat</span> <span class='ocrx_word' id='word_1_171' title='bbox 1155 1666 1165 1694; x_wconf 80' lang='lat'><em>3</em></span> <span class='ocrx_word' id='word_1_172' title='bbox 1187 1664 1349 1700; x_wconf 87' lang='lat' dir='ltr'>cumque</span> <span class='ocrx_word' id='word_1_173' title='bbox 1366 1664 1489 1687; x_wconf 89' lang='lat' dir='ltr'>sermo</span> <span class='ocrx_word' id='word_1_174' title='bbox 1509 1651 1557 1686; x_wconf 90' lang='lat' dir='ltr'>ad</span> <span class='ocrx_word' id='word_1_175' title='bbox 1574 1650 1722 1687; x_wconf 86' lang='lat' dir='ltr'>Menal-</span> 
     </span>
     <span class='ocr_line' id='line_1_20' title="bbox 261 1703 1722 1754; baseline -0.003 -11"><span class='ocrx_word' id='word_1_176' title='bbox 261 1718 317 1743; x_wconf 86' lang='lat' dir='ltr'>cae</span> <span class='ocrx_word' id='word_1_177' title='bbox 346 1706 513 1742; x_wconf 87' lang='lat' dir='ltr'>carmina</span> <span class='ocrx_word' id='word_1_178' title='bbox 538 1705 724 1742; x_wconf 86' lang='lat' dir='ltr'>deductus</span> <span class='ocrx_word' id='word_1_179' title='bbox 743 1714 853 1749; x_wconf 83' lang='lat' dir='ltr'>esset,</span> <span class='ocrx_word' id='word_1_180' title='bbox 880 1719 915 1742; x_wconf 87' lang='lat' dir='ltr'>v.</span> <span class='ocrx_word' id='word_1_181' title='bbox 941 1709 1004 1743; x_wconf 89' lang='grc'>17.</span> <span class='ocrx_word' id='word_1_182' title='bbox 1039 1705 1172 1742; x_wconf 85' lang='lat' dir='ltr'>recitat</span> <span class='ocrx_word' id='word_1_183' title='bbox 1200 1713 1359 1754; x_wconf 85' lang='lat' dir='ltr'>uterque</span> <span class='ocrx_word' id='word_1_184' title='bbox 1390 1703 1570 1740; x_wconf 88' lang='lat' dir='ltr'>nonnulla</span> <span class='ocrx_word' id='word_1_185' title='bbox 1600 1717 1649 1740; x_wconf 85' lang='lat' dir='ltr'>ex</span> <span class='ocrx_word' id='word_1_186' title='bbox 1678 1703 1722 1740; x_wconf 88' lang='lat' dir='ltr'>iis</span> 
     </span>
     <span class='ocr_line' id='line_1_21' title="bbox 262 1756 1724 1807; baseline -0.002 -12"><span class='ocrx_word' id='word_1_187' title='bbox 262 1759 473 1807; x_wconf 80' lang='lat' dir='ltr'>fragmenta</span> <span class='ocrx_word' id='word_1_188' title='bbox 492 1771 535 1794; x_wconf 84' lang='lat' dir='ltr'>ae</span> <span class='ocrx_word' id='word_1_189' title='bbox 554 1758 648 1801; x_wconf 82' lang='lat' dir='ltr'>loca,</span> <span class='ocrx_word' id='word_1_190' title='bbox 669 1758 806 1806; x_wconf 89' lang='lat' dir='ltr'>partim</span> <span class='ocrx_word' id='word_1_191' title='bbox 826 1772 875 1794; x_wconf 82' lang='lat' dir='ltr'>ex</span> <span class='ocrx_word' id='word_1_192' title='bbox 887 1758 1093 1794; x_wconf 80' lang='lat' dir='ltr'>Theocrito</span> <span class='ocrx_word' id='word_1_193' title='bbox 1108 1771 1227 1801; x_wconf 80' lang='lat' dir='ltr'>versa,</span> <span class='ocrx_word' id='word_1_194' title='bbox 1245 1758 1298 1794; x_wconf 90' lang='lat' dir='ltr'>uti</span> <span class='ocrx_word' id='word_1_195' title='bbox 1316 1765 1395 1794; x_wconf 87' lang='lat' dir='ltr'>tota</span> <span class='ocrx_word' id='word_1_196' title='bbox 1408 1756 1582 1794; x_wconf 83' lang='lat' dir='ltr'>carminis</span> <span class='ocrx_word' id='word_1_197' title='bbox 1602 1756 1724 1793; x_wconf 85' lang='lat' dir='ltr'>forma</span> 
     </span>
     <span class='ocr_line' id='line_1_22' title="bbox 261 1809 1722 1859; baseline -0.001 -12"><span class='ocrx_word' id='word_1_198' title='bbox 261 1824 309 1847; x_wconf 86' lang='lat' dir='ltr'>ex</span> <span class='ocrx_word' id='word_1_199' title='bbox 329 1811 411 1859; x_wconf 87' lang='lat' dir='ltr'>ejus</span> <span class='ocrx_word' id='word_1_200' title='bbox 431 1810 571 1859; x_wconf 90' lang='lat' dir='ltr'>Idyllio</span> <span class='ocrx_word' id='word_1_201' title='bbox 591 1810 752 1859; x_wconf 84' lang='lat' dir='ltr'>septimo</span> <span class='ocrx_word' id='word_1_202' title='bbox 772 1810 886 1847; x_wconf 88' lang='lat' dir='ltr'>ducta</span> <span class='ocrx_word' id='word_1_203' title='bbox 902 1819 981 1854; x_wconf 80' lang='lat' dir='ltr'>est3</span> <span class='ocrx_word' id='word_1_204' title='bbox 1014 1811 1150 1859; x_wconf 84' lang='lat' dir='ltr'>partim</span> <span class='ocrx_word' id='word_1_205' title='bbox 1170 1810 1218 1847; x_wconf 84' lang='lat' dir='ltr'>ad</span> <span class='ocrx_word' id='word_1_206' title='bbox 1235 1819 1446 1859; x_wconf 84' lang='lat' dir='ltr'>temporum</span> <span class='ocrx_word' id='word_1_207' title='bbox 1467 1809 1722 1846; x_wconf 83' lang='lat' dir='ltr'>conditionem</span> 
     </span>
     <span class='ocr_line' id='line_1_23' title="bbox 261 1861 1723 1912; baseline 0 -13"><span class='ocrx_word' id='word_1_208' title='bbox 261 1877 297 1900; x_wconf 85' lang='lat' dir='ltr'>v.</span> <span class='ocrx_word' id='word_1_209' title='bbox 315 1867 378 1901; x_wconf 81' lang='lat'>27.</span> <span class='ocrx_word' id='word_1_210' title='bbox 401 1871 439 1900; x_wconf 83' lang='lat' dir='ltr'>ct</span> <span class='ocrx_word' id='word_1_211' title='bbox 461 1867 509 1900; x_wconf 78' lang='lat'>46</span> <span class='ocrx_word' id='word_1_212' title='bbox 531 1876 615 1912; x_wconf 84' lang='lat' dir='ltr'>sqq.</span> <span class='ocrx_word' id='word_1_213' title='bbox 635 1863 919 1900; x_wconf 85' lang='lat' dir='ltr'>accommodate</span> <span class='ocrx_word' id='word_1_214' title='bbox 938 1877 960 1899; x_wconf 87' lang='lat' dir='ltr'>a</span> <span class='ocrx_word' id='word_1_215' title='bbox 980 1863 1158 1899; x_wconf 82' lang='lat' dir='ltr'>Menalca</span> <span class='ocrx_word' id='word_1_216' title='bbox 1177 1862 1398 1911; x_wconf 85' lang='lat' dir='ltr'>composita.</span> <span class='ocrx_word' id='word_1_217' title='bbox 1456 1861 1546 1903; x_wconf 82' lang='lat' dir='ltr'>Quo</span> <span class='ocrx_word' id='word_1_218' title='bbox 1568 1863 1723 1899; x_wconf 87' lang='lat' dir='ltr'>consilio</span> 
     </span>
     <span class='ocr_line' id='line_1_24' title="bbox 262 1914 1720 1966; baseline 0 -14"><span class='ocrx_word' id='word_1_219' title='bbox 262 1929 413 1953; x_wconf 86' lang='lat' dir='ltr'>carmen</span> <span class='ocrx_word' id='word_1_220' title='bbox 427 1917 683 1966; x_wconf 87' lang='lat' dir='ltr'>conscriptum</span> <span class='ocrx_word' id='word_1_221' title='bbox 696 1916 755 1960; x_wconf 85' lang='lat' dir='ltr'>sit,</span> <span class='ocrx_word' id='word_1_222' title='bbox 772 1915 1018 1965; x_wconf 81' lang='lat' dir='ltr'>Maronisque</span> <span class='ocrx_word' id='word_1_223' title='bbox 1031 1917 1100 1952; x_wconf 89' lang='lat' dir='ltr'>sub</span> <span class='ocrx_word' id='word_1_224' title='bbox 1122 1915 1312 1952; x_wconf 62' lang='lat' dir='ltr'>Menalcae</span> <span class='ocrx_word' id='word_1_225' title='bbox 1326 1914 1487 1959; x_wconf 86' lang='lat' dir='ltr'>nomine,</span> <span class='ocrx_word' id='word_1_226' title='bbox 1504 1923 1544 1951; x_wconf 89' lang='lat' dir='ltr'>ut</span> <span class='ocrx_word' id='word_1_227' title='bbox 1557 1928 1659 1964; x_wconf 83' lang='lat' dir='ltr'>supr.</span> <span class='ocrx_word' id='word_1_228' title='bbox 1672 1915 1720 1952; x_wconf 89' lang='lat' dir='ltr'>V.</span> 
     </span>
     <span class='ocr_line' id='line_1_25' title="bbox 264 1967 1722 2016; baseline -0.001 -11"><span class='ocrx_word' id='word_1_229' title='bbox 264 1972 343 2013; x_wconf 70' lang='lat'>85„</span> <span class='ocrx_word' id='word_1_230' title='bbox 364 1970 554 2006; x_wconf 88' lang='lat' dir='ltr'>fortunam</span> <span class='ocrx_word' id='word_1_231' title='bbox 574 1978 612 2006; x_wconf 88' lang='lat' dir='ltr'>et</span> <span class='ocrx_word' id='word_1_232' title='bbox 640 1969 891 2006; x_wconf 83' lang='lat' dir='ltr'>calamitatem</span> <span class='ocrx_word' id='word_1_233' title='bbox 921 1970 957 2006; x_wconf 89' lang='lat' dir='ltr'>in</span> <span class='ocrx_word' id='word_1_234' title='bbox 979 1983 1023 2006; x_wconf 84' lang='lat' dir='ltr'>eo</span> <span class='ocrx_word' id='word_1_235' title='bbox 1053 1969 1316 2005; x_wconf 84' lang='lat' dir='ltr'>adumbratam</span> <span class='ocrx_word' id='word_1_236' title='bbox 1337 1981 1430 2012; x_wconf 82' lang='lat' dir='ltr'>esse,</span> <span class='ocrx_word' id='word_1_237' title='bbox 1455 1981 1503 2003; x_wconf 85' lang='lat' dir='ltr'>ex</span> <span class='ocrx_word' id='word_1_238' title='bbox 1530 1967 1612 2016; x_wconf 89' lang='lat' dir='ltr'>ipso</span> <span class='ocrx_word' id='word_1_239' title='bbox 1633 1969 1722 2004; x_wconf 80' lang='lat' dir='ltr'>satis</span> 
     </span>
     <span class='ocr_line' id='line_1_26' title="bbox 262 2020 1723 2071; baseline -0.001 -13"><span class='ocrx_word' id='word_1_240' title='bbox 262 2023 504 2059; x_wconf 87' lang='lat' dir='ltr'>manifestum</span> <span class='ocrx_word' id='word_1_241' title='bbox 533 2022 588 2058; x_wconf 87' lang='lat' dir='ltr'>fit.</span> <span class='ocrx_word' id='word_1_242' title='bbox 646 2021 842 2071; x_wconf 77' lang='lat' dir='ltr'>Virgilius,</span> <span class='ocrx_word' id='word_1_243' title='bbox 873 2036 990 2071; x_wconf 88' lang='lat' dir='ltr'>quum</span> <span class='ocrx_word' id='word_1_244' title='bbox 1010 2035 1107 2059; x_wconf 88' lang='lat' dir='ltr'>anno</span> <span class='ocrx_word' id='word_1_245' title='bbox 1134 2020 1184 2058; x_wconf 87' lang='lat' dir='ltr'>U.</span> <span class='ocrx_word' id='word_1_246' title='bbox 1202 2020 1246 2058; x_wconf 88' lang='lat' dir='ltr'>C.</span> <span class='ocrx_word' id='word_1_247' title='bbox 1272 2024 1359 2065; x_wconf 73' lang='lat'>713,</span> <span class='ocrx_word' id='word_1_248' title='bbox 1380 2021 1461 2070; x_wconf 81' lang='lat' dir='ltr'>agri</span> <span class='ocrx_word' id='word_1_249' title='bbox 1481 2020 1680 2056; x_wconf 84' lang='lat' dir='ltr'>Mantuani</span> <span class='ocrx_word' id='word_1_250' title='bbox 1701 2035 1723 2058; x_wconf 86' lang='lat' dir='ltr'>a</span> 
     </span>
     <span class='ocr_line' id='line_1_27' title="bbox 263 2073 1721 2124; baseline 0 -13"><span class='ocrx_word' id='word_1_251' title='bbox 263 2076 462 2119; x_wconf 83' lang='lat' dir='ltr'>veteranis,</span> <span class='ocrx_word' id='word_1_252' title='bbox 479 2075 616 2124; x_wconf 85' lang='lat' dir='ltr'>quibus</span> <span class='ocrx_word' id='word_1_253' title='bbox 632 2074 907 2112; x_wconf 83' lang='lat' dir='ltr'>Cremonenses</span> <span class='ocrx_word' id='word_1_254' title='bbox 920 2089 994 2112; x_wconf 88' lang='lat' dir='ltr'>nou</span> <span class='ocrx_word' id='word_1_255' title='bbox 1010 2075 1238 2119; x_wconf 81' lang='lat' dir='ltr'>sufficerent,</span> <span class='ocrx_word' id='word_1_256' title='bbox 1253 2081 1539 2123; x_wconf 75' lang='lat' dir='ltr'>occuparentur,</span> <span class='ocrx_word' id='word_1_257' title='bbox 1555 2073 1721 2122; x_wconf 80' lang='lat' dir='ltr'>agellum</span> 
     </span>
     <span class='ocr_line' id='line_1_28' title="bbox 263 2126 1722 2178; baseline -0.001 -14"><span class='ocrx_word' id='word_1_258' title='bbox 263 2141 373 2164; x_wconf 83' lang='lat' dir='ltr'>suum</span> <span class='ocrx_word' id='word_1_259' title='bbox 386 2129 570 2165; x_wconf 88' lang='lat' dir='ltr'>beneficio</span> <span class='ocrx_word' id='word_1_260' title='bbox 589 2128 802 2173; x_wconf 87' lang='lat' dir='ltr'>Octaviani,</span> <span class='ocrx_word' id='word_1_261' title='bbox 825 2142 894 2178; x_wconf 86' lang='lat' dir='ltr'>pro</span> <span class='ocrx_word' id='word_1_262' title='bbox 906 2142 982 2177; x_wconf 90' lang='lat' dir='ltr'>quo</span> <span class='ocrx_word' id='word_1_263' title='bbox 998 2128 1130 2177; x_wconf 82' lang='lat' dir='ltr'>ecloga</span> <span class='ocrx_word' id='word_1_264' title='bbox 1142 2127 1264 2177; x_wconf 88' lang='lat' dir='ltr'>prima</span> <span class='ocrx_word' id='word_1_265' title='bbox 1278 2128 1437 2176; x_wconf 79' lang='lat' dir='ltr'>gratiam</span> <span class='ocrx_word' id='word_1_266' title='bbox 1449 2126 1589 2169; x_wconf 85' lang='lat' dir='ltr'>retulit,</span> <span class='ocrx_word' id='word_1_267' title='bbox 1599 2126 1722 2175; x_wconf 87' lang='lat' dir='ltr'>primo</span> 
     </span>
     <span class='ocr_line' id='line_1_29' title="bbox 263 2179 1721 2230; baseline -0.001 -13"><span class='ocrx_word' id='word_1_268' title='bbox 263 2181 416 2229; x_wconf 83' lang='lat' dir='ltr'>quidem</span> <span class='ocrx_word' id='word_1_269' title='bbox 434 2182 659 2226; x_wconf 84' lang='lat' dir='ltr'>obtinuerat,</span> <span class='ocrx_word' id='word_1_270' title='bbox 674 2181 849 2230; x_wconf 90' lang='lat' dir='ltr'>illiusque</span> <span class='ocrx_word' id='word_1_271' title='bbox 870 2182 1165 2218; x_wconf 79' lang='lat' dir='ltr'>incolumitatem</span> <span class='ocrx_word' id='word_1_272' title='bbox 1179 2181 1259 2217; x_wconf 90' lang='lat' dir='ltr'>fore</span> <span class='ocrx_word' id='word_1_273' title='bbox 1274 2189 1495 2230; x_wconf 86' lang='lat' dir='ltr'>perpetuam</span> <span class='ocrx_word' id='word_1_274' title='bbox 1510 2179 1622 2216; x_wconf 87' lang='lat' dir='ltr'>vicini</span> <span class='ocrx_word' id='word_1_275' title='bbox 1641 2193 1721 2216; x_wconf 89' lang='lat' dir='ltr'>cre-</span> 
     </span>
     <span class='ocr_line' id='line_1_30' title="bbox 263 2232 1722 2284; baseline 0 -15"><span class='ocrx_word' id='word_1_276' title='bbox 263 2234 451 2271; x_wconf 82' lang='lat' dir='ltr'>diderant.</span> <span class='ocrx_word' id='word_1_277' title='bbox 474 2238 613 2272; x_wconf 82' lang='lat'>7—10.</span> <span class='ocrx_word' id='word_1_278' title='bbox 663 2234 739 2271; x_wconf 86' lang='lat' dir='ltr'>Sed</span> <span class='ocrx_word' id='word_1_279' title='bbox 758 2248 832 2272; x_wconf 88' lang='lat' dir='ltr'>non</span> <span class='ocrx_word' id='word_1_280' title='bbox 863 2236 915 2271; x_wconf 87' lang='lat' dir='ltr'>ita</span> <span class='ocrx_word' id='word_1_281' title='bbox 934 2234 1054 2271; x_wconf 88' lang='lat' dir='ltr'>multo</span> <span class='ocrx_word' id='word_1_282' title='bbox 1072 2242 1158 2284; x_wconf 87' lang='lat' dir='ltr'>post</span> <span class='ocrx_word' id='word_1_283' title='bbox 1172 2247 1195 2270; x_wconf 86' lang='lat' dir='ltr'>a</span> <span class='ocrx_word' id='word_1_284' title='bbox 1214 2234 1395 2270; x_wconf 81' lang='lat' dir='ltr'>militibus</span> <span class='ocrx_word' id='word_1_285' title='bbox 1414 2233 1498 2277; x_wconf 86' lang='lat' dir='ltr'>illis,</span> <span class='ocrx_word' id='word_1_286' title='bbox 1521 2232 1722 2270; x_wconf 87' lang='lat' dir='ltr'>Octaviani</span> 
     </span>
     <span class='ocr_line' id='line_1_31' title="bbox 265 2286 1721 2337; baseline 0 -14"><span class='ocrx_word' id='word_1_287' title='bbox 265 2287 378 2323; x_wconf 87' lang='lat' dir='ltr'>etiam</span> <span class='ocrx_word' id='word_1_288' title='bbox 404 2287 513 2336; x_wconf 87' lang='lat' dir='ltr'>jussa</span> <span class='ocrx_word' id='word_1_289' title='bbox 542 2288 819 2336; x_wconf 77' lang='lat' dir='ltr'>spernentibuS,</span> <span class='ocrx_word' id='word_1_290' title='bbox 856 2288 973 2324; x_wconf 86' lang='lat' dir='ltr'>inscio</span> <span class='ocrx_word' id='word_1_291' title='bbox 1001 2296 1173 2337; x_wconf 84' lang='lat' dir='ltr'>patrono,</span> <span class='ocrx_word' id='word_1_292' title='bbox 1206 2286 1508 2336; x_wconf 82' lang='lat' dir='ltr'>possessionibus</span> <span class='ocrx_word' id='word_1_293' title='bbox 1538 2286 1615 2322; x_wconf 87' lang='lat' dir='ltr'>suis</span> <span class='ocrx_word' id='word_1_294' title='bbox 1645 2299 1721 2323; x_wconf 88' lang='lat' dir='ltr'>non</span> 
     </span>
     <span class='ocr_line' id='line_1_32' title="bbox 264 2339 1722 2390; baseline 0.001 -15"><span class='ocrx_word' id='word_1_295' title='bbox 264 2340 343 2376; x_wconf 85' lang='lat' dir='ltr'>sine</span> <span class='ocrx_word' id='word_1_296' title='bbox 372 2353 510 2388; x_wconf 81' lang='lat' dir='ltr'>magno</span> <span class='ocrx_word' id='word_1_297' title='bbox 530 2341 619 2377; x_wconf 80' lang='lat' dir='ltr'>vitae</span> <span class='ocrx_word' id='word_1_298' title='bbox 640 2340 807 2390; x_wconf 88' lang='lat' dir='ltr'>periculo</span> <span class='ocrx_word' id='word_1_299' title='bbox 834 2339 973 2389; x_wconf 81' lang='lat' dir='ltr'>ejectus</span> <span class='ocrx_word' id='word_1_300' title='bbox 989 2349 1057 2377; x_wconf 87' lang='lat' dir='ltr'>est.</span> <span class='ocrx_word' id='word_1_301' title='bbox 1080 2343 1196 2377; x_wconf 76' lang='lat'>2—4.</span> <span class='ocrx_word' id='word_1_302' title='bbox 1221 2340 1393 2377; x_wconf 81' lang='lat' dir='ltr'>lb&#39;.—-H.</span> <span class='ocrx_word' id='word_1_303' title='bbox 1450 2340 1527 2376; x_wconf 85' lang='lat' dir='ltr'>Sua</span> <span class='ocrx_word' id='word_1_304' title='bbox 1546 2339 1661 2387; x_wconf 79' lang='lat' dir='ltr'>igitur</span> <span class='ocrx_word' id='word_1_305' title='bbox 1680 2347 1722 2376; x_wconf 85' lang='lat' dir='ltr'>ut</span> 
     </span>
     <span class='ocr_line' id='line_1_33' title="bbox 264 2392 1719 2443; baseline -0.001 -15"><span class='ocrx_word' id='word_1_306' title='bbox 264 2403 517 2442; x_wconf 82' lang='lat' dir='ltr'>recuperaret,</span> <span class='ocrx_word' id='word_1_307' title='bbox 569 2394 782 2443; x_wconf 84' lang='lat' dir='ltr'>composuit</span> <span class='ocrx_word' id='word_1_308' title='bbox 819 2394 914 2430; x_wconf 88' lang='lat' dir='ltr'>hauc</span> <span class='ocrx_word' id='word_1_309' title='bbox 942 2394 1114 2442; x_wconf 74' lang='lat' dir='ltr'>eclogam</span> <span class='ocrx_word' id='word_1_310' title='bbox 1147 2393 1283 2437; x_wconf 82' lang='lat' dir='ltr'>Maro3</span> <span class='ocrx_word' id='word_1_311' title='bbox 1315 2402 1428 2442; x_wconf 84' lang='lat' dir='ltr'>atque</span> <span class='ocrx_word' id='word_1_312' title='bbox 1464 2392 1719 2429; x_wconf 88' lang='lat' dir='ltr'>conditionem</span> 
     </span>
     <span class='ocr_line' id='line_1_34' title="bbox 265 2445 1720 2496; baseline 0.001 -15"><span class='ocrx_word' id='word_1_313' title='bbox 265 2445 458 2493; x_wconf 72' lang='lat' dir='ltr'>indignam</span> <span class='ocrx_word' id='word_1_314' title='bbox 478 2450 601 2496; x_wconf 80' lang='lat' dir='ltr'>po&#39;etae</span> <span class='ocrx_word' id='word_1_315' title='bbox 621 2447 849 2495; x_wconf 82' lang='lat' dir='ltr'>praestantis,</span> <span class='ocrx_word' id='word_1_316' title='bbox 871 2447 962 2483; x_wconf 90' lang='lat' dir='ltr'>dum</span> <span class='ocrx_word' id='word_1_317' title='bbox 982 2446 1176 2496; x_wconf 85' lang='lat' dir='ltr'>promissis</span> <span class='ocrx_word' id='word_1_318' title='bbox 1200 2446 1366 2491; x_wconf 74' lang='lat' dir='ltr'>confidit,</span> <span class='ocrx_word' id='word_1_319' title='bbox 1387 2445 1592 2483; x_wconf 87' lang='lat' dir='ltr'>miserrime</span> <span class='ocrx_word' id='word_1_320' title='bbox 1610 2445 1720 2482; x_wconf 91' lang='lat' dir='ltr'>bonis</span> 
     </span>
     <span class='ocr_line' id='line_1_35' title="bbox 264 2498 1717 2549; baseline -0.001 -15"><span class='ocrx_word' id='word_1_321' title='bbox 264 2498 341 2535; x_wconf 89' lang='lat' dir='ltr'>suis</span> <span class='ocrx_word' id='word_1_322' title='bbox 362 2499 497 2548; x_wconf 81' lang='lat' dir='ltr'>privati</span> <span class='ocrx_word' id='word_1_323' title='bbox 526 2500 707 2548; x_wconf 64' lang='lat' dir='ltr'>praeclare</span> <span class='ocrx_word' id='word_1_324' title='bbox 733 2500 933 2549; x_wconf 84' lang='lat' dir='ltr'>expressit.</span> <span class='ocrx_word' id='word_1_325' title='bbox 988 2499 1087 2536; x_wconf 80' lang='lat' dir='ltr'>Haec</span> <span class='ocrx_word' id='word_1_326' title='bbox 1107 2500 1137 2536; x_wconf 89' lang='lat' dir='ltr'>si</span> <span class='ocrx_word' id='word_1_327' title='bbox 1155 2513 1284 2549; x_wconf 86' lang='lat' dir='ltr'>ponas,</span> <span class='ocrx_word' id='word_1_328' title='bbox 1305 2509 1342 2536; x_wconf 86' lang='lat' dir='ltr'>et</span> <span class='ocrx_word' id='word_1_329' title='bbox 1362 2513 1428 2536; x_wconf 86' lang='lat' dir='ltr'>cur</span> <span class='ocrx_word' id='word_1_330' title='bbox 1447 2498 1612 2535; x_wconf 81' lang='lat' dir='ltr'>maxima</span> <span class='ocrx_word' id='word_1_331' title='bbox 1630 2511 1717 2546; x_wconf 88' lang='lat' dir='ltr'>pars</span> 
     </span>
     <span class='ocr_line' id='line_1_36' title="bbox 263 2551 1717 2602; baseline -0.001 -15"><span class='ocrx_word' id='word_1_332' title='bbox 263 2551 407 2600; x_wconf 75' lang='lat' dir='ltr'>cclogae</span> <span class='ocrx_word' id='word_1_333' title='bbox 438 2555 587 2588; x_wconf 82' lang='lat'>19—50</span> <span class='ocrx_word' id='word_1_334' title='bbox 619 2554 655 2588; x_wconf 90' lang='lat' dir='ltr'>in</span> <span class='ocrx_word' id='word_1_335' title='bbox 681 2553 857 2590; x_wconf 87' lang='lat' dir='ltr'>laudibus</span> <span class='ocrx_word' id='word_1_336' title='bbox 876 2553 1108 2602; x_wconf 66' lang='lat' dir='ltr'>praestantia}</span> <span class='ocrx_word' id='word_1_337' title='bbox 1139 2554 1298 2602; x_wconf 75' lang='lat' dir='ltr'>po&#39;e&#39;scos</span> <span class='ocrx_word' id='word_1_338' title='bbox 1325 2552 1514 2590; x_wconf 82' lang='lat' dir='ltr'>Menalcae</span> <span class='ocrx_word' id='word_1_339' title='bbox 1534 2559 1717 2595; x_wconf 85' lang='lat' dir='ltr'>versetur,</span> 
     </span>
     <span class='ocr_line' id='line_1_37' title="bbox 266 2603 1719 2643; baseline -0.001 -2"><span class='ocrx_word' id='word_1_340' title='bbox 266 2612 305 2641; x_wconf 85' lang='lat' dir='ltr'>ct</span> <span class='ocrx_word' id='word_1_341' title='bbox 324 2618 389 2641; x_wconf 88' lang='lat' dir='ltr'>cur</span> <span class='ocrx_word' id='word_1_342' title='bbox 411 2604 622 2641; x_wconf 86' lang='lat' dir='ltr'>Octaviano</span> <span class='ocrx_word' id='word_1_343' title='bbox 642 2606 705 2642; x_wconf 88' lang='lat' dir='ltr'>illc</span> <span class='ocrx_word' id='word_1_344' title='bbox 733 2606 924 2643; x_wconf 82' lang='lat' dir='ltr'>Caesarem</span> <span class='ocrx_word' id='word_1_345' title='bbox 945 2606 1040 2642; x_wconf 86' lang='lat' dir='ltr'>inter</span> <span class='ocrx_word' id='word_1_346' title='bbox 1060 2606 1150 2643; x_wconf 88' lang='lat' dir='ltr'>deos</span> <span class='ocrx_word' id='word_1_347' title='bbox 1169 2607 1358 2643; x_wconf 80' lang='lat' dir='ltr'>beneficos</span> <span class='ocrx_word' id='word_1_348' title='bbox 1377 2603 1573 2642; x_wconf 80' lang='lat' dir='ltr'>referendo</span> <span class='ocrx_word' id='word_1_349' title='bbox 1590 2603 1719 2640; x_wconf 85' lang='lat' dir='ltr'>adule-</span> 
     </span>
     <span class='ocr_line' id='line_1_38' title="bbox 267 2656 1717 2710; baseline 0 -16"><span class='ocrx_word' id='word_1_350' title='bbox 267 2667 340 2703; x_wconf 74' lang='lat' dir='ltr'>tur,</span> <span class='ocrx_word' id='word_1_351' title='bbox 361 2671 396 2695; x_wconf 89' lang='lat' dir='ltr'>V.</span> <span class='ocrx_word' id='word_1_352' title='bbox 412 2661 487 2704; x_wconf 62' lang='lat'>47„</span> <span class='ocrx_word' id='word_1_353' title='bbox 509 2667 545 2695; x_wconf 88' lang='lat' dir='ltr'>et</span> <span class='ocrx_word' id='word_1_354' title='bbox 561 2657 653 2695; x_wconf 87' lang='lat' dir='ltr'>Vari</span> <span class='ocrx_word' id='word_1_355' title='bbox 672 2660 785 2697; x_wconf 82' lang='lat' dir='ltr'>ctiam</span> <span class='ocrx_word' id='word_1_356' title='bbox 804 2659 962 2710; x_wconf 84' lang='lat' dir='ltr'>gratiam</span> <span class='ocrx_word' id='word_1_357' title='bbox 984 2668 1129 2709; x_wconf 72' lang='lat' dir='ltr'>quaerat</span> <span class='ocrx_word' id='word_1_358' title='bbox 1148 2673 1184 2697; x_wconf 87' lang='grc' dir='ltr'><strong>ν.</strong></span> <span class='ocrx_word' id='word_1_359' title='bbox 1200 2663 1274 2706; x_wconf 66' lang='grc' dir='ltr'><strong>ῖ37.,</strong></span> <span class='ocrx_word' id='word_1_360' title='bbox 1295 2667 1427 2710; x_wconf 82' lang='lat' dir='ltr'>sponte</span> <span class='ocrx_word' id='word_1_361' title='bbox 1448 2657 1602 2708; x_wconf 83' lang='lat' dir='ltr'>patebit.</span> <span class='ocrx_word' id='word_1_362' title='bbox 1632 2656 1717 2694; x_wconf 79' lang='lat' dir='ltr'>Jam</span> 
     </span>
    </p>
   </div>
  </div>
 </body>
</html>
