1796 3077
588 196 878 238 BucoLmA.
933 197 1050 239 ECL.
1081 198 1130 237 v.
1523 206 1580 252 31

118 321 230 360 tertia
247 321 344 360 duos
363 328 536 372 pastores
551 334 574 360 a
588 320 768 360 conviciis
787 320 836 358 ad
851 327 1003 358 cantum
1017 333 1254 372 progressos,
1281 320 1335 358 ita
1351 320 1391 359 h.
1414 320 1452 367 1.,
1471 320 1588 372 idque

117 376 240 413 multo
259 375 480 425 elegantius,
511 375 588 413 duo
607 375 702 413 alios
720 382 892 426 pastores
914 388 935 412 a
951 375 1094 412 mutuis
1113 374 1290 412 laudibus
1318 375 1368 412 ad
1395 382 1587 413 certamen

118 437 250 467 cantus
269 428 518 479 procedentes
536 428 744 467 induceret.
801 426 990 465 Carminis
1007 436 1276 478 argumentum
1295 436 1383 466 sunt
1411 428 1587 476 Daphni·

117 481 176 520 dis
212 481 348 528 laudes,
387 482 514 520 nobile
548 482 652 520 haud
685 480 802 519 dubie
837 480 876 518 in
911 481 1072 519 vetustis
1114 482 1342 519 carminibus
1380 481 1588 531 pastoritiis

116 543 397 585 argumentum,
426 545 468 573 ut
495 549 545 573 ex
567 534 759 573 nonnullis
778 533 985 579 Theocriti,
1014 534 1053 572 in
1071 535 1204 585 primis
1224 534 1337 586 Idyll.
1367 534 1400 572 I.
1426 542 1465 571 et
1493 533 1588 580 VII,

119 591 168 628 73
204 602 305 639 sqq„
343 588 437 627 locis
469 597 639 641 apparet.
694 587 771 625 Sed
803 595 933 625 noster
965 599 1050 624 eam
1081 588 1278 626 materiam
1310 588 1363 626 ita
1397 587 1586 632 tractavit,

117 643 279 687 ornavit,
309 649 346 680 et
364 642 621 693 amplificavit,
651 649 695 678 ut
716 654 945 691 generosum
963 643 1089 691 poetae
1108 641 1205 691 epici
1222 641 1397 693 spiritum
1417 640 1527 678 facile
1548 641 1588 678 in

118 708 165 732 eo
183 709 391 745 agnoscas3
423 709 654 746 quamquam
675 694 836 744 singulae
855 707 982 731 rerum
1002 694 1187 744 imagines
1206 702 1244 732 et
1274 695 1510 732 characteres
1536 707 1587 731 ex

116 749 468 799 antiquissimorum
499 749 709 786 carminum
739 747 866 784 indole
897 755 937 784 at
965 747 1092 786 colore
1112 747 1332 786 ductisunt.
1379 747 1517 792 Locus,
1547 747 1588 784 in

118 815 197 851 quo
229 803 460 840 conveniunt
490 810 673 852 pastores,
717 800 845 837 statim
875 800 924 836 ab
952 799 1060 837 initio
1097 813 1239 851 magna
1276 814 1363 838 cum
1400 800 1587 838 suavitate

118 855 369 900 describitur3
400 855 552 905 Tityro,
581 853 774 891 Menalcae
795 865 918 897 servo,
944 854 1126 902 gregibus
1141 854 1338 904 utriusque
1353 854 1500 891 traditis
1522 856 1584 891 12.

119 918 377 946 successerant
404 918 513 946 antro
542 907 630 945 vitis
659 905 820 956 agrestis
848 905 1069 956 palmitibus
1098 906 1281 944 obducto.
1339 906 1502 944 Carmen
1537 907 1588 943 ad

117 975 258 999 annum
279 965 367 1000 712.
396 961 462 1012 (ab
481 961 564 1000 aliis
581 962 620 999 in
639 960 786 998 initium
806 959 894 997 anni
914 962 1006 998 713.
1045 959 1126 1011 W.)
1158 960 1290 998 referri
1310 959 1423 998 solet.
1444 973 1483 998 v.
1505 959 1586 997 Vit.

119 1014 233 1066 Virg.
262 1015 302 1053 h.
333 1028 368 1052 a.

504 1145 870 1190 MENALCAS.
928 1144 1196 1188 MOPSUS.

175 1270 305 1312 ΜΕΝ.
337 1270 425 1312 Cur
443 1285 540 1320 non,
562 1268 732 1324 Mopse,
755 1268 856 1310 boni
877 1267 1075 1323 quoniam
1091 1266 1364 1309 convenimus
1388 1267 1529 1316 ambo,

119 1327 192 1369 Tu
213 1328 394 1370 calamos
413 1327 560 1369 inflare
578 1326 704 1376 leves,
727 1341 808 1381 ego
832 1326 977 1368 dicere
997 1339 1158 1375 versus,

119 1385 205 1426 Hic
225 1385 377 1427 corulis
397 1385 549 1426 mixtas
570 1384 679 1425 inter
698 1383 954 1425 considimus
975 1382 1142 1424 ulmos?

178 1442 299 1483 ΜοΡ.
332 1442 404 1483 Tu
419 1442 553 1496 major
572 1459 581 1489 3
613 1441 691 1482 tibi
711 1456 777 1482 me
798 1447 862 1482 est
883 1455 1053 1494 aequum
1073 1453 1236 1494 parere,
1260 1437 1472 1487 Menalca,

121 1499 217 1540 Sive
239 1500 318 1541 sub
338 1500 520 1540 incertas
543 1497 757 1552 Zephyris
779 1498 1039 1539 mutantibus
1062 1497 1243 1544 umbras,
1559 1492 1588 1534 5

119 1558 217 1598 Sive
238 1564 359 1598 antro
380 1557 521 1611 potius
543 1555 823 1596 succedimus.
883 1553 1058 1607 Aspice,
1081 1561 1127 1593 ut
1147 1560 1314 1592 antrum

119 1613 328 1656 Silvestris
350 1613 454 1654 raris
476 1611 630 1667 sparsit
648 1610 845 1651 labrusca
865 1609 1058 1651 racemis.

176 1671 306 1712 MEN.
339 1670 561 1710 Montibus
580 1669 623 1708 in
642 1667 796 1708 nostris
818 1665 930 1708 solus
951 1666 1028 1707 tibi
1048 1672 1182 1707 certet
1203 1664 1424 1720 Amyntas.

176 1728 298 1769 Mor.
331 1726 463 1776 Quid,
486 1726 521 1766 si
541 1725 653 1766 idem
673 1731 807 1765 certet
827 1723 1043 1765 Phoebum
1061 1737 1261 1777 superare
1279 1722 1502 1764 canendo?

157 1835 173 1863 1
188 1833 666 1872 Boni—inflare—dicere.Maon),
681 1834 777 1861 ἐσθλοὶ
787 1845 833 1860 συ-

117 1876 209 1909 ρίζειν,
234 1877 344 1908 ἀείδειν,
372 1874 402 1903 11.
423 1873 514 1908 docti,
546 1872 646 1911 periti.
685 1870 835 1901 Theocrit.

117 1912 209 1951 Idyll.
229 1912 324 1948 VIII,
350 1913 380 1942 4.
404 1916 502 1949 ’Ἄμφω
523 1914 646 1945 συρίσόεν
666 1914 833 1944 ὄεὸαημὲνω,

117 1956 200 1988 ἴιμφω
219 1954 318 1980 ἀείόεν.
349 1951 540 1980 Convenimus
560 1950 589 1978 in
611 1959 702 1978 unum
724 1949 832 1977 locum.

119 1990 255 2019 Calamus
267 1990 351 2025 lem,
367 1989 497 2019 fistulam
508 1989 588 2018 tenui
602 1988 740 2017 arundine
754 1998 834 2016 com-

118 2034 235 2067 pactam
247 2040 254 2065 ;
273 2029 315 2058 ita
323 2030 425 2068 junge,
441 2029 510 2068 qnia
522 2028 590 2056 huic
603 2027 670 2056 voci
683 2026 835 2065 epitheton

116 2068 351 2098 convenientius.
379 2066 531 2097 Arundim'
544 2065 671 2095 calamus
685 2066 754 2094 {evis
767 2065 835 2094 Mo-

117 2110 173 2136 ret.
183 2108 234 2136 62.
247 2106 400 2136 tribuitur.
426 2107 462 2135 In
480 2117 509 2135 v.
520 2107 549 2134 3.
563 2107 593 2135 6.
604 2106 652 2134 12.
667 2104 749 2134 color
764 2104 836 2133 duc-

120 2149 169 2174 tus
184 2155 223 2174 ex
235 2146 361 2175 Theocr.
374 2145 504 2184 IdyllJ,
520 2145 558 2174 12
572 2154 638 2183 sqq.

159 2184 179 2212 4
207 2184 308 2221 Major
331 2188 412 2214 natu.
463 2184 514 2215 Sic
537 2183 679 2213 „ursimus
701 2181 836 2211 absolute

121 2222 191 2252 AEn.
203 2222 281 2251 VII.
298 2224 424 2252 532.—5
437 2222 614 2252 „natantibus
627 2232 676 2251 eas
691 2220 838 2259 Zephyris

120 2261 219 2291 reddit
233 2261 375 2291 rationem
389 2262 497 2300 adjecti
514 2261 652 2295 incertas,
678 2260 758 2298 quod
779 2269 836 2289 non

120 2310 175 2339 pro
192 2299 339 2338 vituperio
354 2302 467 2330 umbrm
484 2301 585 2330 haberi
604 2300 745 2334 debebat,
767 2308 836 2326 cum

120 2339 161 2368 sit
181 2338 265 2375 longe
287 2339 503 2375 elegantissima
524 2349 623 2369 rerum
644 2339 752 2376 imago.
786 2337 836 2366 Sic

119 2377 228 2406 umbra·
241 2375 369 2406 tremulae
384 2378 461 2422 apud
476 2378 618 2417 Calpurn.
633 2377 698 2406 Eel.
715 2376 754 2411 V,
768 2377 836 2405 101.

120 2418 178 2445 ——7
192 2416 335 2447 labrusca.
357 2416 426 2445 n'tis
441 2417 578 2454 agrestis,
591 2419 791 2451 ὰγριάμπελος,
805 2425 836 2444 ν.

122 2455 200 2485 Plin.
222 2455 360 2489 XXIII,
386 2456 415 2484 1.
455 2454 577 2485 vitibus
596 2455 734 2485 obductae
757 2453 835 2492 spel-

121 2503 216 2529 uncae,
238 2498 341 2532 utpote
357 2504 422 2531 qum
437 2494 603 2523 amoenitate
617 2504 648 2523 se
668 2493 835 2522 commend-

122 2538 180 2567 ant,
215 2534 303 2561 assim
313 2533 478 2561 laudantur.
487 2532 606 2562 Habent
614 2532 726 2561 scilicet
736 2532 834 2571 porilae

121 2581 160 2599 ex
188 2543 312 2600 fiomeri
347 2571 500 2609 splendida
529 2571 726 2610 descriptione
759 2570 833 2599 antri

121 2610 270 2648 Calypsus
286 2610 398 2649 Odyss.
415 2622 438 2643 ε,
450 2610 498 2638 68.
512 2610 550 2638 cf.
560 2610 728 2639 63.—²raris
738 2612 835 2638 autem

123 2648 170 2677 hio
186 2659 240 2677 non
253 2650 414 2678 amendam
428 2659 435 2684 ς
457 2648 528 2677 alias
541 2648 570 2677 in
588 2648 661 2678 vitio
674 2648 729 2676 hoc
743 2652 834 2682 esset,

124 2688 203 2724 quod
217 2697 272 2716 non
283 2673 366 2717 densi
380 2692 449 2717 sunt
463 2687 588 2723 racemi3
602 2687 654 2716 sed
661 2686 836 2724 simpliciter

123 2730 206 2756 notat
216 2730 349 2757 naturam
360 2736 543 2757 racemorum
550 2727 614 2756 sive
624 2735 756 2760 uvarum,
767 2735 834 2765 pas-

874 1831 930 1860 sim
944 1841 960 1860 e
974 1829 1147 1870 palmitibus
1161 1839 1215 1869 per
1227 1830 1302 1859 antri
1323 1829 1432 1858 ostium
1446 1829 1589 1867 serpenti-

872 1871 929 1899 bus
945 1869 1144 1909 pendentium,
1167 1873 1200 1898 ut
1222 1879 1278 1906 per
1299 1868 1452 1897 intervalla
1466 1868 1530 1897 dies
1545 1868 1588 1896 in-

873 1912 942 1938 tret.
976 1908 1075 1938 Etiam
1090 1908 1154 1937 Ecl.
1165 1908 1244 1942 VII,
1261 1908 1301 1936 46
1316 1907 1359 1936 Et
1392 1917 1436 1935 uae
1452 1916 1502 1935 vos
1517 1917 1590 1936 rara

872 1947 976 1976 uiridis
997 1947 1067 1985 teqit
1087 1947 1208 1975 arbutus
1228 1946 1340 1975 umbra.
1397 1967 1404 1975 .
1434 1945 1544 1984 Aspice
1558 1950 1589 1974 ut

873 1988 980 2026 sparsit
994 1996 1049 2024 pro
1061 1986 1214 2029 sparserit.
1227 1986 1266 2013 cf.
1279 1985 1337 2019 lv,
1348 1986 1397 2014 52.
1412 1983 1460 2013 W.

913 2027 934 2055 9
947 2025 1036 2062 Quid,
1060 2035 1087 2052 ,ςι
1109 2024 1191 2053 idem.
1232 2025 1297 2053 Aut
1315 2024 1429 2052 dictum
1449 2023 1506 2052 hoc
1520 2032 1588 2051 cum

875 2073 964 2094 sensu
978 2063 1144 2098 modestiae,
1161 2068 1195 2092 ut
1208 2063 1367 2101 Amyntam
1384 2071 1474 2090 unum
1488 2071 1589 2090 omnes

875 2113 1017 2141 superare
1032 2102 1123 2137 dicat,
1138 2112 1192 2130 nec
1210 2101 1318 2130 mirum
1330 2110 1407 2135 esse,
1425 2110 1457 2129 se
1470 2109 1589 2138 quoque

876 2142 913 2170 ab
930 2152 965 2170 eo
988 2141 1140 2180 superari,
1168 2144 1220 2169 aut
1239 2139 1395 2174 invidiose,
1417 2142 1452 2167 ut
1471 2137 1589 2167 laudem

876 2180 988 2215 aemuli,
1004 2190 1071 2219 quae
1087 2189 1155 2208 eum
1178 2178 1294 2218 pungit,
1319 2178 1362 2207 ita
1376 2177 1483 2211 elevet,
1502 2180 1537 2205 ut
1549 2186 1590 2206 ex

875 2219 997 2249 audacia
1011 2218 1122 2258 potius,
1137 2227 1226 2256 quam
1238 2216 1310 2246 artis
1323 2215 1507 2250 confidentia,
1524 2225 1588 2244 cer-

876 2262 939 2288 tare
958 2268 1026 2288 eum
1049 2267 1118 2286 cum
1138 2256 1310 2285 melioribus
1335 2254 1491 2299 significet.
1519 2253 1590 2282 Hoc

874 2308 938 2326 cum
963 2297 1080 2330 audere,
1100 2299 1134 2324 ut
1158 2305 1190 2324 se
1206 2294 1276 2323 mihi
1296 2297 1468 2333 aeqmparet,
1482 2302 1590 2322 mecum

875 2341 976 2370 cenet,
991 2335 1064 2364 nihil
1069 2334 1184 2369 mirum,
1196 2343 1259 2362 cum
1272 2333 1347 2362 idem
1362 2332 1408 2362 ille
1420 2332 1494 2361 satis
1501 2336 1588 2360 teme-

874 2375 974 2404 rarius
996 2375 1045 2410 sit,
1071 2378 1104 2402 ut
1129 2373 1174 2402 vel
1198 2383 1260 2402 cum
1286 2372 1344 2400 diis
1375 2370 1590 2409 congrediatur,

875 2414 993 2443 Firmes
1013 2413 1068 2442 hoc
1083 2423 1121 2442 ex
1136 2423 1167 2441 v.
1178 2413 1214 2441 15
1237 2416 1268 2440 tu
1281 2410 1380 2440 deinde
1384 2410 1487 2449 jubeto
1500 2413 1590 2438 certet

873 2453 1032 2491 Amyntas.
1054 2451 1098 2481 H.
1138 2451 1272 2479 Verbum
1295 2454 1384 2478 certet
1407 2450 1487 2483 v.9.,
1509 2447 1589 2486 quod

875 2491 1087 2530 significatione
1103 2493 1134 2517 et
1149 2489 1365 2518 constructione
1380 2492 1493 2517 mutata
1504 2496 1588 2524 repe-

875 2530 963 2559 titum
983 2530 1091 2567 placet,
1104 2532 1239 2556 conatum
1255 2538 1322 2556 cum
1337 2527 1523 2556 aemulatione
1537 2533 1587 2552 no⁴

875 2573 927 2597 tat.
944 2568 1013 2598 AEn.
1029 2567 1068 2601 V,
1083 2568 1150 2596 194.
1165 2576 1255 2605 neque
1268 2567 1380 2595 vincere
1395 2570 1483 2594 certo.
1502 2562 1588 2591 W.—

877 2607 942 2635 Tibi
969 2610 1068 2640 certet,
1095 2615 1149 2644 pro
1177 2610 1268 2634 lecum
1297 2609 1396 2634 certet.
1421 2604 1455 2632 S.
1496 2600 1589 2643 Apud

874 2646 1063 2675 Theocritum
1095 2644 1207 2673 dictum
1228 2648 1275 2673 est
1294 2645 1355 2673 sine
1377 2644 1588 2671 obtrectatione

875 2690 905 2715 et
924 2684 1032 2713 invidia
1048 2683 1105 2718 lv,
1130 2684 1159 2714 8.
1175 2686 1258 2721 φαντί
1271 2698 1309 2713 νιν
1325 2684 1455 2716 'apamia'
1467 2681 1529 2715 βίην
1542 2681 1587 2706 καὶ

875 2728 970 2759 κάρτος
984 2726 1100 2757 &piaber-
