1796 3077
630 235 900 275 AENEIDOS.
958 236 1059 278 LIB.
1091 238 1123 275 I.

1505 247 1601 289 239

150 356 207 398 Se
227 370 396 411 quoque
417 354 679 411 principibus
699 357 955 410 permixtum
976 358 1146 412 agnovit
1166 357 1367 410 Achivis;

151 413 352 467 ansque
373 414 485 455 acies
504 420 547 454 et
567 414 677 468 nigri
699 413 941 455 Memnonis
968 429 1096 456 arma.

150 471 283 511 Ducit
299 470 608 512 Amazonidum
628 469 780 511 lunatis
800 471 968 525 agmina
986 471 1112 526 peltis
1520 475 1607 515 490

150 526 421 568 Penthesilea
440 526 595 577 furens,
616 527 849 581 mediisque
870 528 913 569 in
934 528 1114 570 millibus
1130 529 1266 579 ardet,

149 582 297 625 Aurea
317 584 570 625 subnectens
590 591 771 626 exsertae
791 583 961 639 cingula
980 600 1184 635 mammae,

150 639 369 689 Bellatrix‚
391 641 605 695 audetque
627 641 724 682 viris
744 655 996 683 concurrere
1023 643 1155 697 virgo.

209 697 318 739 Haec
340 698 441 738 dum
463 697 684 739 Dardanio
705 697 859 739 AEneae
880 699 1073 740 miranda
1087 699 1297 748 videntur,

150 752 268 795 Dum
289 761 447 809 stupet,
463 756 702 808 obtutuque
722 755 859 795 haeret
875 755 1044 796 defixus
1060 756 1103 796 in
1118 771 1218 805 uno,
1522 757 1606 797 495

152 809 321 865 Regina
340 811 394 851 ad
416 810 631 865 templum,
661 811 796 851 forma
815 811 1101 865 pulcherrima
1133 812 1266 862 Dido,

151 866 342 916 Incessit,
359 882 511 921 magna
523 868 728 921 juvenum
749 867 931 921 stipante
952 875 1136 909 caterva.

151 923 302 969 Qualis
323 924 366 964 in
387 924 565 965 Eurotae
585 923 700 978 ripis,
728 929 802 964 aut
820 937 898 978 per
910 925 1017 979 juga
1038 924 1198 979 Cynthi

150 979 342 1022 Exercet
359 980 501 1021 Diana
519 979 673 1022 choros
693 994 819 1034 quam
837 979 949 1022 mille
970 988 1128 1023 secutae

151 1035 268 1078 Hinc
289 1044 415 1091 atque
434 1037 533 1079 hinc
553 1036 842 1091 glomerantur
865 1036 1058 1079 Oreades
1076 1053 1085 1078 :
1117 1036 1187 1078 illa
1207 1036 1448 1091 pharetram
1525 1038 1610 1078 500

150 1093 254 1135 Fert
273 1093 464 1143 humero,
484 1093 767 1148 gradiensque
787 1093 888 1134 deas
911 1094 1197 1148 supereminet
1216 1108 1383 1144 omnes;

153 1149 334 1191 Latonae
364 1150 538 1191 tacitum
558 1156 803 1204 pertentant
828 1150 988 1204 gaudia
1008 1158 1183 1205 pectus:

149 1206 272 1248 Talis
293 1214 383 1248 erat
400 1207 531 1256 Dido,
552 1206 678 1248 talem
698 1220 742 1248 se
762 1206 860 1248 laeta
881 1206 1049 1248 ferebat

152 1314 212 1343 fari
252 1314 394 1353 incipiens
426 1314 459 1344 id
488 1318 663 1353 conspectu,
690 1314 821 1343 adducta
851 1324 869 1343 a

154 1353 344 1382 Priamoredi
354 1353 460 1382 menda
471 1353 608 1391 corporis
616 1352 723 1391 pretia,
733 1356 867 1387 ἀπερείσι’

152 1395 254 1420 ἄποινα
267 1395 417 1425 (-χρυσοῦ
430 1396 459 1420 δὲ
470 1393 574 1426 στῆσας
587 1394 683 1428 ἔφερεν
697 1395 761 1420 δέκα
777 1395 867 1420 πάντα

153 1433 279 1459 τάλαντα
293 1431 374 1464 232.,
389 1431 467 1459 unde
482 1440 512 1458 v.
525 1431 585 1459 484
597 1440 670 1459 auro
683 1439 787 1468 corpus
799 1440 867 1458 ven—

154 1468 238 1497 debat
262 1468 407 1504 Achilles,·
421 1470 435 1505 )
472 1469 591 1497 adstant
618 1478 658 1498 ex
690 1468 749 1497 alia
780 1473 867 1506 parte

153 1507 261 1544 spolia,
276 1506 306 1535 h.
319 1517 345 1535 e.
362 1516 453 1541 arma,
479 1506 590 1545 quibus
614 1515 728 1538 caesum
751 1506 867 1536 Hecto-

154 1555 218 1573 rem
233 1545 417 1583 spoliaverat
430 1545 540 1580 victor,
559 1546 681 1582 currum]
700 1545 749 1574 cui
770 1545 866 1583 illiga-

155 1587 219 1612 tum
234 1594 301 1612 eum
316 1587 498 1621 raptaverat,
509 1588 539 1612 et
550 1584 644 1621 ipsum
653 1592 758 1621 corpus
769 1584 867 1617 amici,

159 1632 203 1651 sc.
217 1621 374 1656 Hectoris,
396 1631 436 1650 ex
461 1631 552 1650 curru
578 1621 727 1659 supinum,
750 1622 868 1659 pulveri

154 1660 339 1695 incumbens,
354 1661 435 1698 quod
450 1669 569 1698 quoque
582 1660 631 1689 die
645 1664 711 1688 orto
726 1663 772 1688 ter
786 1659 868 1689 circa

157 1699 296 1729 Patrocli
303 1698 451 1727 tumulum
459 1699 584 1727 ductare
594 1698 710 1727 solebat
720 1698 867 1727 Achilles.

155 1748 186 1766 v.
201 1737 240 1766 ΙΙ.
255 1751 287 1773 ω,
302 1738 349 1766 14.
365 1738 530 1775 sqq.-48⁷
550 1737 662 1766 Manus
670 1737 793 1766 inermes
807 1737 867 1765 noli

155 1776 280 1805 inertem
294 1780 400 1814 putare
423 1780 568 1804 ornatum.
608 1776 686 1804 Nam
712 1776 805 1804 verba
831 1785 867 1804 eo

157 1818 310 1853 spectant,
325 1814 406 1852 quod
420 1814 582 1843 intraverat
608 1813 731 1843 hostilia
758 1817 866 1847 castra,

157 1853 287 1891 supplex
315 1853 353 1881 ad
381 1863 478 1892 genua
501 1852 629 1882 Achillis
641 1852 867 1890 procubiturus.

157 1893 254 1920 —188
289 1891 367 1920 Cum
395 1891 520 1920 Achivis
541 1892 715 1930 permixtum
748 1891 866 1928 praelio,

156 1933 310 1964 προμάχοις
322 1933 465 1964 μιχθέντα,
481 1939 534 1958 seu
549 1933 731 1968 pugnantem
742 1929 866 1958 AEneam

156 1978 241 2007 saepe
255 1978 302 2006 ap.
317 1968 442 1997 Homer.
454 1968 600 2003 invenias,
614 1968 642 1996 in
658 1968 765 2006 primis
785 1968 823 1996 Il.
844 1981 869 1997 ε.

154 2011 189 2036 et
202 2021 226 2035 υ.
240 2010 269 2036 at
283 2007 312 2035 h.
325 2007 346 2035 l.
361 2007 399 2035 ad
413 2007 526 2036 seriora
540 2010 676 2044 tempora
696 2006 868 2045 respicitur.

157 2045 203 2074 H.
224 2045 301 2075 Cum
326 2049 426 2075 cetera
452 2050 626 2084 argumenta
651 2055 705 2074 sua
728 2046 867 2083 quodque

159 2084 259 2112 areola
272 2084 429 2122 proposita
444 2094 513 2113 esse
527 2087 680 2122 putentur,
693 2094 748 2112 non
764 2084 867 2115 video.

159 2131 215 2150 our
239 2131 295 2150 non
317 2123 435 2157 AEneae,
454 2123 531 2152 inter
552 2123 702 2162 principes
724 2122 870 2161 pugnanti

160 2160 260 2188 areola
280 2160 444 2205 singularis
471 2161 652 2200 assignanda
673 2161 722 2190 sit.
765 2161 868 2189 Maro-

161 2208 239 2232 nem,
256 2198 284 2226 in
297 2200 449 2236 prioribus
461 2200 626 2238 prolixum,
642 2200 670 2228 in
686 2199 733 2228 his
752 2199 868 2227 duobus

160 2237 303 2265 488.489
315 2237 485 2267 breviorem
505 2248 572 2267 esse
593 2239 688 2267 decet.
716 2238 764 2266 Cf.
781 2238 868 2275 Hey·

162 2274 254 2308 nium,
269 2276 379 2313 p.365.
404 2276 452 2305 W.

201 2314 261 2342 489
294 2314 429 2351 Agnovit
453 2314 644 2343 Memnonem
668 2318 847 2353 pugnantem
862 2324 869 2350 ;

162 2352 244 2390 qnod
258 2354 357 2380 autem
371 2351 485 2389 nigrum
499 2353 641 2391 appellat,
655 2357 687 2382 et
700 2352 784 2382 ans
796 2357 872 2381 acies

163 2394 319 2423 memorat,
346 2390 377 2418 id
396 2400 431 2419 eo
452 2392 592 2428 pertinet,
615 2391 708 2429 quod,
731 2390 870 2429 quoniam

166 2428 281 2457 auxilia
294 2438 331 2457 ex
357 2428 447 2457 terris
461 2429 573 2458 Troadi
594 2429 631 2458 ab
654 2429 766 2458 oriente
790 2429 870 2463 sitis,

166 2477 235 2506 quae
263 2471 326 2496 tum
352 2468 409 2496 sub
431 2467 492 2496 Ass
531 2467 626 2496 iorum
648 2468 761 2497 ditione
777 2468 871 2496 fuisse

165 2505 317 2539 videntur,
330 2505 457 2534 Aurorae
483 2505 493 2533 i
506 2505 534 2534 le
550 2505 629 2534 filius
644 2506 781 2540 adduxit,
796 2516 828 2535 re
843 2506 872 2534 in

166 2545 262 2582 majus
278 2548 375 2578 aucta,
396 2544 489 2573 Indos
504 2543 530 2572 is
541 2547 572 2572 et
585 2544 745 2582 AEthiopes
757 2545 872 2573 addux-

166 2581 229 2611 isse
243 2583 380 2611 fabulose
395 2583 516 2611 dicitur.
538 2582 586 2610 De
599 2583 688 2610 armis
703 2583 763 2611 vid.
778 2584 847 2612 751.

205 2621 362 2650 ‹too—493
398 2622 445 2650 De
458 2619 672 2653 Amazonibus,
691 2621 770 2649 duce
793 2621 872 2650 Pen-

168 2657 307 2693 thesilea,
321 2659 468 2689 auxilium
483 2659 541 2688 Ilio
555 2658 721 2687 ferentibus
733 2669 763 2687 v.
777 2659 869 2695 Quin—

170 2700 234 2725 tum
248 2697 368 2735 Smyrn.
383 2699 460 2728 libro
474 2698 500 2728 1.
522 2696 608 2735 peltae
623 2696 730 2726 lumrtae
752 2697 874 2735 proprie

908 1314 1093 1343 Amazonnm
1107 1314 1200 1343 suere.
1220 1314 1385 1342 subnectens
1395 1314 1508 1353 cingula
1521 1323 1610 1343 mam-

902 1363 957 1381 mae
971 1352 1156 1391 exquisitius
1172 1363 1259 1391 quam
1275 1352 1442 1381 subnectens
1461 1363 1613 1382 mammam

902 1392 1028 1428 cinyulo,
1039 1392 1151 1425 balteo,
1167 1392 1331 1420 subnexam
1345 1392 1467 1420 habens.
1492 1392 1614 1420 Dextra

902 1429 1018 1459 scilicet
1038 1429 1151 1467 papilla
1172 1433 1237 1458 erat
1257 1430 1378 1458 nudata.
1409 1432 1460 1467 (ut
1484 1430 1611 1459 venatri-

901 1468 987 1497 cibus
1002 1468 1128 1497 delectis
1142 1468 1247 1497 Dianae
1260 1468 1379 1497 Gallim.
1390 1467 1420 1496 in
1439 1468 1528 1497 Dian.
1543 1469 1613 1498 213.

901 1507 1022 1536 -subn.
1037 1507 1065 1535 h.
1080 1517 1107 1535 e.
1123 1507 1233 1535 babens
1248 1507 1396 1540 subnexa,
1416 1507 1455 1535 cf.
1469 1506 1527 1541 IV,
1544 1508 1612 1536 139.

907 1544 976 1583 W.)
1025 1546 1106 1574 Nota
1136 1545 1241 1573 omnia.
1294 1545 1487 1574 Induxerunt
1513 1549 1614 1574 autem

903 1584 1070 1612 Amazonas
1080 1583 1108 1611 in
1120 1583 1192 1611 belli
1201 1583 1322 1620 Trojani
1336 1582 1490 1612 historiam
1499 1584 1612 1621 poetae,

902 1621 954 1658 qui
981 1627 1052 1659 post
1070 1622 1238 1650 Homerum
1261 1621 1423 1659 scripsere,
1450 1621 1520 1660 quia
1533 1622 1612 1651 cele-

903 1659 1041 1688 berrimae
1058 1662 1142 1688 erant
1157 1659 1187 1687 in
1201 1659 1323 1698 antiqua
1341 1659 1468 1689 historia
1480 1661 1611 1690 Amazo—

902 1707 971 1726 num
986 1698 1197 1736 impressiones
1211 1698 1239 1726 in
1251 1698 1351 1727 Asiam
1360 1698 1502 1728 minorem
1512 1699 1614 1735 saeue,

902 1735 1044 1774 inprimis
1054 1737 1083 1764 in
1094 1736 1257 1774 Phrygiam
1270 1740 1299 1765 et
1315 1737 1442 1774 Lydiam
1456 1747 1464 1774 3
1486 1747 1612 1776 quarum

903 1784 962 1803 una
980 1774 1011 1803 in
1026 1774 1140 1804 Priami
1169 1778 1306 1812 tempora
1328 1775 1445 1810 incidit,
1470 1786 1499 1804 v.
1525 1775 1565 1805 Il.
1584 1790 1613 1811 γ,

903 1814 970 1841 189.
1032 1814 1080 1842 De
1114 1812 1242 1851 reliquis
1275 1813 1341 1841 loca
1371 1813 1498 1843 classica
1532 1816 1611 1853 apud

903 1851 1078 1880 Strabonem
1092 1855 1171 1880 sunt.
1191 1851 1284 1885 ardet,
1303 1851 1387 1885 furit,
1405 1852 1525 1881 fortiter
1538 1863 1613 1897 pug-

902 1894 964 1923 nat,
996 1889 1097 1918 mediis
1123 1890 1153 1917 in
1181 1889 1303 1917 millibus
1329 1890 1450 1920 doctius
1476 1901 1563 1929 quam
1584 1902 1615 1920 m

903 1929 991 1957 turba
1005 1929 1052 1957 vel
1075 1928 1328 1966 acie—audetque
1351 1929 1423 1957 viris
1445 1939 1615 1959 concurrere

902 1967 983 2005 viryo
1008 1977 1046 1996 ex
1071 1967 1255 1996 Homerico:
1285 1970 1432 2002 Ἀμαζόνας
1447 1972 1615 2003 ἀντιανείρας

903 2005 943 2034 11.
957 2010 981 2040 ζ,
997 2007 1064 2034 186.
1086 2019 1114 2040 γ,
1138 2007 1206 2035 189.
1227 2010 1329 2034 natum
1353 2006 1450 2035 videri
1476 2011 1615 2036 notarunt

899 2045 962 2081 jam
980 2044 1041 2073 alii.

941 2083 1001 2111 494
1029 2092 1096 2120 sqq.
1126 2082 1256 2116 Interea,
1284 2082 1358 2110 dum
1391 2082 1525 2111 miranda
1549 2083 1615 2112 haec

905 2121 978 2148 artis
1016 2130 1108 2158 opera
1138 2120 1357 2158 contemplatur
1382 2121 1504 2155 AEneas,
1532 2121 1614 2150 Dido

905 2158 1037 2188 advenit.
1090 2158 1167 2186 Cum
1187 2159 1243 2186 hac
1266 2158 1432 2187 oeconomia
1454 2169 1553 2187 rerum
1575 2160 1615 2188 cf.

904 2198 1058 2226 laudatum
1073 2197 1171 2225 locum
1191 2197 1306 2234 Odyss.
1329 2210 1355 2229 η,
1378 2198 1445 2225 133.
1463 2199 1613 2236 δρψ-υἰ-

904 2236 1008 2264 dentur
1022 2235 1135 2264 AEneae
1153 2235 1263 2273 Junge,
1290 2235 1319 2263 h.
1341 2235 1377 2264 ab
1399 2235 1505 2264 AEnea.
1526 2236 1616 2274 (haer.

905 2275 962 2312 def.
978 2275 1018 2303 cs.
1033 2274 1109 2306 VII,
1122 2274 1191 2302 239.
1210 2274 1278 2302 250.
1298 2273 1466 2313 W.)-498
1486 2274 1615 2313 Compa-

907 2313 983 2342 ratio
996 2312 1151 2351 splendida
1174 2311 1304 2340 Didonis
1319 2322 1387 2340 cum
1402 2313 1509 2348 Diana,
1525 2323 1615 2352 quam

906 2351 1049 2380 tractavit
1062 2351 1152 2388 poeta
1169 2354 1241 2388 post
1260 2349 1426 2379 Homerum
1442 2351 1501 2380 Od.
1517 2356 1541 2385 ζ,
1559 2353 1616 2381 102

906 2391 1013 2418 —110.
1029 2393 1060 2418 et
1073 2388 1213 2427 Apollon.
1229 2389 1295 2422 III,
1317 2390 1386 2418 876.
1402 2400 1468 2427 sqq.
1510 2391 1616 2425 Qualis

907 2438 961 2466 pro
975 2437 1034 2466 quo
1050 2427 1166 2461 habitu,
1187 2428 1263 2465 (qua
1277 2427 1371 2456 forma
1390 2427 1455 2465 W.)
1485 2433 1519 2457 ut
1534 2439 1615 2467 saepe

907 2467 1049 2495 occurrit.
1090 2465 1196 2494 Dianae
1211 2465 1311 2494 cultus
1331 2466 1506 2505 praeeipuus
1521 2467 1615 2496 Lace-

908 2505 1044 2534 daemone
1069 2508 1099 2532 et
1122 2503 1151 2532 in
1174 2504 1251 2532 Delo
1278 2503 1387 2539 insula,
1412 2505 1493 2544 quod
1505 2505 1554 2534 vel
1568 2506 1616 2534 hie

908 2543 992 2573 loous
1015 2544 1116 2572 docet.
1156 2541 1282 2571 Exercet
1309 2543 1411 2572 choros
1437 2553 1494 2581 pro
1519 2544 1614 2577 ducit,

908 2581 1049 2611 instituit.
1057 2580 1229 2618 pharetram
1235 2582 1301 2619 fert
1325 2581 1443 2611 humero
1463 2583 1539 2611 bene
1563 2582 1615 2610 ad-

905 2621 991 2658 jecit,
1013 2618 1150 2658 quoniam
1172 2619 1302 2648 humeris
1328 2623 1414 2649 tenus
1438 2624 1538 2649 exstat
1561 2620 1617 2648 den

910 2659 986 2689 inter
1004 2662 1132 2688 ceteras.
1172 2658 1275 2687 Decus
1298 2663 1436 2697 potenter
1459 2658 1616 2688 admodum

912 2697 1082 2728 declaratur
1094 2695 1187 2725 tacita
1197 2696 1305 2727 laetitia
1319 2698 1421 2727 matris
1443 2698 1617 2726 Latonae.—
