<?xml version="1.0" encoding="UTF-8"?>
<!DOCTYPE html PUBLIC "-//W3C//DTD XHTML 1.0 Transitional//EN"
    "http://www.w3.org/TR/xhtml1/DTD/xhtml1-transitional.dtd">
<html xmlns="http://www.w3.org/1999/xhtml" xml:lang="en" lang="en">
 <head>
  <title>
</title>
<meta http-equiv="Content-Type" content="text/html;charset=utf-8" />
  <meta name='ocr-system' content='tesseract 3.04.00' />
  <meta name='ocr-capabilities' content='ocr_page ocr_carea ocr_par ocr_line ocrx_word'/>
</head>
<body>
  <div class='ocr_page' id='page_1' title='image "./operahey00virguoft_0231.png"; bbox 0 0 1796 3077; ppageno 0'>
   <div class='ocr_carea' id='block_1_1' title="bbox 624 245 1111 286">
    <p class='ocr_par' dir='ltr' id='par_1_1' title="bbox 624 245 1111 286">
     <span class='ocr_line' id='line_1_1' title="bbox 624 245 1111 286; baseline 0.004 -2"><span class='ocrx_word' id='word_1_1' title='bbox 624 245 891 285; x_wconf 86' lang='lat' dir='ltr'>AENEIDOS.</span> <span class='ocrx_word' id='word_1_2' title='bbox 947 247 1049 286; x_wconf 88' lang='lat' dir='ltr'><strong>LIB.</strong></span> <span class='ocrx_word' id='word_1_3' title='bbox 1080 247 1111 286; x_wconf 92' lang='grc' dir='ltr'>Ι.</span> 
     </span>
    </p>
   </div>
   <div class='ocr_carea' id='block_1_2' title="bbox 155 367 1293 425">
    <p class='ocr_par' dir='ltr' id='par_1_2' title="bbox 155 367 1293 425">
     <span class='ocr_line' id='line_1_2' title="bbox 155 367 1293 425; baseline 0.003 -16"><span class='ocrx_word' id='word_1_4' title='bbox 155 367 269 410; x_wconf 92' lang='lat' dir='ltr'>Hinc</span> <span class='ocrx_word' id='word_1_5' title='bbox 290 368 379 410; x_wconf 89' lang='lat' dir='ltr'>fore</span> <span class='ocrx_word' id='word_1_6' title='bbox 401 369 613 419; x_wconf 88' lang='lat' dir='ltr'>ductores,</span> <span class='ocrx_word' id='word_1_7' title='bbox 633 376 830 412; x_wconf 86' lang='lat' dir='ltr'>revocato</span> <span class='ocrx_word' id='word_1_8' title='bbox 851 385 876 412; x_wconf 83' lang='lat' dir='ltr'>a</span> <span class='ocrx_word' id='word_1_9' title='bbox 896 370 1098 425; x_wconf 81' lang='lat' dir='ltr'>sanguine</span> <span class='ocrx_word' id='word_1_10' title='bbox 1121 369 1293 421; x_wconf 85' lang='lat' dir='ltr'><strong>Teucri,</strong></span> 
     </span>
    </p>
   </div>
   <div class='ocr_carea' id='block_1_3' title="bbox 1502 257 1598 304">
    <p class='ocr_par' dir='ltr' id='par_1_3' title="bbox 1502 257 1598 304">
     <span class='ocr_line' id='line_1_3' title="bbox 1502 257 1598 304; baseline 0.01 -1"><span class='ocrx_word' id='word_1_11' title='bbox 1502 257 1598 304; x_wconf 80' lang='lat'>223</span> 
     </span>
    </p>
   </div>
   <div class='ocr_carea' id='block_1_4' title="bbox 157 425 1166 480">
    <p class='ocr_par' dir='ltr' id='par_1_4' title="bbox 157 425 1166 480">
     <span class='ocr_line' id='line_1_4' title="bbox 157 425 1166 480; baseline 0.002 -14"><span class='ocrx_word' id='word_1_12' title='bbox 157 425 245 472; x_wconf 84' lang='lat' dir='ltr'>Qui</span> <span class='ocrx_word' id='word_1_13' title='bbox 263 440 389 475; x_wconf 84' lang='lat' dir='ltr'>mare,</span> <span class='ocrx_word' id='word_1_14' title='bbox 410 427 482 480; x_wconf 89' lang='lat' dir='ltr'>qui</span> <span class='ocrx_word' id='word_1_15' title='bbox 501 433 633 468; x_wconf 87' lang='lat' dir='ltr'>terras</span> <span class='ocrx_word' id='word_1_16' title='bbox 655 428 766 468; x_wconf 90' lang='lat' dir='ltr'>omni</span> <span class='ocrx_word' id='word_1_17' title='bbox 787 428 943 469; x_wconf 87' lang='lat' dir='ltr'>ditione</span> <span class='ocrx_word' id='word_1_18' title='bbox 960 435 1166 476; x_wconf 82' lang='lat' dir='ltr'>tenerent,</span> 
     </span>
    </p>
   </div>
   <div class='ocr_carea' id='block_1_5' title="bbox 155 481 387 523">
    <p class='ocr_par' dir='ltr' id='par_1_5' title="bbox 155 481 387 523">
     <span class='ocr_line' id='line_1_5' title="bbox 155 481 387 523; baseline 0.004 -1"><span class='ocrx_word' id='word_1_19' title='bbox 155 481 387 523; x_wconf 84' lang='lat' dir='ltr'>Pollicitus.</span> 
     </span>
    </p>
   </div>
   <div class='ocr_carea' id='block_1_6' title="bbox 449 484 1225 538">
    <p class='ocr_par' dir='ltr' id='par_1_6' title="bbox 449 484 1225 538">
     <span class='ocr_line' id='line_1_6' title="bbox 449 484 1225 538; baseline 0.001 -14"><span class='ocrx_word' id='word_1_20' title='bbox 449 484 560 530; x_wconf 82' lang='lat' dir='ltr'>Quae</span> <span class='ocrx_word' id='word_1_21' title='bbox 581 490 634 533; x_wconf 88' lang='lat' dir='ltr'>te,</span> <span class='ocrx_word' id='word_1_22' title='bbox 651 485 830 538; x_wconf 82' lang='lat' dir='ltr'>genitor,</span> <span class='ocrx_word' id='word_1_23' title='bbox 852 486 1058 525; x_wconf 79' lang='lat' dir='ltr'>sententia</span> <span class='ocrx_word' id='word_1_24' title='bbox 1073 485 1225 525; x_wconf 72' lang='lat' dir='ltr'>vertit?</span> 
     </span>
    </p>
   </div>
   <div class='ocr_carea' id='block_1_7' title="bbox 153 538 1260 652">
    <p class='ocr_par' dir='ltr' id='par_1_7' title="bbox 153 538 1260 652">
     <span class='ocr_line' id='line_1_7' title="bbox 153 538 1260 595; baseline 0.001 -15"><span class='ocrx_word' id='word_1_25' title='bbox 153 538 252 580; x_wconf 91' lang='lat' dir='ltr'>Hoc</span> <span class='ocrx_word' id='word_1_26' title='bbox 272 539 468 592; x_wconf 85' lang='lat' dir='ltr'>equidem</span> <span class='ocrx_word' id='word_1_27' title='bbox 490 555 685 581; x_wconf 83' lang='lat' dir='ltr'>occasum</span> <span class='ocrx_word' id='word_1_28' title='bbox 708 540 854 595; x_wconf 86' lang='lat' dir='ltr'>Trojae</span> <span class='ocrx_word' id='word_1_29' title='bbox 873 542 1099 594; x_wconf 82' lang='lat' dir='ltr'>tristesque</span> <span class='ocrx_word' id='word_1_30' title='bbox 1119 541 1260 581; x_wconf 83' lang='lat' dir='ltr'>ruinas</span> 
     </span>
     <span class='ocr_line' id='line_1_8' title="bbox 153 594 1088 652; baseline 0.004 -18"><span class='ocrx_word' id='word_1_31' title='bbox 153 594 343 644; x_wconf 85' lang='lat' dir='ltr'>Solabar,</span> <span class='ocrx_word' id='word_1_32' title='bbox 367 596 461 637; x_wconf 85' lang='lat' dir='ltr'>fatis</span> <span class='ocrx_word' id='word_1_33' title='bbox 483 598 694 638; x_wconf 86' lang='lat' dir='ltr'>contraria</span> <span class='ocrx_word' id='word_1_34' title='bbox 715 597 801 638; x_wconf 83' lang='lat' dir='ltr'>fata</span> <span class='ocrx_word' id='word_1_35' title='bbox 821 598 1061 652; x_wconf 85' lang='lat' dir='ltr'>rependens</span> <span class='ocrx_word' id='word_1_36' title='bbox 1079 613 1088 638; x_wconf 76' lang='grc' dir='ltr'><em>τ</em></span> 
     </span>
    </p>
   </div>
   <div class='ocr_carea' id='block_1_8' title="bbox 151 650 1388 765">
    <p class='ocr_par' dir='ltr' id='par_1_8' title="bbox 151 650 1388 765">
     <span class='ocr_line' id='line_1_9' title="bbox 151 650 1199 703; baseline 0.003 -11"><span class='ocrx_word' id='word_1_37' title='bbox 151 650 281 693; x_wconf 92' lang='lat' dir='ltr'>Nunc</span> <span class='ocrx_word' id='word_1_38' title='bbox 302 652 452 694; x_wconf 86' lang='lat' dir='ltr'>eadem</span> <span class='ocrx_word' id='word_1_39' title='bbox 474 653 645 694; x_wconf 86' lang='lat' dir='ltr'>fortuna</span> <span class='ocrx_word' id='word_1_40' title='bbox 659 654 784 703; x_wconf 88' lang='lat' dir='ltr'>viros,</span> <span class='ocrx_word' id='word_1_41' title='bbox 806 660 869 694; x_wconf 84' lang='lat' dir='ltr'>tot</span> <span class='ocrx_word' id='word_1_42' title='bbox 890 655 1055 695; x_wconf 84' lang='lat' dir='ltr'>casibus</span> <span class='ocrx_word' id='word_1_43' title='bbox 1069 662 1199 702; x_wconf 62' lang='grc' dir='ltr'>θεῖος,</span> 
     </span>
     <span class='ocr_line' id='line_1_10' title="bbox 470 709 1388 765; baseline 0 -15"><span class='ocrx_word' id='word_1_44' title='bbox 470 709 611 757; x_wconf 81' lang='lat' dir='ltr'>Quem</span> <span class='ocrx_word' id='word_1_45' title='bbox 633 710 708 751; x_wconf 85' lang='lat' dir='ltr'>das</span> <span class='ocrx_word' id='word_1_46' title='bbox 728 711 868 759; x_wconf 85' lang='lat' dir='ltr'>finem,</span> <span class='ocrx_word' id='word_1_47' title='bbox 890 725 966 751; x_wconf 82' lang='lat' dir='ltr'>rex</span> <span class='ocrx_word' id='word_1_48' title='bbox 985 726 1150 765; x_wconf 81' lang='lat' dir='ltr'>magne,</span> <span class='ocrx_word' id='word_1_49' title='bbox 1167 710 1388 752; x_wconf 75' lang='lat' dir='ltr'>laborum?</span> 
     </span>
    </p>
   </div>
   <div class='ocr_carea' id='block_1_9' title="bbox 149 707 409 762">
    <p class='ocr_par' dir='ltr' id='par_1_9' title="bbox 149 707 409 762">
     <span class='ocr_line' id='line_1_11' title="bbox 149 707 409 762; baseline 0.004 -14"><span class='ocrx_word' id='word_1_50' title='bbox 149 707 409 762; x_wconf 84' lang='lat' dir='ltr'>Insequitur.</span> 
     </span>
    </p>
   </div>
   <div class='ocr_carea' id='block_1_10' title="bbox 1512 652 1597 694">
    <p class='ocr_par' dir='ltr' id='par_1_10' title="bbox 1512 652 1597 694">
     <span class='ocr_line' id='line_1_12' title="bbox 1512 652 1597 694; baseline -0.012 0"><span class='ocrx_word' id='word_1_51' title='bbox 1512 652 1597 694; x_wconf 69' lang='lat'>240</span> 
     </span>
    </p>
   </div>
   <div class='ocr_carea' id='block_1_11' title="bbox 149 763 1292 933">
    <p class='ocr_par' dir='ltr' id='par_1_11' title="bbox 149 763 1292 933">
     <span class='ocr_line' id='line_1_13' title="bbox 149 763 1083 820; baseline 0.003 -15"><span class='ocrx_word' id='word_1_52' title='bbox 149 763 345 806; x_wconf 89' lang='lat' dir='ltr'>Antenor</span> <span class='ocrx_word' id='word_1_53' title='bbox 365 766 517 820; x_wconf 86' lang='lat' dir='ltr'>potuit,</span> <span class='ocrx_word' id='word_1_54' title='bbox 539 767 687 807; x_wconf 88' lang='lat' dir='ltr'>mediis</span> <span class='ocrx_word' id='word_1_55' title='bbox 708 766 873 820; x_wconf 86' lang='lat' dir='ltr'>elapsus</span> <span class='ocrx_word' id='word_1_56' title='bbox 896 767 1083 816; x_wconf 87' lang='lat' dir='ltr'>Achivis,</span> 
     </span>
     <span class='ocr_line' id='line_1_14' title="bbox 152 821 1163 876; baseline 0.003 -15"><span class='ocrx_word' id='word_1_57' title='bbox 152 821 340 875; x_wconf 88' lang='lat' dir='ltr'>Illyricos</span> <span class='ocrx_word' id='word_1_58' title='bbox 360 830 582 875; x_wconf 86' lang='lat' dir='ltr'>penetrare</span> <span class='ocrx_word' id='word_1_59' title='bbox 603 824 716 863; x_wconf 87' lang='lat' dir='ltr'>sinus</span> <span class='ocrx_word' id='word_1_60' title='bbox 736 830 863 876; x_wconf 83' lang='lat' dir='ltr'>atque</span> <span class='ocrx_word' id='word_1_61' title='bbox 883 823 1027 864; x_wconf 86' lang='lat' dir='ltr'>intima</span> <span class='ocrx_word' id='word_1_62' title='bbox 1047 831 1163 864; x_wconf 87' lang='lat' dir='ltr'>tutus</span> 
     </span>
     <span class='ocr_line' id='line_1_15' title="bbox 152 877 1292 933; baseline 0.001 -15"><span class='ocrx_word' id='word_1_63' title='bbox 152 877 308 932; x_wconf 84' lang='lat' dir='ltr'>Regna</span> <span class='ocrx_word' id='word_1_64' title='bbox 325 878 623 928; x_wconf 85' lang='lat' dir='ltr'>Liburnorum,</span> <span class='ocrx_word' id='word_1_65' title='bbox 655 886 697 919; x_wconf 89' lang='lat' dir='ltr'>et</span> <span class='ocrx_word' id='word_1_66' title='bbox 716 878 874 920; x_wconf 85' lang='lat' dir='ltr'>fontem</span> <span class='ocrx_word' id='word_1_67' title='bbox 895 895 1093 933; x_wconf 84' lang='lat' dir='ltr'>superare</span> <span class='ocrx_word' id='word_1_68' title='bbox 1114 880 1292 927; x_wconf 82' lang='lat' dir='ltr'>Timavi,</span> 
     </span>
    </p>
   </div>
   <div class='ocr_carea' id='block_1_12' title="bbox 149 933 1289 988">
    <p class='ocr_par' dir='ltr' id='par_1_12' title="bbox 149 933 1289 988">
     <span class='ocr_line' id='line_1_16' title="bbox 149 933 1289 988; baseline 0 -14"><span class='ocrx_word' id='word_1_69' title='bbox 149 933 277 975; x_wconf 91' lang='lat' dir='ltr'>Unde</span> <span class='ocrx_word' id='word_1_70' title='bbox 298 949 376 988; x_wconf 87' lang='lat' dir='ltr'>per</span> <span class='ocrx_word' id='word_1_71' title='bbox 395 949 468 975; x_wconf 89' lang='lat' dir='ltr'>ora</span> <span class='ocrx_word' id='word_1_72' title='bbox 488 950 636 976; x_wconf 89' lang='lat' dir='ltr'>novem</span> <span class='ocrx_word' id='word_1_73' title='bbox 656 943 774 976; x_wconf 85' lang='lat' dir='ltr'>vasto</span> <span class='ocrx_word' id='word_1_74' title='bbox 794 950 889 976; x_wconf 89' lang='lat' dir='ltr'>cum</span> <span class='ocrx_word' id='word_1_75' title='bbox 908 950 1118 976; x_wconf 87' lang='lat' dir='ltr'>murmure</span> <span class='ocrx_word' id='word_1_76' title='bbox 1138 937 1289 976; x_wconf 87' lang='lat' dir='ltr'>montis</span> 
     </span>
    </p>
   </div>
   <div class='ocr_carea' id='block_1_13' title="bbox 1513 935 1601 976">
    <p class='ocr_par' dir='ltr' id='par_1_13' title="bbox 1513 935 1601 976">
     <span class='ocr_line' id='line_1_17' title="bbox 1513 935 1601 976; baseline 0 0"><span class='ocrx_word' id='word_1_77' title='bbox 1513 935 1601 976; x_wconf 66' lang='lat'>5245</span> 
     </span>
    </p>
   </div>
   <div class='ocr_carea' id='block_1_14' title="bbox 145 989 1330 1103">
    <p class='ocr_par' dir='ltr' id='par_1_14' title="bbox 145 989 1330 1103">
     <span class='ocr_line' id='line_1_18' title="bbox 150 989 1330 1046; baseline 0.003 -16"><span class='ocrx_word' id='word_1_78' title='bbox 150 989 192 1031; x_wconf 89' lang='lat' dir='ltr'>It</span> <span class='ocrx_word' id='word_1_79' title='bbox 211 1005 325 1031; x_wconf 82' lang='lat' dir='ltr'>mare</span> <span class='ocrx_word' id='word_1_80' title='bbox 345 999 608 1046; x_wconf 85' lang='lat' dir='ltr'>proruptum,</span> <span class='ocrx_word' id='word_1_81' title='bbox 630 998 671 1032; x_wconf 84' lang='lat' dir='ltr'>et</span> <span class='ocrx_word' id='word_1_82' title='bbox 690 991 842 1046; x_wconf 76' lang='lat' dir='ltr'>pelago</span> <span class='ocrx_word' id='word_1_83' title='bbox 863 993 1014 1046; x_wconf 86' lang='lat' dir='ltr'>premit</span> <span class='ocrx_word' id='word_1_84' title='bbox 1035 1008 1134 1033; x_wconf 84' lang='lat' dir='ltr'>arva</span> <span class='ocrx_word' id='word_1_85' title='bbox 1153 992 1330 1033; x_wconf 79' lang='lat' dir='ltr'>sonanti.</span> 
     </span>
     <span class='ocr_line' id='line_1_19' title="bbox 145 1045 1217 1103; baseline 0.002 -16"><span class='ocrx_word' id='word_1_86' title='bbox 145 1045 234 1089; x_wconf 91' lang='lat' dir='ltr'>Hic</span> <span class='ocrx_word' id='word_1_87' title='bbox 254 1054 394 1088; x_wconf 83' lang='lat' dir='ltr'>tamen</span> <span class='ocrx_word' id='word_1_88' title='bbox 413 1047 480 1089; x_wconf 88' lang='lat' dir='ltr'>ille</span> <span class='ocrx_word' id='word_1_89' title='bbox 499 1049 647 1089; x_wconf 87' lang='lat' dir='ltr'>urbem</span> <span class='ocrx_word' id='word_1_90' title='bbox 668 1048 816 1089; x_wconf 84' lang='lat' dir='ltr'>Patavi</span> <span class='ocrx_word' id='word_1_91' title='bbox 839 1049 1046 1103; x_wconf 87' lang='lat' dir='ltr'>sedesque</span> <span class='ocrx_word' id='word_1_92' title='bbox 1066 1048 1217 1090; x_wconf 84' lang='lat' dir='ltr'>locavit</span> 
     </span>
    </p>
   </div>
   <div class='ocr_carea' id='block_1_15' title="bbox 143 1182 861 2799">
    <p class='ocr_par' dir='ltr' id='par_1_15' title="bbox 143 1182 861 2799">
     <span class='ocr_line' id='line_1_20' title="bbox 148 1182 853 1222; baseline 0.001 -11"><span class='ocrx_word' id='word_1_93' title='bbox 148 1191 254 1211; x_wconf 83' lang='lat' dir='ltr'>novam</span> <span class='ocrx_word' id='word_1_94' title='bbox 262 1182 446 1221; x_wconf 82' lang='lat' dir='ltr'>progeniem,</span> <span class='ocrx_word' id='word_1_95' title='bbox 457 1182 514 1221; x_wconf 87' lang='lat' dir='ltr'>(cf.</span> <span class='ocrx_word' id='word_1_96' title='bbox 524 1192 591 1221; x_wconf 86' lang='lat' dir='ltr'>sup.</span> <span class='ocrx_word' id='word_1_97' title='bbox 600 1184 627 1219; x_wconf 86' lang='lat'>1,</span> <span class='ocrx_word' id='word_1_98' title='bbox 638 1185 685 1214; x_wconf 86' lang='lat'>19.</span> <span class='ocrx_word' id='word_1_99' title='bbox 699 1185 783 1222; x_wconf 85' lang='lat' dir='ltr'>sqq.)</span> <span class='ocrx_word' id='word_1_100' title='bbox 792 1184 853 1213; x_wconf 82' lang='lat' dir='ltr'>Ro-</span> 
     </span>
     <span class='ocr_line' id='line_1_21' title="bbox 147 1221 855 1261; baseline 0.001 -12"><span class='ocrx_word' id='word_1_101' title='bbox 147 1221 426 1257; x_wconf 80' lang='lat' dir='ltr'>manos—ductores,</span> <span class='ocrx_word' id='word_1_102' title='bbox 460 1222 581 1259; x_wconf 86' lang='lat' dir='ltr'>opulum</span> <span class='ocrx_word' id='word_1_103' title='bbox 596 1226 793 1261; x_wconf 81' lang='lat' dir='ltr'>regnatorem,</span> <span class='ocrx_word' id='word_1_104' title='bbox 805 1223 855 1261; x_wconf 80' lang='lat' dir='ltr'>qui</span> 
     </span>
     <span class='ocr_line' id='line_1_22' title="bbox 146 1259 852 1298; baseline 0.004 -11"><span class='ocrx_word' id='word_1_105' title='bbox 146 1264 402 1288; x_wconf 70' lang='lat' dir='ltr'>’nare-tenerent.</span> <span class='ocrx_word' id='word_1_106' title='bbox 468 1259 623 1290; x_wconf 71' lang='lat' dir='ltr'>alventibus</span> <span class='ocrx_word' id='word_1_107' title='bbox 642 1261 726 1289; x_wconf 74' lang='lat' dir='ltr'>annis</span> <span class='ocrx_word' id='word_1_108' title='bbox 740 1271 785 1291; x_wconf 84' lang='lat' dir='ltr'>sc.</span> <span class='ocrx_word' id='word_1_109' title='bbox 803 1271 852 1298; x_wconf 78' lang='lat' dir='ltr'>se3</span> 
     </span>
     <span class='ocr_line' id='line_1_23' title="bbox 146 1298 851 1336; baseline 0.003 -10"><span class='ocrx_word' id='word_1_110' title='bbox 146 1301 216 1326; x_wconf 86' lang='lat' dir='ltr'>nota</span> <span class='ocrx_word' id='word_1_111' title='bbox 226 1298 347 1336; x_wconf 68' lang='lat' dir='ltr'>poetica</span> <span class='ocrx_word' id='word_1_112' title='bbox 357 1299 444 1332; x_wconf 83' lang='lat' dir='ltr'>ratio,</span> <span class='ocrx_word' id='word_1_113' title='bbox 457 1299 594 1336; x_wconf 88' lang='lat' dir='ltr'>quoniam</span> <span class='ocrx_word' id='word_1_114' title='bbox 605 1310 695 1328; x_wconf 84' lang='lat' dir='ltr'>annus</span> <span class='ocrx_word' id='word_1_115' title='bbox 708 1300 736 1328; x_wconf 90' lang='lat' dir='ltr'>in</span> <span class='ocrx_word' id='word_1_116' title='bbox 749 1301 851 1329; x_wconf 84' lang='lat' dir='ltr'>orbern</span> 
     </span>
     <span class='ocr_line' id='line_1_24' title="bbox 147 1336 859 1372; baseline 0.003 -8"><span class='ocrx_word' id='word_1_117' title='bbox 147 1336 227 1364; x_wconf 79' lang='lat' dir='ltr'>redit</span> <span class='ocrx_word' id='word_1_118' title='bbox 239 1347 246 1364; x_wconf 69' lang='grc' dir='ltr'>ζ</span> <span class='ocrx_word' id='word_1_119' title='bbox 276 1341 481 1372; x_wconf 81' lang='grc' dir='ltr'>περιπλομένων</span> <span class='ocrx_word' id='word_1_120' title='bbox 495 1340 630 1368; x_wconf 72' lang='grc' dir='ltr'><strong>ἐνιαυτῶν.</strong></span> <span class='ocrx_word' id='word_1_121' title='bbox 642 1355 680 1360; x_wconf 93' lang='grc'>-</span> <span class='ocrx_word' id='word_1_122' title='bbox 692 1339 751 1367; x_wconf 78' lang='grc'>236</span> <span class='ocrx_word' id='word_1_123' title='bbox 773 1338 859 1367; x_wconf 75' lang='lat' dir='ltr'>Omni</span> 
     </span>
     <span class='ocr_line' id='line_1_25' title="bbox 148 1373 856 1419; baseline 0.006 -17"><span class='ocrx_word' id='word_1_124' title='bbox 148 1373 266 1410; x_wconf 77' lang='lat' dir='ltr'>ditione,</span> <span class='ocrx_word' id='word_1_125' title='bbox 275 1376 363 1405; x_wconf 89' lang='lat' dir='ltr'>Serv.</span> <span class='ocrx_word' id='word_1_126' title='bbox 376 1376 452 1405; x_wconf 83' lang='lat' dir='ltr'>omui</span> <span class='ocrx_word' id='word_1_127' title='bbox 463 1380 625 1419; x_wconf 74' lang='lat' dir='ltr'>potestate,</span> <span class='ocrx_word' id='word_1_128' title='bbox 636 1387 719 1415; x_wconf 86' lang='lat' dir='ltr'>pace,</span> <span class='ocrx_word' id='word_1_129' title='bbox 729 1377 856 1416; x_wconf 84' lang='lat' dir='ltr'>legibuS,</span> 
     </span>
     <span class='ocr_line' id='line_1_26' title="bbox 147 1413 857 1448; baseline 0.004 -7"><span class='ocrx_word' id='word_1_130' title='bbox 147 1413 240 1442; x_wconf 83' lang='lat' dir='ltr'>bello.</span> <span class='ocrx_word' id='word_1_131' title='bbox 280 1414 416 1443; x_wconf 88' lang='lat' dir='ltr'>Praestat</span> <span class='ocrx_word' id='word_1_132' title='bbox 441 1415 556 1448; x_wconf 80' lang='lat' dir='ltr'>dicere,</span> <span class='ocrx_word' id='word_1_133' title='bbox 576 1425 684 1444; x_wconf 83' lang='lat' dir='ltr'>omnem</span> <span class='ocrx_word' id='word_1_134' title='bbox 711 1415 763 1444; x_wconf 75' lang='lat' dir='ltr'>(lit.</span> <span class='ocrx_word' id='word_1_135' title='bbox 789 1426 857 1444; x_wconf 83' lang='lat' dir='ltr'>esse</span> 
     </span>
     <span class='ocr_line' id='line_1_27' title="bbox 150 1453 859 1493; baseline 0.003 -13"><span class='ocrx_word' id='word_1_136' title='bbox 150 1460 297 1481; x_wconf 87' lang='lat' dir='ltr'>summam</span> <span class='ocrx_word' id='word_1_137' title='bbox 334 1456 504 1482; x_wconf 83' lang='lat' dir='ltr'>otestatem.</span> <span class='ocrx_word' id='word_1_138' title='bbox 525 1453 597 1482; x_wconf 88' lang='lat' dir='ltr'>AEn.</span> <span class='ocrx_word' id='word_1_139' title='bbox 620 1454 666 1488; x_wconf 90' lang='lat' dir='ltr'>X,</span> <span class='ocrx_word' id='word_1_140' title='bbox 689 1455 738 1484; x_wconf 81' lang='lat'>53.</span> <span class='ocrx_word' id='word_1_141' title='bbox 753 1464 859 1493; x_wconf 68' lang='lat' dir='ltr'>magna</span> 
     </span>
     <span class='ocr_line' id='line_1_28' title="bbox 146 1489 857 1535; baseline 0.004 -18"><span class='ocrx_word' id='word_1_142' title='bbox 146 1489 293 1519; x_wconf 65' lang='lat' dir='ltr'>ditione—</span> <span class='ocrx_word' id='word_1_143' title='bbox 322 1492 444 1529; x_wconf 76' lang='lat' dir='ltr'>arthayo</span> <span class='ocrx_word' id='word_1_144' title='bbox 467 1497 582 1535; x_wconf 75' lang='lat' dir='ltr'>premat</span> <span class='ocrx_word' id='word_1_145' title='bbox 606 1493 777 1522; x_wconf 79' lang='lat' dir='ltr'>Ausoniam.</span> <span class='ocrx_word' id='word_1_146' title='bbox 812 1493 857 1521; x_wconf 91' lang='lat' dir='ltr'>H.</span> 
     </span>
     <span class='ocr_line' id='line_1_29' title="bbox 143 1527 857 1568; baseline 0.006 -12"><span class='ocrx_word' id='word_1_147' title='bbox 143 1527 291 1566; x_wconf 76' lang='lat' dir='ltr'>pollicitus</span> <span class='ocrx_word' id='word_1_148' title='bbox 318 1540 373 1568; x_wconf 88' lang='lat' dir='ltr'>pro</span> <span class='ocrx_word' id='word_1_149' title='bbox 401 1530 555 1568; x_wconf 72' lang='lat' dir='ltr'>pollicitus</span> <span class='ocrx_word' id='word_1_150' title='bbox 584 1541 628 1560; x_wconf 85' lang='lat' dir='ltr'>es.</span> <span class='ocrx_word' id='word_1_151' title='bbox 689 1532 857 1560; x_wconf 84' lang='lat' dir='ltr'>Secundam</span> 
     </span>
     <span class='ocr_line' id='line_1_30' title="bbox 148 1568 857 1607; baseline 0.004 -12"><span class='ocrx_word' id='word_1_152' title='bbox 148 1576 307 1604; x_wconf 85' lang='lat' dir='ltr'>personam</span> <span class='ocrx_word' id='word_1_153' title='bbox 333 1568 451 1607; x_wconf 80' lang='lat' dir='ltr'>copuloe</span> <span class='ocrx_word' id='word_1_154' title='bbox 479 1569 509 1597; x_wconf 92' lang='lat' dir='ltr'>in</span> <span class='ocrx_word' id='word_1_155' title='bbox 536 1569 738 1598; x_wconf 76' lang='lat' dir='ltr'>enuntiatione</span> <span class='ocrx_word' id='word_1_156' title='bbox 790 1569 857 1598; x_wconf 83' lang='lat' dir='ltr'>lena</span> 
     </span>
     <span class='ocr_line' id='line_1_31' title="bbox 149 1605 855 1643; baseline 0.003 -10"><span class='ocrx_word' id='word_1_157' title='bbox 149 1605 286 1635; x_wconf 87' lang='lat' dir='ltr'>omittere</span> <span class='ocrx_word' id='word_1_158' title='bbox 311 1607 375 1636; x_wconf 81' lang='lat' dir='ltr'>ausi</span> <span class='ocrx_word' id='word_1_159' title='bbox 398 1611 467 1636; x_wconf 86' lang='lat' dir='ltr'>sunt</span> <span class='ocrx_word' id='word_1_160' title='bbox 489 1607 599 1636; x_wconf 81' lang='lat' dir='ltr'>Latini.</span> <span class='ocrx_word' id='word_1_161' title='bbox 637 1607 744 1637; x_wconf 84' lang='lat' dir='ltr'>Juven.</span> <span class='ocrx_word' id='word_1_162' title='bbox 762 1608 855 1643; x_wconf 58' lang='lat' dir='ltr'>XIV,</span> 
     </span>
     <span class='ocr_line' id='line_1_32' title="bbox 147 1643 859 1684; baseline 0.004 -13"><span class='ocrx_word' id='word_1_163' title='bbox 147 1643 218 1673; x_wconf 86' lang='grc'><strong>274.</strong></span> <span class='ocrx_word' id='word_1_164' title='bbox 269 1646 315 1674; x_wconf 77' lang='lat' dir='ltr'>Tu</span> <span class='ocrx_word' id='word_1_165' title='bbox 331 1650 454 1684; x_wconf 79' lang='lat' dir='ltr'>propter</span> <span class='ocrx_word' id='word_1_166' title='bbox 474 1645 550 1674; x_wconf 79' lang='lat' dir='ltr'>mille</span> <span class='ocrx_word' id='word_1_167' title='bbox 573 1646 681 1674; x_wconf 77' lang='lat' dir='ltr'>talenta</span> <span class='ocrx_word' id='word_1_168' title='bbox 702 1651 729 1675; x_wconf 83' lang='lat' dir='ltr'>et</span> <span class='ocrx_word' id='word_1_169' title='bbox 749 1650 859 1675; x_wconf 73' lang='lat' dir='ltr'>centum</span> 
     </span>
     <span class='ocr_line' id='line_1_33' title="bbox 148 1681 860 1714; baseline 0.006 -4"><span class='ocrx_word' id='word_1_170' title='bbox 148 1681 233 1711; x_wconf 76' lang='lat' dir='ltr'>villas</span> <span class='ocrx_word' id='word_1_171' title='bbox 244 1684 427 1712; x_wconf 69' lang='lat' dir='ltr'>temerarius.</span> <span class='ocrx_word' id='word_1_172' title='bbox 442 1683 480 1712; x_wconf 88' lang='lat' dir='ltr'>cf.</span> <span class='ocrx_word' id='word_1_173' title='bbox 502 1684 570 1713; x_wconf 87' lang='lat' dir='ltr'>Ecl.</span> <span class='ocrx_word' id='word_1_174' title='bbox 587 1685 624 1713; x_wconf 86' lang='lat' dir='ltr'>V.</span> <span class='ocrx_word' id='word_1_175' title='bbox 643 1685 736 1713; x_wconf 84' lang='lat' dir='ltr'><strong>VIII.</strong></span> <span class='ocrx_word' id='word_1_176' title='bbox 747 1686 796 1714; x_wconf 73' lang='lat'>48.</span> <span class='ocrx_word' id='word_1_177' title='bbox 810 1686 860 1714; x_wconf 85' lang='lat'>50.</span> 
     </span>
     <span class='ocr_line' id='line_1_34' title="bbox 150 1721 861 1761; baseline 0.001 -11"><span class='ocrx_word' id='word_1_178' title='bbox 150 1721 245 1752; x_wconf 89' lang='lat' dir='ltr'>Ovid.</span> <span class='ocrx_word' id='word_1_179' title='bbox 261 1723 334 1752; x_wconf 86' lang='lat' dir='ltr'>Her.</span> <span class='ocrx_word' id='word_1_180' title='bbox 351 1722 395 1757; x_wconf 91' lang='lat' dir='ltr'>X,</span> <span class='ocrx_word' id='word_1_181' title='bbox 411 1723 479 1751; x_wconf 88' lang='grc'><strong>115.</strong></span> <span class='ocrx_word' id='word_1_182' title='bbox 503 1722 612 1752; x_wconf 86' lang='lat' dir='ltr'>Horat.</span> <span class='ocrx_word' id='word_1_183' title='bbox 633 1723 692 1761; x_wconf 88' lang='lat' dir='ltr'>Ep.</span> <span class='ocrx_word' id='word_1_184' title='bbox 713 1724 740 1758; x_wconf 93' lang='lat' dir='ltr'>I,</span> <span class='ocrx_word' id='word_1_185' title='bbox 763 1725 792 1752; x_wconf 76' lang='lat'>3.</span> <span class='ocrx_word' id='word_1_186' title='bbox 812 1724 861 1751; x_wconf 84' lang='lat'>35.</span> 
     </span>
     <span class='ocr_line' id='line_1_35' title="bbox 149 1760 860 1800; baseline 0.006 -13"><span class='ocrx_word' id='word_1_187' title='bbox 149 1760 213 1788; x_wconf 84' lang='lat' dir='ltr'>Od.</span> <span class='ocrx_word' id='word_1_188' title='bbox 228 1760 276 1795; x_wconf 91' lang='lat'>11,</span> <span class='ocrx_word' id='word_1_189' title='bbox 300 1762 329 1795; x_wconf 81' lang='lat'>3,</span> <span class='ocrx_word' id='word_1_190' title='bbox 355 1762 405 1789; x_wconf 73' lang='lat'>24.</span> <span class='ocrx_word' id='word_1_191' title='bbox 459 1761 542 1790; x_wconf 87' lang='lat' dir='ltr'>Male</span> <span class='ocrx_word' id='word_1_192' title='bbox 566 1762 660 1800; x_wconf 83' lang='lat' dir='ltr'>igitur</span> <span class='ocrx_word' id='word_1_193' title='bbox 679 1762 725 1791; x_wconf 84' lang='lat' dir='ltr'>vir</span> <span class='ocrx_word' id='word_1_194' title='bbox 751 1762 860 1791; x_wconf 88' lang='lat' dir='ltr'>doctus</span> 
     </span>
     <span class='ocr_line' id='line_1_36' title="bbox 147 1797 860 1839; baseline 0.003 -13"><span class='ocrx_word' id='word_1_195' title='bbox 147 1797 299 1828; x_wconf 79' lang='lat' dir='ltr'>horridam</span> <span class='ocrx_word' id='word_1_196' title='bbox 327 1799 575 1837; x_wconf 86' lang='lat' dir='ltr'>compositionem</span> <span class='ocrx_word' id='word_1_197' title='bbox 614 1800 747 1830; x_wconf 87' lang='lat' dir='ltr'>Lucretii</span> <span class='ocrx_word' id='word_1_198' title='bbox 772 1800 860 1839; x_wconf 76' lang='lat' dir='ltr'>polli-</span> 
     </span>
     <span class='ocr_line' id='line_1_37' title="bbox 150 1835 857 1868; baseline 0.004 -4"><span class='ocrx_word' id='word_1_199' title='bbox 150 1835 235 1865; x_wconf 75' lang='lat' dir='ltr'>citu’s</span> <span class='ocrx_word' id='word_1_200' title='bbox 249 1837 411 1866; x_wconf 84' lang='lat' dir='ltr'>obtrudere</span> <span class='ocrx_word' id='word_1_201' title='bbox 427 1838 522 1866; x_wconf 84' lang='lat' dir='ltr'>voluit</span> <span class='ocrx_word' id='word_1_202' title='bbox 536 1839 665 1867; x_wconf 85' lang='lat' dir='ltr'>Maroni.</span> <span class='ocrx_word' id='word_1_203' title='bbox 690 1839 738 1868; x_wconf 90' lang='lat' dir='ltr'>W.</span> <span class='ocrx_word' id='word_1_204' title='bbox 749 1856 787 1862; x_wconf 90' lang='lat'>-—-</span> <span class='ocrx_word' id='word_1_205' title='bbox 798 1840 857 1868; x_wconf 80' lang='lat'>237</span> 
     </span>
     <span class='ocr_line' id='line_1_38' title="bbox 153 1874 858 1916; baseline 0.004 -13"><span class='ocrx_word' id='word_1_206' title='bbox 153 1874 228 1910; x_wconf 79' lang='lat' dir='ltr'>Quae</span> <span class='ocrx_word' id='word_1_207' title='bbox 245 1879 272 1904; x_wconf 75' lang='lat' dir='ltr'>te</span> <span class='ocrx_word' id='word_1_208' title='bbox 292 1875 433 1904; x_wconf 73' lang='lat' dir='ltr'>sententia</span> <span class='ocrx_word' id='word_1_209' title='bbox 456 1876 544 1905; x_wconf 79' lang='lat' dir='ltr'>vertit</span> <span class='ocrx_word' id='word_1_210' title='bbox 582 1878 744 1916; x_wconf 84' lang='lat' dir='ltr'>exquisite,</span> <span class='ocrx_word' id='word_1_211' title='bbox 777 1877 858 1916; x_wconf 90' lang='lat' dir='ltr'>quod</span> 
     </span>
     <span class='ocr_line' id='line_1_39' title="bbox 149 1914 858 1950; baseline 0.003 -8"><span class='ocrx_word' id='word_1_212' title='bbox 149 1922 262 1942; x_wconf 88' lang='lat' dir='ltr'>novum</span> <span class='ocrx_word' id='word_1_213' title='bbox 284 1914 442 1943; x_wconf 91' lang='lat' dir='ltr'>consilium</span> <span class='ocrx_word' id='word_1_214' title='bbox 465 1916 559 1944; x_wconf 89' lang='lat' dir='ltr'>vertit</span> <span class='ocrx_word' id='word_1_215' title='bbox 584 1919 627 1950; x_wconf 85' lang='lat' dir='ltr'>te,</span> <span class='ocrx_word' id='word_1_216' title='bbox 644 1916 773 1945; x_wconf 86' lang='lat' dir='ltr'>mutavit</span> <span class='ocrx_word' id='word_1_217' title='bbox 797 1916 858 1944; x_wconf 90' lang='lat' dir='ltr'>aui-</span> 
     </span>
     <span class='ocr_line' id='line_1_40' title="bbox 148 1952 856 1991; baseline 0.004 -11"><span class='ocrx_word' id='word_1_218' title='bbox 148 1961 229 1980; x_wconf 90' lang='lat' dir='ltr'>mum</span> <span class='ocrx_word' id='word_1_219' title='bbox 238 1953 340 1982; x_wconf 78' lang='lat' dir='ltr'>tuum&#39;l</span> <span class='ocrx_word' id='word_1_220' title='bbox 361 1952 489 1991; x_wconf 79' lang='lat' dir='ltr'>Vulgari</span> <span class='ocrx_word' id='word_1_221' title='bbox 497 1954 629 1983; x_wconf 78' lang='lat' dir='ltr'>ratione:</span> <span class='ocrx_word' id='word_1_222' title='bbox 651 1954 774 1983; x_wconf 76' lang='lat' dir='ltr'>vertitur</span> <span class='ocrx_word' id='word_1_223' title='bbox 787 1964 856 1984; x_wconf 90' lang='lat' dir='ltr'>sen-</span> 
     </span>
     <span class='ocr_line' id='line_1_41' title="bbox 149 1991 856 2026; baseline 0.006 -8"><span class='ocrx_word' id='word_1_224' title='bbox 149 1991 251 2026; x_wconf 82' lang='lat' dir='ltr'>tentia,</span> <span class='ocrx_word' id='word_1_225' title='bbox 280 1991 406 2026; x_wconf 77' lang='lat' dir='ltr'>animus,</span> <span class='ocrx_word' id='word_1_226' title='bbox 433 1992 600 2021; x_wconf 83' lang='lat' dir='ltr'>consilium.</span> <span class='ocrx_word' id='word_1_227' title='bbox 647 1993 692 2022; x_wconf 90' lang='lat' dir='ltr'>H.</span> <span class='ocrx_word' id='word_1_228' title='bbox 724 1998 751 2022; x_wconf 82' lang='lat' dir='ltr'>tc</span> <span class='ocrx_word' id='word_1_229' title='bbox 779 1993 809 2022; x_wconf 88' lang='lat' dir='ltr'>h.</span> <span class='ocrx_word' id='word_1_230' title='bbox 828 2004 856 2022; x_wconf 83' lang='lat' dir='ltr'>e.</span> 
     </span>
     <span class='ocr_line' id='line_1_42' title="bbox 150 2028 856 2065; baseline 0.006 -8"><span class='ocrx_word' id='word_1_231' title='bbox 150 2028 281 2058; x_wconf 84' lang='lat' dir='ltr'>animum</span> <span class='ocrx_word' id='word_1_232' title='bbox 295 2033 390 2065; x_wconf 85' lang='lat' dir='ltr'>tuum,</span> <span class='ocrx_word' id='word_1_233' title='bbox 406 2030 445 2060; x_wconf 83' lang='lat' dir='ltr'>cf.</span> <span class='ocrx_word' id='word_1_234' title='bbox 459 2032 527 2060; x_wconf 83' lang='lat'><strong>260.</strong></span> <span class='ocrx_word' id='word_1_235' title='bbox 542 2041 610 2060; x_wconf 83' lang='lat' dir='ltr'>nam</span> <span class='ocrx_word' id='word_1_236' title='bbox 624 2032 675 2061; x_wconf 89' lang='lat' dir='ltr'>ubi</span> <span class='ocrx_word' id='word_1_237' title='bbox 697 2032 734 2061; x_wconf 90' lang='lat' dir='ltr'>de</span> <span class='ocrx_word' id='word_1_238' title='bbox 757 2036 856 2061; x_wconf 87' lang='lat' dir='ltr'>mente</span> 
     </span>
     <span class='ocr_line' id='line_1_43' title="bbox 151 2069 858 2109; baseline 0.007 -14"><span class='ocrx_word' id='word_1_239' title='bbox 151 2076 249 2096; x_wconf 83' lang='lat' dir='ltr'>sermo</span> <span class='ocrx_word' id='word_1_240' title='bbox 263 2072 319 2100; x_wconf 76' lang='lat' dir='ltr'>est.</span> <span class='ocrx_word' id='word_1_241' title='bbox 344 2072 372 2096; x_wconf 74' lang='lat' dir='ltr'>te</span> <span class='ocrx_word' id='word_1_242' title='bbox 384 2073 416 2098; x_wconf 83' lang='lat' dir='ltr'>et</span> <span class='ocrx_word' id='word_1_243' title='bbox 428 2069 554 2098; x_wconf 79' lang='lat' dir='ltr'>animum</span> <span class='ocrx_word' id='word_1_244' title='bbox 569 2071 673 2100; x_wconf 85' lang='lat' dir='ltr'>eodem</span> <span class='ocrx_word' id='word_1_245' title='bbox 690 2070 858 2109; x_wconf 81' lang='lat' dir='ltr'>significatu</span> 
     </span>
     <span class='ocr_line' id='line_1_44' title="bbox 149 2105 859 2147; baseline 0.007 -14"><span class='ocrx_word' id='word_1_246' title='bbox 149 2105 219 2142; x_wconf 87' lang='lat' dir='ltr'>poni</span> <span class='ocrx_word' id='word_1_247' title='bbox 231 2106 335 2136; x_wconf 84' lang='lat' dir='ltr'>docuit</span> <span class='ocrx_word' id='word_1_248' title='bbox 353 2108 459 2137; x_wconf 88' lang='lat' dir='ltr'>Cicero</span> <span class='ocrx_word' id='word_1_249' title='bbox 473 2109 565 2137; x_wconf 85' lang='lat' dir='ltr'>Tusc.</span> <span class='ocrx_word' id='word_1_250' title='bbox 591 2109 619 2144; x_wconf 86' lang='grc' dir='ltr'>Ι,</span> <span class='ocrx_word' id='word_1_251' title='bbox 642 2109 668 2147; x_wconf 82' lang='lat'>§.</span> <span class='ocrx_word' id='word_1_252' title='bbox 693 2110 742 2138; x_wconf 83' lang='lat'>52.</span> <span class='ocrx_word' id='word_1_253' title='bbox 784 2110 859 2138; x_wconf 83' lang='lat' dir='ltr'>Cum</span> 
     </span>
     <span class='ocr_line' id='line_1_45' title="bbox 149 2145 855 2181; baseline 0.008 -10"><span class='ocrx_word' id='word_1_254' title='bbox 149 2151 244 2172; x_wconf 85' lang='lat' dir='ltr'>nosce</span> <span class='ocrx_word' id='word_1_255' title='bbox 269 2148 299 2173; x_wconf 89' lang='lat' dir='ltr'>te</span> <span class='ocrx_word' id='word_1_256' title='bbox 325 2145 405 2180; x_wconf 80' lang='lat' dir='ltr'>dicit,</span> <span class='ocrx_word' id='word_1_257' title='bbox 426 2146 477 2175; x_wconf 83' lang='lat' dir='ltr'>hoc</span> <span class='ocrx_word' id='word_1_258' title='bbox 503 2147 584 2181; x_wconf 82' lang='lat' dir='ltr'>dicit,</span> <span class='ocrx_word' id='word_1_259' title='bbox 607 2158 697 2177; x_wconf 87' lang='lat' dir='ltr'>nosce</span> <span class='ocrx_word' id='word_1_260' title='bbox 725 2148 855 2176; x_wconf 86' lang='lat' dir='ltr'>animum</span> 
     </span>
     <span class='ocr_line' id='line_1_46' title="bbox 150 2184 856 2221; baseline 0.008 -12"><span class='ocrx_word' id='word_1_261' title='bbox 150 2184 413 2212; x_wconf 73' lang='lat' dir='ltr'>tuum—sententia</span> <span class='ocrx_word' id='word_1_262' title='bbox 424 2189 523 2214; x_wconf 79' lang='lat' dir='ltr'>autem</span> <span class='ocrx_word' id='word_1_263' title='bbox 531 2196 608 2215; x_wconf 85' lang='lat' dir='ltr'>nova</span> <span class='ocrx_word' id='word_1_264' title='bbox 620 2186 746 2215; x_wconf 79' lang='lat' dir='ltr'>animum</span> <span class='ocrx_word' id='word_1_265' title='bbox 759 2186 856 2221; x_wconf 74' lang='lat' dir='ltr'>vertit,</span> 
     </span>
     <span class='ocr_line' id='line_1_47' title="bbox 149 2219 855 2263; baseline 0.008 -16"><span class='ocrx_word' id='word_1_266' title='bbox 149 2219 188 2247; x_wconf 90' lang='lat' dir='ltr'>ad</span> <span class='ocrx_word' id='word_1_267' title='bbox 209 2220 267 2249; x_wconf 80' lang='lat' dir='ltr'>alia</span> <span class='ocrx_word' id='word_1_268' title='bbox 280 2222 429 2251; x_wconf 85' lang='lat' dir='ltr'>molienda</span> <span class='ocrx_word' id='word_1_269' title='bbox 454 2227 485 2252; x_wconf 86' lang='lat' dir='ltr'>et</span> <span class='ocrx_word' id='word_1_270' title='bbox 505 2225 686 2262; x_wconf 83' lang='lat' dir='ltr'>perficienda</span> <span class='ocrx_word' id='word_1_271' title='bbox 715 2224 855 2263; x_wconf 87' lang='lat' dir='ltr'>impellit,</span> 
     </span>
     <span class='ocr_line' id='line_1_48' title="bbox 150 2261 854 2298; baseline 0.006 -12"><span class='ocrx_word' id='word_1_272' title='bbox 150 2267 239 2295; x_wconf 86' lang='lat' dir='ltr'>quam</span> <span class='ocrx_word' id='word_1_273' title='bbox 251 2268 317 2297; x_wconf 77' lang='lat' dir='ltr'>quae.</span> <span class='ocrx_word' id='word_1_274' title='bbox 330 2264 415 2289; x_wconf 80' lang='lat' dir='ltr'>antea</span> <span class='ocrx_word' id='word_1_275' title='bbox 428 2261 614 2298; x_wconf 83' lang='lat' dir='ltr'>placuerunt.</span> <span class='ocrx_word' id='word_1_276' title='bbox 629 2263 700 2292; x_wconf 90' lang='lat' dir='ltr'>Vid.</span> <span class='ocrx_word' id='word_1_277' title='bbox 712 2264 781 2292; x_wconf 90' lang='lat' dir='ltr'>AEn.</span> <span class='ocrx_word' id='word_1_278' title='bbox 796 2264 854 2298; x_wconf 80' lang='lat' dir='ltr'>lv,</span> 
     </span>
     <span class='ocr_line' id='line_1_49' title="bbox 148 2296 856 2332; baseline 0.008 -7"><span class='ocrx_word' id='word_1_279' title='bbox 148 2297 219 2326; x_wconf 84' lang='lat'><strong>595.</strong></span> <span class='ocrx_word' id='word_1_280' title='bbox 260 2296 334 2332; x_wconf 72' lang='lat' dir='ltr'>Qaoe</span> <span class='ocrx_word' id='word_1_281' title='bbox 356 2303 475 2328; x_wconf 82' lang='lat' dir='ltr'>mentem</span> <span class='ocrx_word' id='word_1_282' title='bbox 503 2300 618 2330; x_wconf 78' lang='lat' dir='ltr'>insania</span> <span class='ocrx_word' id='word_1_283' title='bbox 649 2301 764 2330; x_wconf 66' lang='lat' dir='ltr'>mutat?</span> <span class='ocrx_word' id='word_1_284' title='bbox 809 2302 856 2331; x_wconf 88' lang='lat' dir='ltr'>W.</span> 
     </span>
     <span class='ocr_line' id='line_1_50' title="bbox 151 2335 856 2378; baseline 0.009 -15"><span class='ocrx_word' id='word_1_285' title='bbox 151 2335 328 2364; x_wconf 78' lang='lat' dir='ltr'>Mox—238</span> <span class='ocrx_word' id='word_1_286' title='bbox 352 2346 481 2366; x_wconf 69' lang='lat' dir='ltr'>occasum</span> <span class='ocrx_word' id='word_1_287' title='bbox 509 2339 605 2378; x_wconf 74' lang='lat' dir='ltr'>Trqjae</span> <span class='ocrx_word' id='word_1_288' title='bbox 627 2340 742 2369; x_wconf 82' lang='lat' dir='ltr'>solabar</span> <span class='ocrx_word' id='word_1_289' title='bbox 765 2340 856 2369; x_wconf 87' lang='lat' dir='ltr'>etiam</span> 
     </span>
     <span class='ocr_line' id='line_1_51' title="bbox 150 2374 856 2417; baseline 0.008 -15"><span class='ocrx_word' id='word_1_290' title='bbox 150 2374 313 2412; x_wconf 86' lang='lat' dir='ltr'>exquisite,</span> <span class='ocrx_word' id='word_1_291' title='bbox 335 2378 369 2403; x_wconf 79' lang='lat' dir='ltr'>ut</span> <span class='ocrx_word' id='word_1_292' title='bbox 392 2375 456 2404; x_wconf 87' lang='lat' dir='ltr'>fere</span> <span class='ocrx_word' id='word_1_293' title='bbox 477 2386 595 2416; x_wconf 86' lang='lat' dir='ltr'>semper</span> <span class='ocrx_word' id='word_1_294' title='bbox 616 2380 726 2417; x_wconf 77' lang='lat' dir='ltr'>poe&#39;tae.</span> <span class='ocrx_word' id='word_1_295' title='bbox 778 2379 856 2408; x_wconf 80' lang='lat' dir='ltr'>Pro-</span> 
     </span>
     <span class='ocr_line' id='line_1_52' title="bbox 148 2411 854 2452; baseline 0.01 -12"><span class='ocrx_word' id='word_1_296' title='bbox 148 2411 216 2450; x_wconf 85' lang='lat' dir='ltr'>prie</span> <span class='ocrx_word' id='word_1_297' title='bbox 231 2412 363 2442; x_wconf 89' lang='lat' dir='ltr'>solamur</span> <span class='ocrx_word' id='word_1_298' title='bbox 376 2413 515 2448; x_wconf 88' lang='lat' dir='ltr'>animum,</span> <span class='ocrx_word' id='word_1_299' title='bbox 539 2420 602 2445; x_wconf 88' lang='lat' dir='ltr'>tum</span> <span class='ocrx_word' id='word_1_300' title='bbox 623 2417 768 2452; x_wconf 87' lang='lat' dir='ltr'>dolorem,</span> <span class='ocrx_word' id='word_1_301' title='bbox 791 2421 854 2446; x_wconf 91' lang='lat' dir='ltr'>tum</span> 
     </span>
     <span class='ocr_line' id='line_1_53' title="bbox 149 2451 852 2485; baseline 0.009 -6"><span class='ocrx_word' id='word_1_302' title='bbox 149 2451 229 2480; x_wconf 87' lang='lat' dir='ltr'>mala</span> <span class='ocrx_word' id='word_1_303' title='bbox 241 2454 272 2479; x_wconf 89' lang='lat' dir='ltr'>et</span> <span class='ocrx_word' id='word_1_304' title='bbox 286 2451 432 2480; x_wconf 88' lang='lat' dir='ltr'>malorum</span> <span class='ocrx_word' id='word_1_305' title='bbox 447 2461 584 2483; x_wconf 86' lang='lat' dir='ltr'>caussas:</span> <span class='ocrx_word' id='word_1_306' title='bbox 606 2455 634 2483; x_wconf 88' lang='lat' dir='ltr'>h.</span> <span class='ocrx_word' id='word_1_307' title='bbox 659 2456 782 2485; x_wconf 88' lang='lat' dir='ltr'>solando</span> <span class='ocrx_word' id='word_1_308' title='bbox 796 2456 852 2484; x_wconf 87' lang='lat' dir='ltr'>mi-</span> 
     </span>
     <span class='ocr_line' id='line_1_54' title="bbox 150 2489 859 2531; baseline 0.008 -14"><span class='ocrx_word' id='word_1_309' title='bbox 150 2489 282 2524; x_wconf 81' lang='lat' dir='ltr'>nuimns,</span> <span class='ocrx_word' id='word_1_310' title='bbox 296 2489 441 2519; x_wconf 86' lang='lat' dir='ltr'>tollimus.</span> <span class='ocrx_word' id='word_1_311' title='bbox 466 2491 544 2520; x_wconf 84' lang='lat' dir='ltr'>conf.</span> <span class='ocrx_word' id='word_1_312' title='bbox 565 2493 676 2531; x_wconf 87' lang='lat' dir='ltr'>Georg.</span> <span class='ocrx_word' id='word_1_313' title='bbox 697 2495 725 2529; x_wconf 90' lang='lat'>1,</span> <span class='ocrx_word' id='word_1_314' title='bbox 746 2495 815 2523; x_wconf 81' lang='lat'><strong>293.</strong></span> <span class='ocrx_word' id='word_1_315' title='bbox 828 2498 859 2523; x_wconf 90' lang='lat' dir='ltr'>et</span> 
     </span>
     <span class='ocr_line' id='line_1_55' title="bbox 150 2527 859 2571; baseline 0.008 -15"><span class='ocrx_word' id='word_1_316' title='bbox 150 2527 389 2562; x_wconf 78' lang='lat' dir='ltr'>1V,464.-239</span> <span class='ocrx_word' id='word_1_317' title='bbox 404 2528 482 2566; x_wconf 61' lang='lat' dir='ltr'>fatis</span> <span class='ocrx_word' id='word_1_318' title='bbox 507 2532 654 2559; x_wconf 72' lang='lat' dir='ltr'>contraria</span> <span class='ocrx_word' id='word_1_319' title='bbox 667 2533 737 2569; x_wconf 82' lang='lat' dir='ltr'>sata</span> <span class='ocrx_word' id='word_1_320' title='bbox 758 2543 859 2571; x_wconf 82' lang='lat' dir='ltr'>repen-</span> 
     </span>
     <span class='ocr_line' id='line_1_56' title="bbox 150 2565 856 2607; baseline 0.008 -13"><span class='ocrx_word' id='word_1_321' title='bbox 150 2565 230 2601; x_wconf 77' lang='lat' dir='ltr'>deus,</span> <span class='ocrx_word' id='word_1_322' title='bbox 254 2566 344 2596; x_wconf 85' lang='lat' dir='ltr'>etiam</span> <span class='ocrx_word' id='word_1_323' title='bbox 367 2567 424 2595; x_wconf 86' lang='lat' dir='ltr'>hoc</span> <span class='ocrx_word' id='word_1_324' title='bbox 442 2567 549 2596; x_wconf 81' lang='lat' dir='ltr'>docte:</span> <span class='ocrx_word' id='word_1_325' title='bbox 585 2570 750 2607; x_wconf 78' lang='lat' dir='ltr'>rependens,</span> <span class='ocrx_word' id='word_1_326' title='bbox 775 2581 856 2600; x_wconf 89' lang='lat' dir='ltr'>com-</span> 
     </span>
     <span class='ocr_line' id='line_1_57' title="bbox 149 2605 852 2645; baseline 0.009 -13"><span class='ocrx_word' id='word_1_327' title='bbox 149 2612 293 2641; x_wconf 83' lang='lat' dir='ltr'>pensans,</span> <span class='ocrx_word' id='word_1_328' title='bbox 311 2607 382 2642; x_wconf 77' lang='lat' dir='ltr'>fata</span> <span class='ocrx_word' id='word_1_329' title='bbox 390 2605 548 2641; x_wconf 81' lang='lat' dir='ltr'>contraria,</span> <span class='ocrx_word' id='word_1_330' title='bbox 565 2607 761 2645; x_wconf 81' lang='lat' dir='ltr'>Trojanorum</span> <span class='ocrx_word' id='word_1_331' title='bbox 776 2610 852 2638; x_wconf 86' lang='lat' dir='ltr'>cala-</span> 
     </span>
     <span class='ocr_line' id='line_1_58' title="bbox 152 2641 854 2684; baseline 0.01 -15"><span class='ocrx_word' id='word_1_332' title='bbox 152 2641 377 2680; x_wconf 70' lang='lat' dir='ltr'>mitateS‚fatic‚</span> <span class='ocrx_word' id='word_1_333' title='bbox 392 2654 435 2672; x_wconf 86' lang='lat' dir='ltr'>sc.</span> <span class='ocrx_word' id='word_1_334' title='bbox 451 2643 527 2679; x_wconf 85' lang='lat' dir='ltr'>aliis,</span> <span class='ocrx_word' id='word_1_335' title='bbox 552 2645 647 2684; x_wconf 84' lang='lat' dir='ltr'>iisque</span> <span class='ocrx_word' id='word_1_336' title='bbox 666 2647 854 2682; x_wconf 83' lang='lat' dir='ltr'>melioribus,</span> 
     </span>
     <span class='ocr_line' id='line_1_59' title="bbox 154 2681 854 2722; baseline 0.009 -15"><span class='ocrx_word' id='word_1_337' title='bbox 154 2688 232 2708; x_wconf 87' lang='lat' dir='ltr'>novo</span> <span class='ocrx_word' id='word_1_338' title='bbox 252 2681 349 2711; x_wconf 78' lang='lat' dir='ltr'>Italiae</span> <span class='ocrx_word' id='word_1_339' title='bbox 362 2692 463 2721; x_wconf 84' lang='lat' dir='ltr'>regn0‚</span> <span class='ocrx_word' id='word_1_340' title='bbox 477 2683 506 2712; x_wconf 89' lang='lat' dir='ltr'>h.</span> <span class='ocrx_word' id='word_1_341' title='bbox 521 2693 548 2712; x_wconf 92' lang='lat' dir='ltr'>e.</span> <span class='ocrx_word' id='word_1_342' title='bbox 561 2693 696 2722; x_wconf 79' lang='lat' dir='ltr'>sperans,</span> <span class='ocrx_word' id='word_1_343' title='bbox 707 2685 854 2714; x_wconf 87' lang='lat' dir='ltr'>fortunam</span> 
     </span>
     <span class='ocr_line' id='line_1_60' title="bbox 152 2718 854 2755; baseline 0.009 -10"><span class='ocrx_word' id='word_1_344' title='bbox 152 2718 349 2755; x_wconf 76' lang='lat' dir='ltr'>Trojanorum</span> <span class='ocrx_word' id='word_1_345' title='bbox 363 2721 494 2749; x_wconf 78' lang='lat' dir='ltr'>suturam</span> <span class='ocrx_word' id='word_1_346' title='bbox 513 2732 579 2751; x_wconf 80' lang='lat' dir='ltr'>esse</span> <span class='ocrx_word' id='word_1_347' title='bbox 600 2726 681 2751; x_wconf 85' lang='lat' dir='ltr'>tanto</span> <span class='ocrx_word' id='word_1_348' title='bbox 696 2722 854 2751; x_wconf 77' lang='lat' dir='ltr'>laetiorem,</span> 
     </span>
     <span class='ocr_line' id='line_1_61' title="bbox 155 2755 855 2799; baseline 0.01 -14"><span class='ocrx_word' id='word_1_349' title='bbox 155 2755 250 2786; x_wconf 82' lang='lat' dir='ltr'>Plane</span> <span class='ocrx_word' id='word_1_350' title='bbox 264 2756 350 2788; x_wconf 80' lang='lat' dir='ltr'>aliter</span> <span class='ocrx_word' id='word_1_351' title='bbox 369 2759 515 2789; x_wconf 70' lang='lat' dir='ltr'>contraria</span> <span class='ocrx_word' id='word_1_352' title='bbox 524 2761 595 2799; x_wconf 76' lang='lat' dir='ltr'>sata</span> <span class='ocrx_word' id='word_1_353' title='bbox 619 2761 761 2791; x_wconf 87' lang='lat' dir='ltr'>dicuntur</span> <span class='ocrx_word' id='word_1_354' title='bbox 784 2761 855 2792; x_wconf 84' lang='lat' dir='ltr'>AEn.</span> 
     </span>
    </p>
   </div>
   <div class='ocr_carea' id='block_1_16' title="bbox 893 1183 1603 1262">
    <p class='ocr_par' dir='ltr' id='par_1_16' title="bbox 893 1183 1603 1262">
     <span class='ocr_line' id='line_1_62' title="bbox 893 1183 1603 1222; baseline 0 -10"><span class='ocrx_word' id='word_1_355' title='bbox 893 1184 970 1218; x_wconf 80' lang='lat' dir='ltr'>VII,</span> <span class='ocrx_word' id='word_1_356' title='bbox 990 1185 1162 1213; x_wconf 74' lang='lat'>293.--241</span> <span class='ocrx_word' id='word_1_357' title='bbox 1177 1184 1230 1212; x_wconf 78' lang='lat' dir='ltr'>das</span> <span class='ocrx_word' id='word_1_358' title='bbox 1252 1194 1308 1222; x_wconf 89' lang='lat' dir='ltr'>pro</span> <span class='ocrx_word' id='word_1_359' title='bbox 1329 1183 1414 1217; x_wconf 83' lang='lat' dir='ltr'>sacis,</span> <span class='ocrx_word' id='word_1_360' title='bbox 1429 1184 1603 1213; x_wconf 80' lang='lat' dir='ltr'>constituis.</span> 
     </span>
     <span class='ocr_line' id='line_1_63' title="bbox 894 1222 1602 1262; baseline 0.001 -11"><span class='ocrx_word' id='word_1_361' title='bbox 894 1223 957 1252; x_wconf 85' lang='lat' dir='ltr'>Sed</span> <span class='ocrx_word' id='word_1_362' title='bbox 985 1224 1074 1251; x_wconf 84' lang='lat' dir='ltr'>etiam</span> <span class='ocrx_word' id='word_1_363' title='bbox 1095 1223 1125 1251; x_wconf 90' lang='lat' dir='ltr'>in</span> <span class='ocrx_word' id='word_1_364' title='bbox 1150 1223 1205 1251; x_wconf 89' lang='lat' dir='ltr'>hoc</span> <span class='ocrx_word' id='word_1_365' title='bbox 1230 1222 1352 1262; x_wconf 69' lang='lat' dir='ltr'>poetica</span> <span class='ocrx_word' id='word_1_366' title='bbox 1379 1222 1455 1251; x_wconf 81' lang='lat' dir='ltr'>ratio</span> <span class='ocrx_word' id='word_1_367' title='bbox 1477 1223 1602 1252; x_wconf 86' lang='lat' dir='ltr'>alterum</span> 
     </span>
    </p>
   </div>
   <div class='ocr_carea' id='block_1_17' title="bbox 890 1262 1077 1300">
    <p class='ocr_par' dir='ltr' id='par_1_17' title="bbox 890 1262 1077 1300">
     <span class='ocr_line' id='line_1_64' title="bbox 890 1262 1077 1300; baseline -0.005 -10"><span class='ocrx_word' id='word_1_368' title='bbox 890 1262 1077 1300; x_wconf 83' lang='lat' dir='ltr'>postulabat.</span> 
     </span>
    </p>
   </div>
   <div class='ocr_carea' id='block_1_18' title="bbox 892 1298 1605 2608">
    <p class='ocr_par' dir='ltr' id='par_1_18' title="bbox 892 1298 1605 2608">
     <span class='ocr_line' id='line_1_65' title="bbox 929 1298 1601 1338; baseline -0.003 -9"><span class='ocrx_word' id='word_1_369' title='bbox 929 1301 1097 1329; x_wconf 55' lang='lat'>242-2119</span> <span class='ocrx_word' id='word_1_370' title='bbox 1108 1300 1251 1333; x_wconf 78' lang='lat' dir='ltr'>Antenor,</span> <span class='ocrx_word' id='word_1_371' title='bbox 1266 1302 1296 1328; x_wconf 84' lang='lat' dir='ltr'>et</span> <span class='ocrx_word' id='word_1_372' title='bbox 1310 1298 1376 1337; x_wconf 83' lang='lat' dir='ltr'>ipse</span> <span class='ocrx_word' id='word_1_373' title='bbox 1393 1299 1485 1336; x_wconf 86' lang='lat' dir='ltr'>Troja</span> <span class='ocrx_word' id='word_1_374' title='bbox 1498 1298 1601 1338; x_wconf 87' lang='lat' dir='ltr'>profu-</span> 
     </span>
     <span class='ocr_line' id='line_1_66' title="bbox 898 1338 1602 1377; baseline -0.001 -10"><span class='ocrx_word' id='word_1_375' title='bbox 898 1349 964 1377; x_wconf 88' lang='lat' dir='ltr'>gus,</span> <span class='ocrx_word' id='word_1_376' title='bbox 983 1344 1086 1367; x_wconf 83' lang='lat' dir='ltr'>nactus</span> <span class='ocrx_word' id='word_1_377' title='bbox 1099 1343 1146 1367; x_wconf 81' lang='lat' dir='ltr'>est</span> <span class='ocrx_word' id='word_1_378' title='bbox 1159 1348 1249 1367; x_wconf 86' lang='lat' dir='ltr'>novas</span> <span class='ocrx_word' id='word_1_379' title='bbox 1265 1338 1364 1371; x_wconf 89' lang='lat' dir='ltr'>sedes,</span> <span class='ocrx_word' id='word_1_380' title='bbox 1377 1338 1498 1367; x_wconf 89' lang='lat' dir='ltr'>condito</span> <span class='ocrx_word' id='word_1_381' title='bbox 1512 1338 1602 1366; x_wconf 81' lang='lat' dir='ltr'>Pata-</span> 
     </span>
     <span class='ocr_line' id='line_1_67' title="bbox 897 1376 1605 1414; baseline 0.001 -9"><span class='ocrx_word' id='word_1_382' title='bbox 897 1378 946 1405; x_wconf 85' lang='lat' dir='ltr'>vio</span> <span class='ocrx_word' id='word_1_383' title='bbox 959 1389 965 1411; x_wconf 83' lang='grc'>;</span> <span class='ocrx_word' id='word_1_384' title='bbox 981 1378 1154 1406; x_wconf 87' lang='lat' dir='ltr'>curAEneas</span> <span class='ocrx_word' id='word_1_385' title='bbox 1168 1387 1225 1405; x_wconf 89' lang='lat' dir='ltr'>non</span> <span class='ocrx_word' id='word_1_386' title='bbox 1237 1376 1326 1405; x_wconf 82' lang='lat' dir='ltr'>simili</span> <span class='ocrx_word' id='word_1_387' title='bbox 1338 1376 1456 1405; x_wconf 81' lang='lat' dir='ltr'>fortuna</span> <span class='ocrx_word' id='word_1_388' title='bbox 1469 1376 1605 1414; x_wconf 69' lang='lat' dir='ltr'>potitur?</span> 
     </span>
     <span class='ocr_line' id='line_1_68' title="bbox 897 1414 1603 1450; baseline -0.001 -6"><span class='ocrx_word' id='word_1_389' title='bbox 897 1416 1002 1445; x_wconf 86' lang='lat' dir='ltr'>Livius</span> <span class='ocrx_word' id='word_1_390' title='bbox 1018 1416 1046 1450; x_wconf 88' lang='lat'>1,</span> <span class='ocrx_word' id='word_1_391' title='bbox 1063 1415 1245 1444; x_wconf 79' lang='lat' dir='ltr'>1.—casibus</span> <span class='ocrx_word' id='word_1_392' title='bbox 1255 1414 1354 1443; x_wconf 79' lang='lat' dir='ltr'>deinde</span> <span class='ocrx_word' id='word_1_393' title='bbox 1368 1414 1459 1442; x_wconf 85' lang='lat' dir='ltr'>variis</span> <span class='ocrx_word' id='word_1_394' title='bbox 1472 1415 1603 1443; x_wconf 78' lang='lat' dir='ltr'>Anteno-</span> 
     </span>
     <span class='ocr_line' id='line_1_69' title="bbox 897 1453 1603 1496; baseline 0 -14"><span class='ocrx_word' id='word_1_395' title='bbox 897 1464 932 1482; x_wconf 83' lang='lat' dir='ltr'>ra</span> <span class='ocrx_word' id='word_1_396' title='bbox 946 1456 992 1491; x_wconf 88' lang='lat' dir='ltr'>(et</span> <span class='ocrx_word' id='word_1_397' title='bbox 1006 1454 1106 1492; x_wconf 88' lang='lat' dir='ltr'>ipsum</span> <span class='ocrx_word' id='word_1_398' title='bbox 1119 1454 1211 1491; x_wconf 84' lang='lat' dir='ltr'>Troja.</span> <span class='ocrx_word' id='word_1_399' title='bbox 1230 1453 1558 1496; x_wconf 78' lang='lat' dir='ltr'>profugum)——venisse</span> <span class='ocrx_word' id='word_1_400' title='bbox 1572 1453 1603 1482; x_wconf 81' lang='lat' dir='ltr'>in.</span> 
     </span>
     <span class='ocr_line' id='line_1_70' title="bbox 897 1491 1601 1521; baseline -0.001 0"><span class='ocrx_word' id='word_1_401' title='bbox 897 1492 1030 1521; x_wconf 81' lang='lat' dir='ltr'>intimum</span> <span class='ocrx_word' id='word_1_402' title='bbox 1043 1492 1133 1521; x_wconf 77' lang='lat' dir='ltr'>muris</span> <span class='ocrx_word' id='word_1_403' title='bbox 1144 1491 1294 1521; x_wconf 76' lang='lat' dir='ltr'>Adriatici</span> <span class='ocrx_word' id='word_1_404' title='bbox 1305 1501 1408 1520; x_wconf 78' lang='lat' dir='ltr'>smum.</span> <span class='ocrx_word' id='word_1_405' title='bbox 1444 1491 1506 1520; x_wconf 86' lang='lat' dir='ltr'>Hic</span> <span class='ocrx_word' id='word_1_406' title='bbox 1518 1491 1601 1520; x_wconf 80' lang='lat' dir='ltr'>sinus</span> 
     </span>
     <span class='ocr_line' id='line_1_71' title="bbox 896 1530 1601 1569; baseline -0.003 -9"><span class='ocrx_word' id='word_1_407' title='bbox 896 1533 995 1569; x_wconf 71' lang='lat' dir='ltr'>poetae</span> <span class='ocrx_word' id='word_1_408' title='bbox 1012 1531 1130 1560; x_wconf 84' lang='lat' dir='ltr'>doctius</span> <span class='ocrx_word' id='word_1_409' title='bbox 1144 1530 1259 1569; x_wconf 75' lang='lat' dir='ltr'>Illyrici</span> <span class='ocrx_word' id='word_1_410' title='bbox 1271 1530 1352 1558; x_wconf 80' lang='lat' dir='ltr'>sinus</span> <span class='ocrx_word' id='word_1_411' title='bbox 1364 1539 1374 1565; x_wconf 92' lang='lat'>,·</span> <span class='ocrx_word' id='word_1_412' title='bbox 1398 1539 1527 1567; x_wconf 83' lang='lat' dir='ltr'>namque</span> <span class='ocrx_word' id='word_1_413' title='bbox 1539 1539 1601 1558; x_wconf 82' lang='lat' dir='ltr'>rna-</span> 
     </span>
     <span class='ocr_line' id='line_1_72' title="bbox 892 1567 1601 1607; baseline -0.001 -9"><span class='ocrx_word' id='word_1_414' title='bbox 892 1570 951 1606; x_wconf 84' lang='lat' dir='ltr'>jori</span> <span class='ocrx_word' id='word_1_415' title='bbox 966 1569 1113 1598; x_wconf 85' lang='lat' dir='ltr'>Adriatici</span> <span class='ocrx_word' id='word_1_416' title='bbox 1125 1569 1206 1597; x_wconf 89' lang='lat' dir='ltr'>sinus</span> <span class='ocrx_word' id='word_1_417' title='bbox 1215 1568 1293 1607; x_wconf 83' lang='lat' dir='ltr'>parti</span> <span class='ocrx_word' id='word_1_418' title='bbox 1303 1567 1458 1605; x_wconf 78' lang='lat' dir='ltr'>Illyricum</span> <span class='ocrx_word' id='word_1_419' title='bbox 1472 1572 1601 1605; x_wconf 85' lang='lat' dir='ltr'>praeten-</span> 
     </span>
     <span class='ocr_line' id='line_1_73' title="bbox 895 1605 1601 1644; baseline -0.001 -8"><span class='ocrx_word' id='word_1_420' title='bbox 895 1607 977 1636; x_wconf 83' lang='lat' dir='ltr'>ditur</span> <span class='ocrx_word' id='word_1_421' title='bbox 990 1618 997 1644; x_wconf 78' lang='lat'><em>3</em></span> <span class='ocrx_word' id='word_1_422' title='bbox 1034 1608 1111 1635; x_wconf 89' lang='lat' dir='ltr'>idem</span> <span class='ocrx_word' id='word_1_423' title='bbox 1139 1606 1241 1635; x_wconf 78' lang='lat' dir='ltr'>intima</span> <span class='ocrx_word' id='word_1_424' title='bbox 1266 1616 1356 1644; x_wconf 73' lang='lat' dir='ltr'>reyna</span> <span class='ocrx_word' id='word_1_425' title='bbox 1383 1605 1601 1643; x_wconf 74' lang='lat' dir='ltr'>Liburnorum5</span> 
     </span>
     <span class='ocr_line' id='line_1_74' title="bbox 898 1645 1602 1679; baseline -0.001 -5"><span class='ocrx_word' id='word_1_426' title='bbox 898 1656 965 1674; x_wconf 89' lang='lat' dir='ltr'>nam</span> <span class='ocrx_word' id='word_1_427' title='bbox 988 1656 1093 1675; x_wconf 87' lang='lat' dir='ltr'>versus</span> <span class='ocrx_word' id='word_1_428' title='bbox 1121 1645 1277 1674; x_wconf 88' lang='lat' dir='ltr'>interiores</span> <span class='ocrx_word' id='word_1_429' title='bbox 1300 1654 1438 1673; x_wconf 82' lang='lat' dir='ltr'>recessus</span> <span class='ocrx_word' id='word_1_430' title='bbox 1464 1645 1602 1679; x_wconf 86' lang='lat' dir='ltr'>Liburni,</span> 
     </span>
     <span class='ocr_line' id='line_1_75' title="bbox 899 1683 1602 1722; baseline -0.001 -9"><span class='ocrx_word' id='word_1_431' title='bbox 899 1684 1016 1722; x_wconf 56' lang='lat' dir='ltr'>Illyrici</span> <span class='ocrx_word' id='word_1_432' title='bbox 1032 1683 1171 1722; x_wconf 86' lang='lat' dir='ltr'>populus,</span> <span class='ocrx_word' id='word_1_433' title='bbox 1187 1688 1250 1712; x_wconf 79' lang='lat' dir='ltr'>tum</span> <span class='ocrx_word' id='word_1_434' title='bbox 1267 1683 1351 1717; x_wconf 85' lang='lat' dir='ltr'>1stri,</span> <span class='ocrx_word' id='word_1_435' title='bbox 1366 1683 1434 1712; x_wconf 79' lang='lat' dir='ltr'>hino</span> <span class='ocrx_word' id='word_1_436' title='bbox 1449 1683 1556 1712; x_wconf 87' lang='lat' dir='ltr'>Veneti</span> <span class='ocrx_word' id='word_1_437' title='bbox 1572 1688 1602 1712; x_wconf 83' lang='lat' dir='ltr'>et</span> 
     </span>
     <span class='ocr_line' id='line_1_76' title="bbox 900 1721 1601 1761; baseline -0.001 -10"><span class='ocrx_word' id='word_1_438' title='bbox 900 1722 1048 1761; x_wconf 70' lang='lat' dir='ltr'>Euganei.</span> <span class='ocrx_word' id='word_1_439' title='bbox 1089 1723 1302 1751; x_wconf 82' lang='lat' dir='ltr'>Successerant</span> <span class='ocrx_word' id='word_1_440' title='bbox 1325 1725 1425 1750; x_wconf 76' lang='lat' dir='ltr'>autem</span> <span class='ocrx_word' id='word_1_441' title='bbox 1444 1721 1550 1751; x_wconf 83' lang='lat' dir='ltr'>Veneti</span> <span class='ocrx_word' id='word_1_442' title='bbox 1570 1722 1601 1750; x_wconf 91' lang='lat' dir='ltr'>in</span> 
     </span>
     <span class='ocr_line' id='line_1_77' title="bbox 900 1760 1602 1799; baseline -0.003 -9"><span class='ocrx_word' id='word_1_443' title='bbox 900 1763 1111 1799; x_wconf 82' lang='lat' dir='ltr'>Euganeorum</span> <span class='ocrx_word' id='word_1_444' title='bbox 1126 1761 1225 1789; x_wconf 87' lang='lat' dir='ltr'>sedes.</span> <span class='ocrx_word' id='word_1_445' title='bbox 1266 1760 1356 1795; x_wconf 84' lang='lat' dir='ltr'>Quod</span> <span class='ocrx_word' id='word_1_446' title='bbox 1368 1769 1439 1788; x_wconf 88' lang='lat' dir='ltr'>vero</span> <span class='ocrx_word' id='word_1_447' title='bbox 1454 1764 1542 1795; x_wconf 74' lang='lat' dir='ltr'>tutus,</span> <span class='ocrx_word' id='word_1_448' title='bbox 1558 1760 1602 1788; x_wconf 87' lang='lat' dir='ltr'>in-</span> 
     </span>
     <span class='ocr_line' id='line_1_78' title="bbox 899 1799 1603 1833; baseline 0 -5"><span class='ocrx_word' id='word_1_449' title='bbox 899 1800 1036 1833; x_wconf 88' lang='lat' dir='ltr'>columis,</span> <span class='ocrx_word' id='word_1_450' title='bbox 1045 1799 1166 1832; x_wconf 85' lang='lat' dir='ltr'>dicitur,</span> <span class='ocrx_word' id='word_1_451' title='bbox 1175 1800 1231 1827; x_wconf 88' lang='lat' dir='ltr'>hoc</span> <span class='ocrx_word' id='word_1_452' title='bbox 1240 1799 1276 1826; x_wconf 84' lang='lat' dir='ltr'>ad</span> <span class='ocrx_word' id='word_1_453' title='bbox 1286 1808 1419 1826; x_wconf 88' lang='lat' dir='ltr'>errorum</span> <span class='ocrx_word' id='word_1_454' title='bbox 1430 1799 1603 1828; x_wconf 83' lang='lat' dir='ltr'>discrimina</span> 
     </span>
     <span class='ocr_line' id='line_1_79' title="bbox 898 1837 1600 1877; baseline -0.001 -9"><span class='ocrx_word' id='word_1_455' title='bbox 898 1837 1204 1877; x_wconf 81' lang='lat' dir='ltr'>spectat.—Denique</span> <span class='ocrx_word' id='word_1_456' title='bbox 1219 1837 1319 1869; x_wconf 85' lang='lat' dir='ltr'>etiam,</span> <span class='ocrx_word' id='word_1_457' title='bbox 1333 1838 1489 1874; x_wconf 70' lang='lat' dir='ltr'>poetarum</span> <span class='ocrx_word' id='word_1_458' title='bbox 1507 1847 1600 1873; x_wconf 84' lang='lat' dir='ltr'>more,</span> 
     </span>
     <span class='ocr_line' id='line_1_80' title="bbox 897 1875 1601 1921; baseline -0.001 -15"><span class='ocrx_word' id='word_1_459' title='bbox 897 1878 948 1921; x_wconf 88' lang='lat' dir='ltr'>qui</span> <span class='ocrx_word' id='word_1_460' title='bbox 963 1887 979 1905; x_wconf 89' lang='lat' dir='ltr'>a</span> <span class='ocrx_word' id='word_1_461' title='bbox 994 1875 1127 1905; x_wconf 73' lang='lat' dir='ltr'>finitimis</span> <span class='ocrx_word' id='word_1_462' title='bbox 1144 1876 1217 1904; x_wconf 88' lang='lat' dir='ltr'>locis</span> <span class='ocrx_word' id='word_1_463' title='bbox 1234 1875 1330 1904; x_wconf 84' lang='lat' dir='ltr'>multa</span> <span class='ocrx_word' id='word_1_464' title='bbox 1343 1875 1510 1913; x_wconf 85' lang='lat' dir='ltr'>designant,</span> <span class='ocrx_word' id='word_1_465' title='bbox 1525 1876 1601 1914; x_wconf 85' lang='lat' dir='ltr'>(sci-</span> 
     </span>
     <span class='ocr_line' id='line_1_81' title="bbox 896 1913 1602 1945; baseline -0.001 0"><span class='ocrx_word' id='word_1_466' title='bbox 896 1917 967 1945; x_wconf 80' lang='lat' dir='ltr'>hcet</span> <span class='ocrx_word' id='word_1_467' title='bbox 985 1919 1019 1944; x_wconf 86' lang='lat' dir='ltr'>ut</span> <span class='ocrx_word' id='word_1_468' title='bbox 1040 1918 1175 1943; x_wconf 88' lang='lat' dir='ltr'>ornatum</span> <span class='ocrx_word' id='word_1_469' title='bbox 1197 1913 1265 1943; x_wconf 88' lang='lat' dir='ltr'>inde</span> <span class='ocrx_word' id='word_1_470' title='bbox 1285 1917 1315 1942; x_wconf 83' lang='lat' dir='ltr'>et</span> <span class='ocrx_word' id='word_1_471' title='bbox 1337 1923 1478 1942; x_wconf 86' lang='lat' dir='ltr'>novarum</span> <span class='ocrx_word' id='word_1_472' title='bbox 1502 1925 1602 1944; x_wconf 87' lang='lat' dir='ltr'>rerum</span> 
     </span>
     <span class='ocr_line' id='line_1_82' title="bbox 894 1951 1601 1990; baseline -0.003 -6"><span class='ocrx_word' id='word_1_473' title='bbox 894 1954 1064 1984; x_wconf 79' lang='lat' dir='ltr'>notionibus</span> <span class='ocrx_word' id='word_1_474' title='bbox 1080 1953 1257 1981; x_wconf 84' lang='lat' dir='ltr'>suavitatem</span> <span class='ocrx_word' id='word_1_475' title='bbox 1285 1951 1424 1980; x_wconf 87' lang='lat' dir='ltr'>versibus</span> <span class='ocrx_word' id='word_1_476' title='bbox 1440 1952 1503 1981; x_wconf 84' lang='lat' dir='ltr'>suis</span> <span class='ocrx_word' id='word_1_477' title='bbox 1518 1963 1601 1990; x_wconf 85' lang='lat' dir='ltr'>quae-</span> 
     </span>
     <span class='ocr_line' id='line_1_83' title="bbox 895 1990 1601 2030; baseline -0.004 -7"><span class='ocrx_word' id='word_1_478' title='bbox 895 1993 977 2030; x_wconf 83' lang='lat' dir='ltr'>rant)</span> <span class='ocrx_word' id='word_1_479' title='bbox 1003 1993 1162 2026; x_wconf 80' lang='lat' dir='ltr'>Timauum,</span> <span class='ocrx_word' id='word_1_480' title='bbox 1185 2001 1363 2029; x_wconf 82' lang='lat' dir='ltr'>quamquam</span> <span class='ocrx_word' id='word_1_481' title='bbox 1383 1990 1486 2029; x_wconf 88' lang='lat' dir='ltr'>paullo</span> <span class='ocrx_word' id='word_1_482' title='bbox 1505 2001 1601 2020; x_wconf 84' lang='lat' dir='ltr'>remo-</span> 
     </span>
     <span class='ocr_line' id='line_1_84' title="bbox 897 2030 1600 2063; baseline -0.004 -2"><span class='ocrx_word' id='word_1_483' title='bbox 897 2033 1004 2061; x_wconf 81' lang='lat' dir='ltr'>tiorem</span> <span class='ocrx_word' id='word_1_484' title='bbox 1020 2030 1154 2063; x_wconf 85' lang='lat' dir='ltr'>fluvium,</span> <span class='ocrx_word' id='word_1_485' title='bbox 1178 2030 1231 2058; x_wconf 78' lang='lat' dir='ltr'>sed</span> <span class='ocrx_word' id='word_1_486' title='bbox 1250 2030 1394 2058; x_wconf 85' lang='lat' dir='ltr'>notiorem</span> <span class='ocrx_word' id='word_1_487' title='bbox 1415 2033 1445 2057; x_wconf 89' lang='lat' dir='ltr'>et</span> <span class='ocrx_word' id='word_1_488' title='bbox 1467 2033 1600 2058; x_wconf 82' lang='lat' dir='ltr'>veterum</span> 
     </span>
     <span class='ocr_line' id='line_1_85' title="bbox 894 2068 1602 2107; baseline -0.003 -8"><span class='ocrx_word' id='word_1_489' title='bbox 894 2071 1023 2100; x_wconf 74' lang='lat' dir='ltr'>fortasse</span> <span class='ocrx_word' id='word_1_490' title='bbox 1048 2070 1205 2107; x_wconf 71' lang='lat' dir='ltr'>poetarum</span> <span class='ocrx_word' id='word_1_491' title='bbox 1231 2077 1289 2096; x_wconf 86' lang='lat' dir='ltr'>usu</span> <span class='ocrx_word' id='word_1_492' title='bbox 1311 2068 1543 2105; x_wconf 82' lang='lat' dir='ltr'>frequentatum,</span> <span class='ocrx_word' id='word_1_493' title='bbox 1565 2070 1602 2097; x_wconf 85' lang='lat' dir='ltr'>ad</span> 
     </span>
     <span class='ocr_line' id='line_1_86' title="bbox 896 2105 1603 2138; baseline -0.003 0"><span class='ocrx_word' id='word_1_494' title='bbox 896 2110 988 2138; x_wconf 86' lang='lat' dir='ltr'>situm</span> <span class='ocrx_word' id='word_1_495' title='bbox 1002 2108 1128 2136; x_wconf 90' lang='lat' dir='ltr'>eundem</span> <span class='ocrx_word' id='word_1_496' title='bbox 1149 2105 1359 2135; x_wconf 87' lang='lat' dir='ltr'>declarandum</span> <span class='ocrx_word' id='word_1_497' title='bbox 1380 2114 1603 2136; x_wconf 83' lang='lat' dir='ltr'>commemorat.</span> 
     </span>
     <span class='ocr_line' id='line_1_87' title="bbox 894 2143 1600 2182; baseline -0.004 -6"><span class='ocrx_word' id='word_1_498' title='bbox 894 2147 1017 2176; x_wconf 83' lang='lat' dir='ltr'>Fontem</span> <span class='ocrx_word' id='word_1_499' title='bbox 1038 2144 1160 2179; x_wconf 82' lang='lat' dir='ltr'>Timavi,</span> <span class='ocrx_word' id='word_1_500' title='bbox 1184 2145 1213 2172; x_wconf 89' lang='lat' dir='ltr'>h.</span> <span class='ocrx_word' id='word_1_501' title='bbox 1233 2154 1260 2172; x_wconf 87' lang='lat' dir='ltr'>e.</span> <span class='ocrx_word' id='word_1_502' title='bbox 1283 2143 1451 2177; x_wconf 86' lang='lat' dir='ltr'>Timavum,</span> <span class='ocrx_word' id='word_1_503' title='bbox 1471 2149 1600 2182; x_wconf 77' lang='lat' dir='ltr'>superat,</span> 
     </span>
     <span class='ocr_line' id='line_1_88' title="bbox 895 2181 1601 2224; baseline -0.003 -10"><span class='ocrx_word' id='word_1_504' title='bbox 895 2190 1041 2224; x_wconf 87' lang='lat' dir='ltr'>qnatenus</span> <span class='ocrx_word' id='word_1_505' title='bbox 1056 2183 1154 2212; x_wconf 86' lang='lat' dir='ltr'>classe</span> <span class='ocrx_word' id='word_1_506' title='bbox 1175 2183 1264 2211; x_wconf 90' lang='lat' dir='ltr'>litora</span> <span class='ocrx_word' id='word_1_507' title='bbox 1278 2181 1379 2219; x_wconf 87' lang='lat' dir='ltr'>legens</span> <span class='ocrx_word' id='word_1_508' title='bbox 1394 2182 1506 2220; x_wconf 82' lang='lat' dir='ltr'>(neque</span> <span class='ocrx_word' id='word_1_509' title='bbox 1521 2183 1601 2212; x_wconf 87' lang='lat' dir='ltr'>enim</span> 
     </span>
     <span class='ocr_line' id='line_1_89' title="bbox 896 2219 1601 2259; baseline -0.004 -6"><span class='ocrx_word' id='word_1_510' title='bbox 896 2224 994 2258; x_wconf 86' lang='lat' dir='ltr'>aliter,</span> <span class='ocrx_word' id='word_1_511' title='bbox 1006 2222 1063 2251; x_wconf 78' lang='lat' dir='ltr'>nisi</span> <span class='ocrx_word' id='word_1_512' title='bbox 1074 2227 1164 2250; x_wconf 83' lang='lat' dir='ltr'>cursu</span> <span class='ocrx_word' id='word_1_513' title='bbox 1175 2220 1300 2259; x_wconf 87' lang='lat' dir='ltr'>propius</span> <span class='ocrx_word' id='word_1_514' title='bbox 1311 2219 1345 2248; x_wconf 86' lang='lat' dir='ltr'>ad</span> <span class='ocrx_word' id='word_1_515' title='bbox 1358 2219 1514 2257; x_wconf 86' lang='lat' dir='ltr'>Illyricum</span> <span class='ocrx_word' id='word_1_516' title='bbox 1526 2221 1601 2250; x_wconf 76' lang='lat' dir='ltr'>litus</span> 
     </span>
     <span class='ocr_line' id='line_1_90' title="bbox 895 2258 1600 2298; baseline -0.004 -6"><span class='ocrx_word' id='word_1_517' title='bbox 895 2266 1025 2295; x_wconf 75' lang='lat' dir='ltr'>servam,</span> <span class='ocrx_word' id='word_1_518' title='bbox 1050 2270 1132 2289; x_wconf 86' lang='lat' dir='ltr'>mare</span> <span class='ocrx_word' id='word_1_519' title='bbox 1160 2258 1349 2288; x_wconf 83' lang='lat' dir='ltr'>Adriaticum</span> <span class='ocrx_word' id='word_1_520' title='bbox 1374 2262 1440 2287; x_wconf 81' lang='lat' dir='ltr'>tuto</span> <span class='ocrx_word' id='word_1_521' title='bbox 1466 2260 1600 2298; x_wconf 83' lang='lat' dir='ltr'>navigari</span> 
     </span>
     <span class='ocr_line' id='line_1_91' title="bbox 894 2298 1601 2340; baseline -0.003 -10"><span class='ocrx_word' id='word_1_522' title='bbox 894 2304 1014 2340; x_wconf 86' lang='lat' dir='ltr'>potest·‚</span> <span class='ocrx_word' id='word_1_523' title='bbox 1034 2299 1074 2327; x_wconf 82' lang='lat' dir='ltr'>cf.</span> <span class='ocrx_word' id='word_1_524' title='bbox 1096 2298 1161 2327; x_wconf 87' lang='lat' dir='ltr'>Liv.</span> <span class='ocrx_word' id='word_1_525' title='bbox 1181 2298 1227 2333; x_wconf 85' lang='lat' dir='ltr'>X,</span> <span class='ocrx_word' id='word_1_526' title='bbox 1246 2298 1281 2335; x_wconf 82' lang='lat'>2)</span> <span class='ocrx_word' id='word_1_527' title='bbox 1298 2300 1518 2335; x_wconf 67' lang='lat' dir='ltr'>praetervectus</span> <span class='ocrx_word' id='word_1_528' title='bbox 1536 2304 1601 2328; x_wconf 77' lang='lat' dir='ltr'>erat</span> 
     </span>
     <span class='ocr_line' id='line_1_92' title="bbox 896 2335 1601 2375; baseline -0.003 -7"><span class='ocrx_word' id='word_1_529' title='bbox 896 2340 992 2368; x_wconf 88' lang='lat' dir='ltr'>sinum</span> <span class='ocrx_word' id='word_1_530' title='bbox 1006 2337 1228 2375; x_wconf 64' lang='lat' dir='ltr'>Tergefflnum,</span> <span class='ocrx_word' id='word_1_531' title='bbox 1243 2335 1273 2364; x_wconf 91' lang='lat' dir='ltr'>in</span> <span class='ocrx_word' id='word_1_532' title='bbox 1287 2345 1373 2373; x_wconf 89' lang='lat' dir='ltr'>quem</span> <span class='ocrx_word' id='word_1_533' title='bbox 1390 2335 1531 2365; x_wconf 84' lang='lat' dir='ltr'>Timavus</span> <span class='ocrx_word' id='word_1_534' title='bbox 1546 2337 1601 2366; x_wconf 86' lang='lat' dir='ltr'>im-</span> 
     </span>
     <span class='ocr_line' id='line_1_93' title="bbox 895 2374 1600 2413; baseline -0.001 -7"><span class='ocrx_word' id='word_1_535' title='bbox 895 2377 1046 2412; x_wconf 84' lang='lat' dir='ltr'>mittitur,·</span> <span class='ocrx_word' id='word_1_536' title='bbox 1075 2376 1112 2404; x_wconf 87' lang='lat' dir='ltr'>de</span> <span class='ocrx_word' id='word_1_537' title='bbox 1140 2384 1200 2413; x_wconf 91' lang='lat' dir='ltr'>quo</span> <span class='ocrx_word' id='word_1_538' title='bbox 1227 2375 1353 2412; x_wconf 81' lang='lat' dir='ltr'>ejusque</span> <span class='ocrx_word' id='word_1_539' title='bbox 1380 2374 1476 2403; x_wconf 82' lang='lat' dir='ltr'>oribus</span> <span class='ocrx_word' id='word_1_540' title='bbox 1503 2386 1600 2405; x_wconf 83' lang='lat' dir='ltr'>novem</span> 
     </span>
     <span class='ocr_line' id='line_1_94' title="bbox 893 2412 1599 2452; baseline -0.003 -7"><span class='ocrx_word' id='word_1_541' title='bbox 893 2417 956 2445; x_wconf 81' lang='lat' dir='ltr'>vid.</span> <span class='ocrx_word' id='word_1_542' title='bbox 978 2416 1053 2444; x_wconf 89' lang='lat' dir='ltr'>Not.</span> <span class='ocrx_word' id='word_1_543' title='bbox 1074 2415 1111 2443; x_wconf 87' lang='lat' dir='ltr'>ad</span> <span class='ocrx_word' id='word_1_544' title='bbox 1135 2413 1201 2443; x_wconf 85' lang='lat' dir='ltr'>Ecl.</span> <span class='ocrx_word' id='word_1_545' title='bbox 1215 2412 1313 2445; x_wconf 82' lang='lat' dir='ltr'>vm,</span> <span class='ocrx_word' id='word_1_546' title='bbox 1332 2413 1361 2440; x_wconf 87' lang='grc'>6.</span> <span class='ocrx_word' id='word_1_547' title='bbox 1401 2413 1452 2442; x_wconf 74' lang='lat' dir='ltr'>Ex</span> <span class='ocrx_word' id='word_1_548' title='bbox 1473 2413 1511 2442; x_wconf 77' lang='lat' dir='ltr'>iis</span> <span class='ocrx_word' id='word_1_549' title='bbox 1529 2424 1599 2452; x_wconf 88' lang='lat' dir='ltr'>pro-</span> 
     </span>
     <span class='ocr_line' id='line_1_95' title="bbox 892 2450 1600 2492; baseline -0.003 -9"><span class='ocrx_word' id='word_1_550' title='bbox 892 2454 1006 2492; x_wconf 86' lang='lat' dir='ltr'>rumpit</span> <span class='ocrx_word' id='word_1_551' title='bbox 1019 2463 1095 2491; x_wconf 81' lang='lat' dir='ltr'>aqua</span> <span class='ocrx_word' id='word_1_552' title='bbox 1103 2461 1208 2490; x_wconf 86' lang='lat' dir='ltr'>magno</span> <span class='ocrx_word' id='word_1_553' title='bbox 1223 2461 1292 2480; x_wconf 88' lang='lat' dir='ltr'>cum</span> <span class='ocrx_word' id='word_1_554' title='bbox 1305 2450 1435 2489; x_wconf 86' lang='lat' dir='ltr'>fragore,</span> <span class='ocrx_word' id='word_1_555' title='bbox 1444 2456 1525 2481; x_wconf 77' lang='lat' dir='ltr'>vasto</span> <span class='ocrx_word' id='word_1_556' title='bbox 1536 2462 1600 2482; x_wconf 79' lang='lat' dir='ltr'>cum</span> 
     </span>
     <span class='ocr_line' id='line_1_96' title="bbox 897 2489 1600 2527; baseline -0.003 -6"><span class='ocrx_word' id='word_1_557' title='bbox 897 2501 1044 2521; x_wconf 80' lang='lat' dir='ltr'>murmure</span> <span class='ocrx_word' id='word_1_558' title='bbox 1057 2491 1162 2519; x_wconf 81' lang='lat' dir='ltr'>montis</span> <span class='ocrx_word' id='word_1_559' title='bbox 1172 2500 1183 2526; x_wconf 91' lang='grc'>,·</span> <span class='ocrx_word' id='word_1_560' title='bbox 1206 2489 1367 2527; x_wconf 84' lang='lat' dir='ltr'>statimque</span> <span class='ocrx_word' id='word_1_561' title='bbox 1387 2489 1416 2518; x_wconf 90' lang='lat' dir='ltr'>in</span> <span class='ocrx_word' id='word_1_562' title='bbox 1440 2500 1529 2519; x_wconf 89' lang='lat' dir='ltr'>unum</span> <span class='ocrx_word' id='word_1_563' title='bbox 1546 2492 1600 2519; x_wconf 84' lang='lat' dir='ltr'>flu-</span> 
     </span>
     <span class='ocr_line' id='line_1_97' title="bbox 898 2527 1598 2566; baseline -0.003 -6"><span class='ocrx_word' id='word_1_564' title='bbox 898 2541 967 2560; x_wconf 85' lang='lat' dir='ltr'>men</span> <span class='ocrx_word' id='word_1_565' title='bbox 996 2530 1121 2559; x_wconf 80' lang='lat' dir='ltr'>collecta</span> <span class='ocrx_word' id='word_1_566' title='bbox 1145 2528 1236 2556; x_wconf 85' lang='lat' dir='ltr'>maris</span> <span class='ocrx_word' id='word_1_567' title='bbox 1259 2527 1391 2566; x_wconf 85' lang='lat' dir='ltr'>speciem</span> <span class='ocrx_word' id='word_1_568' title='bbox 1416 2529 1517 2563; x_wconf 86' lang='lat' dir='ltr'>refert,</span> <span class='ocrx_word' id='word_1_569' title='bbox 1539 2530 1598 2558; x_wconf 86' lang='lat' dir='ltr'>late</span> 
     </span>
     <span class='ocr_line' id='line_1_98' title="bbox 894 2565 1599 2608; baseline -0.004 -10"><span class='ocrx_word' id='word_1_570' title='bbox 894 2579 981 2608; x_wconf 81' lang='lat' dir='ltr'>agros</span> <span class='ocrx_word' id='word_1_571' title='bbox 999 2567 1189 2596; x_wconf 82' lang='lat' dir='ltr'>inundantis:</span> <span class='ocrx_word' id='word_1_572' title='bbox 1212 2565 1243 2595; x_wconf 84' lang='lat' dir='ltr'>It</span> <span class='ocrx_word' id='word_1_573' title='bbox 1266 2576 1346 2594; x_wconf 81' lang='lat' dir='ltr'>mare</span> <span class='ocrx_word' id='word_1_574' title='bbox 1365 2572 1551 2606; x_wconf 74' lang='lat' dir='ltr'>proruptum,</span> <span class='ocrx_word' id='word_1_575' title='bbox 1572 2572 1599 2595; x_wconf 77' lang='lat' dir='ltr'>et</span> 
     </span>
    </p>
   </div>
   <div class='ocr_carea' id='block_1_19' title="bbox 887 2604 1598 2649">
    <p class='ocr_par' dir='ltr' id='par_1_19' title="bbox 887 2604 1598 2649">
     <span class='ocr_line' id='line_1_99' title="bbox 887 2604 1598 2649; baseline -0.003 -13"><span class='ocrx_word' id='word_1_576' title='bbox 887 2619 920 2647; x_wconf 79' lang='lat' dir='ltr'>p.</span> <span class='ocrx_word' id='word_1_577' title='bbox 943 2618 963 2636; x_wconf 74' lang='lat'>2.</span> <span class='ocrx_word' id='word_1_578' title='bbox 995 2606 1040 2635; x_wconf 87' lang='lat' dir='ltr'>H.</span> <span class='ocrx_word' id='word_1_579' title='bbox 1063 2609 1242 2644; x_wconf 77' lang='lat' dir='ltr'>proruptum,</span> <span class='ocrx_word' id='word_1_580' title='bbox 1264 2604 1347 2643; x_wconf 91' lang='lat' dir='ltr'>quod</span> <span class='ocrx_word' id='word_1_581' title='bbox 1365 2615 1432 2634; x_wconf 90' lang='lat' dir='ltr'>cum</span> <span class='ocrx_word' id='word_1_582' title='bbox 1447 2607 1475 2634; x_wconf 86' lang='lat' dir='ltr'>vi</span> <span class='ocrx_word' id='word_1_583' title='bbox 1489 2605 1598 2649; x_wconf 60' lang='lat' dir='ltr'>erupit.</span> 
     </span>
    </p>
   </div>
   <div class='ocr_carea' id='block_1_20' title="bbox 893 2643 1603 2799">
    <p class='ocr_par' dir='ltr' id='par_1_20' title="bbox 893 2643 1603 2799">
     <span class='ocr_line' id='line_1_100' title="bbox 901 2643 1598 2681; baseline -0.006 -6"><span class='ocrx_word' id='word_1_584' title='bbox 901 2647 912 2675; x_wconf 78' lang='lat' dir='ltr'>l</span> <span class='ocrx_word' id='word_1_585' title='bbox 938 2645 1057 2675; x_wconf 80' lang='lat' dir='ltr'>.--Hic</span> <span class='ocrx_word' id='word_1_586' title='bbox 1073 2649 1167 2672; x_wconf 77' lang='lat' dir='ltr'>tamen</span> <span class='ocrx_word' id='word_1_587' title='bbox 1184 2644 1264 2672; x_wconf 81' lang='lat' dir='ltr'>refer</span> <span class='ocrx_word' id='word_1_588' title='bbox 1278 2643 1314 2672; x_wconf 91' lang='lat' dir='ltr'>ad</span> <span class='ocrx_word' id='word_1_589' title='bbox 1337 2643 1477 2681; x_wconf 83' lang='lat' dir='ltr'>Illyricos</span> <span class='ocrx_word' id='word_1_590' title='bbox 1498 2653 1598 2679; x_wconf 81' lang='lat' dir='ltr'>smus;</span> 
     </span>
     <span class='ocr_line' id='line_1_101' title="bbox 893 2681 1596 2720; baseline -0.004 -7"><span class='ocrx_word' id='word_1_591' title='bbox 893 2686 923 2713; x_wconf 91' lang='lat' dir='ltr'>in</span> <span class='ocrx_word' id='word_1_592' title='bbox 939 2685 986 2713; x_wconf 80' lang='lat' dir='ltr'>his</span> <span class='ocrx_word' id='word_1_593' title='bbox 1002 2683 1062 2712; x_wconf 82' lang='lat' dir='ltr'>oris</span> <span class='ocrx_word' id='word_1_594' title='bbox 1071 2681 1332 2716; x_wconf 85' lang='lat' dir='ltr'>litorisAdriatici,</span> <span class='ocrx_word' id='word_1_595' title='bbox 1343 2686 1374 2710; x_wconf 89' lang='lat' dir='ltr'>et</span> <span class='ocrx_word' id='word_1_596' title='bbox 1383 2683 1516 2720; x_wconf 84' lang='lat' dir='ltr'>quidem,</span> <span class='ocrx_word' id='word_1_597' title='bbox 1528 2691 1596 2710; x_wconf 90' lang='lat' dir='ltr'>cum</span> 
     </span>
     <span class='ocr_line' id='line_1_102' title="bbox 893 2719 1599 2758; baseline -0.006 -7"><span class='ocrx_word' id='word_1_598' title='bbox 893 2724 931 2751; x_wconf 83' lang='lat' dir='ltr'>ad</span> <span class='ocrx_word' id='word_1_599' title='bbox 945 2722 1066 2751; x_wconf 85' lang='lat' dir='ltr'>intimos</span> <span class='ocrx_word' id='word_1_600' title='bbox 1078 2721 1159 2750; x_wconf 83' lang='lat' dir='ltr'>sinus</span> <span class='ocrx_word' id='word_1_601' title='bbox 1169 2730 1306 2750; x_wconf 83' lang='lat' dir='ltr'>recessus</span> <span class='ocrx_word' id='word_1_602' title='bbox 1315 2724 1511 2758; x_wconf 81' lang='lat' dir='ltr'>penetrasset,</span> <span class='ocrx_word' id='word_1_603' title='bbox 1522 2719 1599 2748; x_wconf 85' lang='lat' dir='ltr'>inter</span> 
     </span>
     <span class='ocr_line' id='line_1_103' title="bbox 895 2758 1603 2799; baseline -0.006 -9"><span class='ocrx_word' id='word_1_604' title='bbox 895 2762 1051 2799; x_wconf 79' lang='lat' dir='ltr'>Euganeos</span> <span class='ocrx_word' id='word_1_605' title='bbox 1063 2769 1072 2798; x_wconf 77' lang='lat'>5</span> <span class='ocrx_word' id='word_1_606' title='bbox 1102 2759 1153 2798; x_wconf 90' lang='lat' dir='ltr'>qui</span> <span class='ocrx_word' id='word_1_607' title='bbox 1175 2763 1237 2788; x_wconf 85' lang='lat' dir='ltr'>tum</span> <span class='ocrx_word' id='word_1_608' title='bbox 1266 2759 1330 2788; x_wconf 74' lang='lat' dir='ltr'>baec</span> <span class='ocrx_word' id='word_1_609' title='bbox 1357 2758 1424 2787; x_wconf 72' lang='lat' dir='ltr'>loca</span> <span class='ocrx_word' id='word_1_610' title='bbox 1449 2758 1603 2792; x_wconf 67' lang='lat' dir='ltr'>tenebant,</span> 
     </span>
    </p>
   </div>
  </div>
 </body>
</html>
