1796 3077
503 256 773 296 AENEIDOS.
830 255 936 296 LlB.
966 256 1060 294 XII.
1473 262 1562 307 631

110 375 379 432 Prospiciens
401 375 562 416 tumulo
581 389 776 430 campum
796 374 1056 430 aspectabat,
1076 380 1121 414 et
1139 373 1300 423 ambas,

109 433 375 475 Laurentum
395 431 660 486 Troumque,
678 433 790 474 acies
810 432 1046 484 urbemque
1070 429 1228 471 Latini.

109 488 342 543 Extemplo
363 488 502 529 Turni
522 489 582 530 sic
602 496 667 529 est
688 487 816 529 affata
838 501 1040 535 sororem,

108 545 222 585 Diva
242 546 377 594 deam,
400 545 558 599 stagnis
578 558 675 598 quae
694 544 1024 597 fluminibusque
1045 542 1207 583 sonoris

108 600 341 650 Praesidet;
371 599 485 642 hunc
504 599 564 641 illi
583 615 660 641 rex
679 600 850 641 aetheris
869 599 978 640 altus
1000 598 1206 640 honorem
1482 596 1562 637 140

105 656 282 710 Jupiter
300 664 448 710 erepta
468 671 547 711 pro
567 657 806 711 virginitate
827 656 1006 698 sacravit
1024 670 1033 695 z

108 711 328 766 Nympha,
350 713 480 753 decus
500 713 739 762 fluviorum,
760 712 899 753 animo
920 711 1156 766 gratissima
1175 716 1336 758 nostro,

110 768 218 817 Scis,
238 776 286 809 ut
305 776 346 809 te
367 769 529 809 cunctis
549 783 687 818 unam,
709 782 986 822 quaecumque
1004 767 1171 807 Latinae

110 823 374 878 Magnanimi
393 823 422 863 J
424 825 512 864 ovis
531 824 743 878 ingratum
761 824 992 865 ascendere
1011 822 1165 872 cubile,

111 879 391 928 Praetulerim,
412 879 594 933 coelique
613 879 763 921 lubens
783 881 827 920 in
846 887 967 933 parte
986 878 1158 920 locarim
1174 893 1184 918 ε
1486 874 1565 916 145

110 934 243 977 Disce
263 943 394 983 tuum,
411 948 464 976 ne
484 950 551 976 me
572 935 751 984 incuses,
774 935 971 984 Juturna,
992 935 1197 975 dolorem.

111 991 211 1038 Qua
231 992 320 1031 visa
340 998 404 1032 est
423 990 593 1032 fortuna
613 992 716 1045 pati,
743 991 977 1045 Parcaeque
999 992 1193 1032 sinebant

112 1047 279 1088 Cedere
299 1061 366 1088 res
384 1046 523 1096 Latio,
541 1047 739 1088 Turnum
758 1055 802 1088 et
822 1056 896 1088 tua
915 1047 1071 1088 moenia
1090 1047 1200 1087 texi:

110 1103 242 1144 Nunc
256 1103 457 1156 juvenem
477 1103 707 1157 imparibus
728 1103 851 1144 video
872 1117 1124 1145 concurrere
1144 1101 1254 1151 fatis,

113 1158 428 1212 Parcarumque
450 1158 540 1199 dies
561 1166 603 1199 et
623 1159 683 1199 vis
705 1160 869 1200 inimica
887 1159 1160 1213 propinquat.
1484 1154 1566 1194 150

111 1214 217 1254 Non
235 1229 425 1268 pugnam
444 1215 633 1267 aspicere
653 1214 763 1255 hanc
783 1214 927 1263 oculis,
947 1229 1034 1254 non
1053 1214 1219 1254 foedera
1236 1225 1424 1266 possum.

112 1270 198 1318 Tu,
218 1285 296 1324 pro
319 1284 520 1323 germano
541 1270 576 1310 si
595 1270 700 1323 quid
720 1271 972 1324 praesentius
995 1270 1140 1317 audes,

114 1325 255 1380 Perge
274 1342 285 1374 ς
317 1326 453 1366 decet.
513 1325 676 1366 Forsan
695 1327 870 1367 miseros
890 1324 1063 1366 meliora
1084 1329 1330 1377 sequentur.

112 1381 202 1422 Vix
222 1396 298 1423 ea:
330 1395 461 1434 quum
478 1380 671 1421 lacrimas
693 1381 824 1422 oculis
843 1381 1031 1421 «Iuturna
1050 1380 1254 1434 profudit.

113 1437 287 1491 Terque
307 1444 542 1489 quaterque
562 1451 689 1477 manu
708 1443 857 1490 pectus
876 1437 1087 1490 percussit
1105 1435 1354 1482 honestum;
1488 1431 1568 1471 155

113 1493 218 1534 Non
236 1492 415 1533 lacrimis
435 1492 517 1532 hoc
538 1499 720 1546 tempus,
742 1493 799 1533 ait
819 1492 1017 1533 Saturnia
1037 1491 1177 1540 Jun03

114 1548 337 1597 Accelera,
358 1556 400 1589 et
419 1548 604 1597 fratrem,
627 1549 661 1589 si
681 1549 774 1602 quis
794 1549 958 1597 modus,
979 1549 1096 1602 eripe
1115 1546 1265 1597 morti3

115 1604 209 1646 Aut
229 1612 277 1646 tu
296 1603 408 1645 bella
427 1604 506 1653 cie,
528 1613 866 1658 conceptumque
889 1612 1041 1645 excute
1062 1604 1219 1645 foedus.

117 1661 284 1702 Auctor
304 1675 384 1715 ego
405 1660 606 1701 audendi.
663 1660 734 1702 Sic
755 1660 980 1702 exhortata
998 1660 1168 1713 reliquit

115 1718 338 1766 Incertam,
359 1723 402 1757 et
420 1717 528 1756 tristi
547 1717 761 1757 turbatam
780 1716 953 1757 vulnere
974 1718 1140 1757 mentis.
1489 1711 1569 1752 160

174 1773 345 1814 Interea
365 1786 501 1826 reges,
522 1773 686 1827 ingenti
703 1772 812 1813 mole
835 1772 1014 1813 Latinus

120 1829 391 1882 Quadrijugo
410 1828 580 1869 vehitur
600 1843 740 1878 curru,
762 1829 829 1870 cui
849 1836 1040 1882 tempora
1060 1827 1218 1869 circum

117 1884 273 1926 Aurati
292 1885 356 1925 bis
378 1898 453 1925 sex
472 1885 581 1925 radii
600 1883 806 1939 fulgentia
826 1885 1014 1938 cingunt,

119 1940 229 1982 Solis
248 1940 317 1981 avi
336 1941 573 1994 specimen3
604 1941 713 1994 bigis
733 1941 766 1981 it
786 1940 960 1981 Turnus
983 1940 1027 1980 in
1045 1938 1165 1988 albis,

120 2075 322 2104 cessit.—139
338 2074 472 2104 Juturna
487 2074 610 2112 proprie
629 2073 715 2103 unius
737 2073 827 2102 fontis
867 2073 905 2102 iis
918 2072 1064 2102 recedere
1079 2076 1197 2102 monet:
1213 2072 1282 2100 vide
1296 2072 1372 2101 Stat.
1382 2072 1460 2106 VII,
1476 2073 1574 2102 Theb.

120 2113 264 2150 Nympha
290 2119 348 2148 est,
369 2113 421 2150 qui
450 2123 508 2141 non
533 2113 621 2149 longe
651 2123 668 2141 a
695 2111 827 2140 Numicii
868 2112 928 2140 789
955 2114 985 2139 et
1012 2111 1050 2139 ΙΙ.
1078 2124 1108 2144 χ,
1135 2111 1301 2138 213.-153
1329 2110 1502 2147 decet-plus
1528 2115 1577 2139 est

121 2151 203 2178 fonte
227 2151 338 2185 aberat,
362 2161 401 2179 ex
423 2151 532 2179 montis
549 2150 660 2179 Albani
678 2150 830 2178 radicibus
871 2159 960 2187 quam
994 2149 1078 2176 licet.
1110 2151 1124 2175 ἕ
1127 2161 1197 2175 ιιιιιι
1203 2149 1362 2185 .—forsan.
1397 2148 1483 2176 Serv.
1513 2152 1577 2177 “ut

121 2198 314 2226 progressus,
336 2198 409 2217 mox
432 2189 462 2216 in
482 2189 581 2217 lacum
603 2188 733 2216 diffusus
751 2192 781 2216 et
802 2188 831 2216 in
872 2188 949 2215 forte
976 2187 1073 2224 possit
1095 2187 1223 2214 satorum
1241 2186 1317 2214 ordo
1336 2185 1575 2214 mutari.’'—l55

125 2227 261 2254 Tiberim
278 2226 409 2254 delatus.
450 2226 566 2254 Habita
586 2227 731 2263 Nympha
752 2226 830 2253 inter
870 2225 1026 2258 honestum,
1047 2224 1219 2262 pulchrum,
1234 2234 1272 2252 ex
1288 2228 1383 2257 maor,
1405 2227 1439 2251 ut
1458 2224 1515 2252 Ge.
1529 2224 1577 2253 Π.

125 2265 198 2292 deas
213 2264 387 2292 Latinorum
399 2264 563 2302 indigenas.
605 2264 686 2292 Diva
705 2264 787 2292 (leam
801 2264 830 2290 h.
871 2264 929 2291 392
944 2273 949 2290 t
973 2267 1057 2301 caput
1073 2262 1325 2290 honestum—157
1348 2262 1374 2289 si
1394 2262 1460 2299 quis
1478 2262 1578 2290 modas

122 2303 179 2331 dea
201 2303 300 2335 deam,
321 2301 391 2330 nibil
418 2302 655 2340 amplius—141
688 2301 831 2330 sacravit:
873 2301 1026 2338 exquisite
1047 2310 1123 2338 pro:
1147 2310 1322 2337 quocunque
1346 2301 1456 2334 mod03
1487 2300 1578 2328 etiam

125 2351 193 2369 cum
218 2340 334 2368 dilectu
357 2340 490 2376 positum
514 2341 651 2372 verbum,
676 2349 731 2377 pro
746 2339 833 2368 dedit,
873 2340 962 2367 docte
988 2348 1057 2366 mox
1087 2343 1217 2366 excutere
1241 2347 1297 2375 pro
1321 2342 1491 2371 concutere,
1513 2342 1579 2366 tur-

125 2379 222 2407 —142
237 2378 486 2413 decusfluviofflm
502 2378 665 2415 simpl.pro
678 2387 834 2414 aquarum,
875 2378 960 2406 bare.
976 2380 1119 2411 σιηχέεινς
1141 2376 1217 2409 Vll,
1234 2377 1310 2411 3393
1332 2375 1580 2413 dirsjicerepacem.

125 2417 365 2445 seminia—144
391 2416 537 2453 ingratum
553 2415 654 2450 ‘cubile
666 2426 675 2443 .·
706 2416 735 2444 h.
764 2415 836 2443 mihi
877 2415 1044 2443 Consilium
1065 2421 1164 2443 autem
1180 2414 1305 2443 sunonis
1323 2424 1362 2442 ex
1377 2414 1513 2442 Homero
1526 2423 1580 2452 pe-

127 2455 269 2485 invisum,
294 2458 439 2492 quatenus
462 2454 491 2481 in
516 2464 551 2482 eo
578 2454 701 2492 pellices
728 2454 838 2482 Junoni
878 2454 967 2482 titum
993 2453 1033 2480 11.
1058 2457 1082 2485 ὸ,
1106 2454 1145 2481 64
1165 2453 1330 2489 sqq—160
1351 2451 1506 2480 incertam:
1528 2457 1580 2480 aut

126 2493 232 2522 invisae
254 2492 343 2522 Jovis
378 2491 569 2529 amplexibus
592 2492 840 2520 tenentur.—l43
878 2496 978 2520 utrum
1007 2491 1130 2523 faceret,
1159 2496 1208 2518 aut
1236 2491 1274 2518 de
1301 2495 1421 2518 eventu,
1452 2490 1531 2518 Nam
1550 2500 1581 2518 v.

130 2531 237 2560 Cedere
252 2541 299 2559 res
315 2530 414 2564 Latio,
440 2529 556 2558 Latinis
587 2540 635 2558 res
659 2530 836 2567 procedere,
877 2531 934 2558 153
948 2540 955 2558 ·.
969 2530 1076 2567 forsan
1094 2529 1213 2557 miseros
1227 2527 1342 2557 meliora
1354 2532 1518 2566 sequentur.

129 2579 182 2598 eos
195 2570 316 2597 fortuna
331 2567 467 2597 secunda
485 2568 640 2597 ath—151
655 2569 838 2606 Comparant
917 2569 971 2597 161
1007 2566 1117 2605 ingenti
1151 2567 1235 2600 mole,
1273 2575 1381 2604 magna
1416 2565 1584 2600 molitione,

130 2607 169 2636 ΙΙ.
182 2621 209 2642 γ,
223 2608 293 2636 305.
307 2607 376 2635 306.
391 2605 496 2634 saltem
514 2606 552 2635 ad
566 2606 670 2634 verba.
711 2607 761 2635 Ad
776 2616 838 2634 rem
878 2610 1033 2644 apparatu.
1089 2605 1212 2633 Servius
1228 2615 1234 2634 :
1288 2614 1409 2642 pompa,
1458 2604 1587 2632 ambitu,

130 2646 200 2673 nota
228 2645 328 2674 Servii
356 2644 440 2678 facit,
469 2644 521 2682 qui
557 2644 685 2678 numina,
719 2645 838 2682 quoties
879 2645 986 2673 -163.
1007 2644 1062 2672 164
1081 2652 1190 2671 corona
1212 2643 1327 2671 radiata
1350 2646 1472 2671 ornatus
1498 2641 1582 2669 Lati-

132 2683 294 2714 morituros
307 2682 438 2714 viderint
458 2691 522 2719 eos,
544 2682 655 2722 quibus
677 2682 789 2717 favent,
804 2683 840 2712 ab
882 2692 938 2713 nus
965 2681 994 2712 in
1025 2681 1129 2720 stirpis
1156 2691 1172 2710 a
1194 2681 1266 2711 Sole
1295 2681 1396 2710 ductae
1428 2688 1587 2718 argumen-
