1796 3077
550 171 891 211 GEORGICON.
947 171 1048 210 LIB.
1079 171 1153 210 ΙΙΙ.

1515 180 1602 224 149

133 296 396 351 Invalidique
417 302 584 351 patrum
605 296 791 338 referant
803 295 968 351 jejunia
987 295 1088 336 nati.

134 353 234 408 Ipsa
254 362 393 395 autem
413 354 545 395 macie
566 361 741 395 tenuant
761 360 949 394 armenta
968 352 1170 401 volentes,

133 410 291 464 Atque,
311 411 386 452 ubi
405 412 655 452 concubitus
676 410 833 466 primos
847 411 936 464 jam
955 417 1056 450 nota
1075 409 1269 463 voluptas

1513 410 1591 449 130

134 467 352 517 Sollicitat,
373 467 632 522 frondesque
649 474 805 522 negant
825 474 868 508 et
888 467 1076 507 fontibus
1096 473 1252 508 arcent.

133 524 260 579 Saepe
279 525 404 566 etiam
425 539 551 567 cursu
571 525 780 579 quatiunt,
802 530 845 565 et
867 522 954 565 sole
976 523 1167 578 fatigant,

132 580 279 628 Quum
299 582 482 637 graviter
501 583 634 623 tunsis
654 581 784 637 gemit
802 595 901 622 area
920 580 1127 634 frugibus,
1155 587 1198 622 et
1217 593 1346 633 quum

133 637 389 693 Surgentem
410 639 464 680 ad
484 639 716 694 zephyrum
734 637 869 693 paleae
885 637 1101 692 jactantur
1120 638 1279 678 inanes.

132 693 232 736 Hoc
252 695 424 746 faciunt,
445 697 570 737 nimio
591 710 645 737 ne
666 695 771 736 luxu
790 695 981 736 obtusior
1000 708 1101 735 usus

1512 691 1590 732 135

134 751 200 792 Sit
218 751 390 807 genitali
409 768 524 801 arvo,
545 759 587 794 et
605 751 743 793 sulcos
762 750 938 792 oblimet
957 752 1125 800 inertes,

133 808 222 850 Sed
242 810 378 863 rapiat
397 809 539 850 sitiens
561 808 788 854 Venerem,
808 808 1069 860 interiusque
1090 806 1306 847 recondat.

192 865 359 907 Rursus
380 880 482 907 cura
497 872 666 920 patrum
684 864 851 912 cadere,
873 870 916 904 et
939 864 1166 904 succedere
1186 871 1365 903 matrum

133 921 298 977 Incipit.

361 922 537 964 Exactis
557 922 744 977 gravidae
764 934 895 974 quum
915 920 1128 961 mensibus
1153 926 1310 967 errant,

133 979 236 1020 Non
255 979 346 1019 illas
367 980 565 1034 gravibus
585 979 809 1033 quisquam
821 978 928 1031 juga
947 977 1104 1018 ducere
1126 976 1335 1031 plaustris,

1514 974 1592 1015 140

132 1035 235 1076 Non
256 1035 364 1077 saltu
385 1050 585 1091 superare
605 1036 713 1076 viam
735 1035 787 1075 sit
805 1048 968 1088 passus,
989 1042 1032 1074 et
1052 1035 1137 1075 acri

137 1093 323 1147 Carpere
343 1100 465 1147 prata
485 1093 599 1147 fuga,
621 1092 857 1144 fluviosque
877 1090 1021 1131 innare
1041 1105 1236 1145 rapaces:

133 1149 319 1190 Saltibus
335 1150 378 1191 in
397 1150 539 1191 vacuis
558 1155 746 1204 pascant,
769 1154 811 1188 et
832 1146 958 1201 plena
978 1147 1210 1189 secundum

135 1205 340 1257 Flumina,
362 1221 531 1249 muscus
551 1207 625 1247 ubi
645 1212 687 1246 et
702 1204 951 1245 viridissima
970 1205 1156 1258 gramine
1176 1204 1279 1258 ripa,

131 1317 185 1348 deo
198 1328 321 1358 ervoque
332 1317 518 1358 sayinandns,
532 1322 563 1347 ut
576 1317 687 1348 Veneri
696 1318 843 1357 supersit3

132 1362 296 1397 quantoque
312 1359 426 1396 sortior
445 1357 555 1392 inierit,
577 1358 713 1395 firmiora
737 1357 845 1386 semina

129 1396 261 1435 proebeat
279 1399 393 1436 faturae
412 1396 508 1434 stirpi.
531 1396 571 1425 cf.
591 1397 679 1426 eund.
702 1396 749 1425 VI
754 1418 761 1430 ,
784 1397 843 1425 24:

139 1436 224 1464 Varr.
239 1436 287 1471 ΙΙ,
302 1438 331 1471 5,
346 1436 398 1475 qui
412 1439 443 1465 et
459 1435 506 1470 II,
522 1435 551 1470 2,
568 1436 605 1464 13
621 1435 738 1464 ordeum
757 1435 784 1464 si
803 1441 846 1465 est

134 1473 244 1509 datum,
262 1475 410 1511 firmiores
419 1475 497 1512 fiunt
510 1475 548 1502 acl
559 1474 683 1503 laborem
703 1474 845 1502 sustinen-

132 1513 211 1548 dum,
232 1514 310 1543 conf.
323 1524 414 1553 supra
426 1513 464 1542 ad
478 1523 507 1542 v.
521 1514 669 1542 97--129
683 1513 773 1550 Ipsas
795 1522 845 1541 au-

134 1555 195 1581 tem
217 1552 352 1588 feminas,
367 1561 459 1591 equas
475 1555 507 1580 et
522 1560 639 1584 vaccas,
654 1553 721 1579 ante
737 1550 847 1578 admis-

134 1600 232 1620 suram
249 1591 287 1620 de
301 1591 439 1621 instituto
459 1594 622 1619 extenuare
637 1588 847 1618 solent—Vo-

133 1629 270 1668 luptatem
278 1629 328 1659 hio
339 1627 675 1662 stimulos,desiderium
686 1627 848 1665 voluptatis

134 1678 214 1702 esse,
226 1669 359 1697 obvium.
373 1668 413 1696 cf.
426 1667 493 1696 Ecl.
505 1667 553 1700 ΙΙ,
565 1668 603 1695 65
616 1676 622 1693 z
645 1666 714 1696 AEn.
723 1665 767 1700 X,
778 1667 847 1694 846.

136 1707 183 1735 Ea
196 1706 336 1751 voluptas
354 1705 490 1734 sollicitat
508 1705 691 1740 concubitum
713 1705 770 1733 hoe
783 1714 845 1733 ma-

136 1745 183 1783 gis
195 1746 316 1783 poetice
329 1745 439 1773 dicitur
451 1754 538 1783 quam
550 1755 556 1772 :
575 1743 726 1778 sollicitat,
741 1743 845 1772 stimu-

134 1784 177 1813 lat
192 1794 243 1812 eas
258 1784 295 1812 ad
309 1783 494 1812 concubitus.
514 1787 583 1811 uota
596 1781 737 1820 voluptas,
758 1783 845 1819 cujus

131 1824 194 1861 jam
208 1832 326 1851 sensum
338 1822 460 1855 habent,
473 1831 562 1860 quam
574 1821 683 1850 sentire
692 1820 846 1858 incipiunt.

136 1860 248 1890 Notum
269 1860 345 1890 enim
365 1860 511 1889 latissime
526 1863 610 1897 patet
631 1859 731 1898 poe'tis
753 1859 790 1887 ad
812 1868 848 1888 ea

135 1910 194 1928 non
227 1899 327 1933 modo,
362 1898 472 1937 quibus
501 1898 705 1932 adsuevimus,
741 1907 846 1927 verum

135 1939 237 1973 etiam,
261 1937 290 1967 in
315 1937 424 1977 quibus
444 1947 512 1966 cum
532 1937 661 1966 maxime
681 1946 846 1971 versamur,

137 1987 205 2016 quae
230 1976 386 2011 sentimus,
407 1985 534 2015 quorum
554 1976 665 2005 conscii
685 1985 799 2010 sumus,
817 1979 847 2004 et

135 2026 204 2054 quae
216 2025 403 2055 quocumque
415 2015 474 2045 alio
483 2015 572 2044 modo
583 2023 638 2043 nos
649 2014 846 2053 attingunt.—

136 2055 195 2083 132
215 2053 360 2093 quatiunt,
386 2054 508 2093 agitant,
528 2053 698 2088 conficiunt,
717 2056 751 2081 ut
765 2053 846 2082 vires

135 2093 417 2122 relaxentur.——l33
431 2092 470 2121 cf.
486 2092 542 2121 Ge.
562 2093 592 2127 I,
613 2093 670 2121 192
685 2095 717 2121 et
729 2091 799 2120 298.
816 2091 845 2120 h.

137 2131 237 2160 medio
266 2135 353 2160 aestu.
401 2131 507 2161 Mense
535 2130 619 2161 Julio
650 2130 846 2160 admittuntur

138 2169 217 2199 tauri
233 2179 241 2206 3
276 2173 304 2198 at
332 2169 400 2208 equi
419 2171 481 2208 jam
506 2169 576 2199 inde
602 2170 639 2198 ab
666 2168 845 2207 aequinoctio

136 2208 339 2238 verum—134
361 2207 455 2245 paleae
475 2218 492 2237 a
509 2208 665 2237 frumentis
685 2211 845 2245 separatae,

138 2247 228 2276 flante
242 2245 387 2280 Favonio,
400 2246 517 2275 Colum.
526 2247 629 2281 11,21,
640 2247 777 2276 5.—135.
789 2247 846 2275 136

138 2286 188 2315 Ne
201 2288 301 2324 partes
323 2283 465 2323 genitales
484 2284 542 2313 sint
560 2285 740 2320 obtusiores,
757 2284 846 2314 nimia

140 2323 300 2358 obesitate,
319 2323 357 2352 ad
371 2332 468 2357 usum,
483 2333 572 2361 quem
584 2323 695 2353 habent
706 2324 735 2352 in
749 2323 846 2352 conci-

138 2363 251 2402 piendo
263 2362 337 2391 fetu.
378 2360 459 2390 Hinc
476 2371 544 2390 usus
563 2372 618 2400 pro
639 2362 649 2392 i
673 2372 708 2392 sa
724 2372 767 2397 re,
789 2372 848 2400 qna

141 2402 208 2440 quis
223 2401 330 2430 utitur.
348 2399 412 2429 vid.
427 2399 502 2428 Not.
517 2400 553 2428 ad
568 2401 624 2430 Ge.
656 2400 686 2436 I,
705 2401 765 2429 466
778 2411 848 2429 usus

140 2440 219 2476 olivi,
241 2440 272 2469 h.
298 2439 409 2473 oleum,
430 2447 489 2477 quo
508 2442 641 2468 utuntur.
665 2441 751 2475 (usus
770 2439 846 2477 ipse,

141 2479 204 2517 qui,
228 2482 263 2507 ut
284 2477 430 2507 vocabulo
452 2476 561 2505 infimae
578 2477 749 2506 Latinitatis
768 2482 846 2512 utar,

142 2522 190 2546 est
202 2517 347 2546 idoneitas
361 2516 398 2545 ad
412 2514 647 2553 concipiendum,
668 2515 779 2545 dicitur
798 2516 847 2545 ob-

142 2560 234 2591 tusus,
256 2555 286 2585 h.
299 2566 327 2584 e.
349 2554 522 2583 imminutus
542 2563 594 2582 seu
617 2553 761 2582 infractus
781 2554 848 2583 luxu

142 2593 241 2623 nimio.
279 2594 329 2623 Ad
341 2592 593 2622 constructionem
615 2601 769 2630 compares
793 2594 848 2622 Ge.

146 2633 175 2665 I,
189 2633 259 2661 395.
291 2632 370 2661 Nam
381 2642 415 2660 ne
437 2643 470 2661 ue
486 2635 546 2659 tum
560 2629 650 2659 stellis
662 2630 738 2658 acies
749 2630 849 2659 obtusa

143 2671 238 2707 (aasz)
251 2671 371 2699 videtur.
429 2670 456 2707 .)
497 2669 566 2699 Hoc
577 2669 655 2698 idem
670 2668 849 2707 exprimitur

145 2709 238 2740 altero
263 2710 409 2739 membro:
433 2719 466 2738 ne
487 2708 582 2744 laxas,
608 2707 763 2738 luxurians
783 2708 848 2746 pin-

885 1317 993 1355 guedo,
1022 1316 1135 1346 oblimet
1161 1316 1254 1345 sulcos
1282 1316 1397 1349 inertes,
1422 1316 1450 1344 h.
1485 1326 1520 1344 ne
1548 1327 1592 1345 eae

884 1359 986 1394 partes
1007 1356 1117 1394 (sulcos
1139 1355 1243 1384 eadem
1267 1354 1439 1392 metaphora
1453 1355 1594 1392 appellat,

885 1404 944 1433 qua
957 1396 1117 1423 secundum
1129 1395 1263 1427 Graecos,
1278 1393 1328 1431 qui
1342 1396 1461 1422 αὔλακας
1475 1393 1592 1427 dixere,

881 1434 944 1471 jam
960 1433 1120 1462 Lucretius
1141 1437 1204 1462 erat
1219 1442 1303 1466 usus,
1323 1436 1357 1460 ut
1371 1441 1470 1459 arvum
1486 1436 1517 1460 et
1535 1432 1593 1461 alia

885 1472 1042 1509 dicuntur)
1063 1472 1212 1500 oblimatas
1227 1471 1296 1503 sint,
1315 1470 1344 1498 h.
1358 1470 1507 1503 obductae,
1526 1470 1591 1507 pin-

886 1511 1014 1549 guedine
1034 1510 1219 1543 interclusae3
1242 1509 1296 1537 sed
1315 1513 1348 1537 ut
1366 1508 1503 1536 celeriter
1522 1519 1593 1537 con-

886 1549 997 1587 cipiant
1011 1548 1169 1586 genitalem
1185 1557 1295 1575 auram.
1335 1546 1414 1575 Haec
1434 1546 1540 1575 ultima
1564 1558 1594 1576 v.

886 1588 943 1616 137
964 1597 1003 1615 ex
1027 1587 1149 1615 Lucret.
1164 1586 1222 1620 IV,
1240 1586 1326 1614 1203.
1341 1586 1416 1614 1204
1431 1586 1594 1624 expressit,

886 1626 956 1655 Alio
976 1635 1067 1654 sensu
1093 1625 1234 1655 Venerem
1252 1634 1355 1663 rapere
1375 1625 1455 1663 apud
1482 1624 1594 1654 Horat.

886 1665 948 1694 Sat.
962 1664 991 1699 I,
1007 1665 1036 1698 3,
1051 1665 1118 1693 109.

926 1704 1082 1732 133—156
1107 1702 1285 1732 Admissura
1310 1701 1400 1736 sacta,
1426 1702 1594 1731 admissarii

884 1742 1087 1780 negliguntur,
1111 1746 1142 1770 et
1159 1744 1221 1769 tota
1242 1750 1314 1769 cura
1328 1740 1356 1768 in
1371 1745 1480 1770 matres
1494 1741 1593 1779 gravi-

885 1781 938 1809 das
960 1779 1254 1809 convertam-139
1278 1779 1355 1807 Cum
1372 1779 1478 1808 vicinae
1493 1780 1593 1818 partui

886 1824 966 1854 sunt,
987 1818 1095 1847 exactis
1114 1818 1244 1856 qravidae
1267 1817 1408 1846 mensibus
1429 1822 1539 1846 errant.
1564 1829 1594 1847 v.

888 1857 1066 1892 Varron.II,
1075 1859 1107 1893 7,
1121 1859 1156 1886 10
1167 1857 1256 1886 et14.
1270 1860 1301 1885 et
1312 1856 1444 1895 reliquos
1457 1856 1495 1885 de
1503 1857 1542 1886 R.
1552 1857 1593 1887 R.

887 1895 1231 1935 scriptores.-Rursus,
1239 1895 1305 1924 viee
1316 1905 1414 1925 versa.
1454 1896 1511 1924 140
1518 1895 1596 1924 Pro-

885 1936 950 1974 prie
963 1935 1097 1974 plaustra
1114 1935 1262 1964 ducuntur
1276 1944 1292 1963 a
1306 1934 1403 1964 bobus
1420 1934 1496 1972 jugo
1505 1935 1593 1972 junc-

887 1974 947 2010 tis3
969 1974 1023 2003 sed
1044 1973 1164 2011 poetica
1186 1973 1260 2002 ratio
1284 1973 1440 2011 vulgarem
1464 1973 1595 2002 invertit.

887 2013 1076 2051 Quamquam
1111 2022 1181 2041 vero
1212 2012 1295 2040 idem
1335 2017 1521 2050 praeceptum
1555 2012 1593 2041 ad

885 2061 990 2090 equam
1007 2050 1161 2089 quadrigis
1173 2060 1225 2079 seu
1238 2048 1317 2087 bigis
1328 2050 1512 2087 jungendam
1525 2060 1593 2087 per-

885 2090 968 2124 tinet,
984 2090 1146 2118 orationem
1160 2092 1256 2118 tamen
1271 2089 1374 2125 poeta,
1388 2092 1423 2116 ut
1435 2088 1541 2122 variet,
1554 2089 1593 2118 ad

886 2139 978 2166 genus
989 2128 1134 2157 bovillum
1145 2126 1241 2165 magis
1252 2126 1593 2165 deflectit.—acrifi19a,

884 2167 974 2196 celeri
996 2165 1270 2203 comm—Carpere
1284 2169 1385 2203 prata,
1404 2165 1523 2204 proprie
1545 2166 1594 2194 via

884 2206 1014 2244 carpitur
1027 2215 1080 2243 per
1092 2208 1195 2243 prata3
1215 2204 1455 2242 quandoquidem
1468 2204 1594 2242 singulis

885 2245 1039 2283 gressibus
1054 2244 1153 2282 aliqua
1165 2252 1234 2281 pars
1254 2243 1291 2271 de
1312 2243 1363 2271 via
1382 2243 1526 2281 carpitur,
1542 2243 1594 2272 de-

884 2283 984 2312 mitur.
1025 2283 1131 2312 Po'e'tae
1142 2281 1211 2310 inde
1225 2281 1314 2311 etiam
1327 2281 1447 2310 dicunt:
1469 2291 1592 2320 carpere

885 2332 1032 2360 campum,
1053 2331 1123 2350 rura
1148 2324 1179 2350 et
1201 2319 1246 2349 sic
1269 2320 1466 2358 porra—143
1491 2320 1594 2349 Saltus

886 2361 978 2396 vacui,
991 2361 1021 2389 in
1036 2360 1146 2399 quibus
1161 2358 1244 2393 solae,
1266 2358 1387 2397 quietae,
1401 2358 1508 2388 otiosae
1523 2369 1593 2398 pas<

886 2403 989 2428 cantur
999 2397 1271 2437 3-ple11aflutizi11a,
1287 2407 1333 2430 ne.
1348 2397 1417 2426 dum
1433 2407 1539 2436 aquam
1554 2408 1592 2427 ex

886 2438 946 2466 alto
960 2438 1109 2471 hauriunt,
1128 2437 1221 2466 fetum
1241 2435 1364 2465 elidant.
1405 2436 1451 2465 De
1472 2441 1593 2474 pascant

886 2481 932 2505 est
961 2476 1149 2510 monendum,
1169 2473 1296 2513 intelligi
1321 2484 1410 2513 posse
1433 2479 1570 2513 pastores
1583 2484 1592 2510 ;

885 2518 975 2544 recte.
1015 2514 1129 2542 Verum
1153 2523 1207 2542 nec
1226 2512 1323 2542 minus
1342 2514 1474 2552 pecudes
1496 2518 1527 2543 et
1545 2523 1591 2541 ar-

885 2557 985 2582 menta
997 2553 1137 2582 dicuntur
1152 2561 1273 2590 pascere
1288 2551 1338 2580 vel
1353 2553 1502 2587 adjuncto,
1525 2552 1590 2579 her—

886 2593 950 2626 bas,
976 2591 1081 2625 saltus,
1102 2590 1150 2620 vel
1171 2590 1320 2625 absolute,
1335 2595 1368 2620 ut
1383 2591 1450 2619 Ecl.
1466 2590 1532 2622 III,
1552 2590 1592 2617 96

883 2634 1031 2669 pascentes
1058 2629 1193 2668 capellas,
1222 2629 1280 2663 IV,
1303 2630 1341 2658 45
1365 2639 1466 2668 agnos,
1490 2627 1528 2660 V,
1555 2627 1593 2655 12

887 2669 982 2698 hoedos
996 2668 1083 2738 eltVsic
1097 2668 1163 2699 alia.
1178 2668 1222 2698 H.
1238 2667 1388 2707 procubet,
1409 2667 1438 2696 h.
1450 2678 1476 2695 e.
1489 2669 1592 2695 exten-

887 2709 984 2737 datur.
1048 2726 1057 2737 .
