1796 3077
181 255 277 299 602

606 251 649 289 Ρ.
682 248 915 288 VIRGILII
947 248 1198 288 MARONis

182 374 272 417 Det
293 375 528 417 libertatem
549 373 677 421 fandi,
698 373 908 427 flatusque
929 373 1128 422 remittat,

183 432 317 496 Cujus
338 433 393 473 ob
413 431 645 484 auspicium
665 429 895 470 infaustum
915 443 1137 483 moresque
1156 429 1344 473 sinistros

181 488 352 538 (Dicam
377 487 588 541 equidem,
619 484 717 526 licet
732 500 848 526 arma
867 485 970 526 mihi
990 493 1252 540 mortemque
1273 489 1469 543 minetur)

183 545 363 586 Lumina
384 550 446 584 tot
467 542 668 584 cecidisse
689 542 857 591 ducum,
880 549 1096 595 totamque
1116 543 1308 585 videmus

183 601 436 642 Consedisse
457 599 606 640 urbem
624 598 767 639 luctu:
799 598 901 639 dum
922 597 1057 638 Troia
1076 605 1213 639 tentat
1554 603 1643 643 350

181 659 346 705 Castra,
368 655 483 710 fugae
503 654 655 703 fidem,
677 662 719 695 et
739 654 893 695 coelum
911 654 1077 694 territat
1097 655 1238 697 armis.

180 717 325 757 Unum
347 714 473 755 etiam
494 711 615 753 donis
637 711 739 758 istis,
760 725 857 764 quae
878 709 1058 764 plurima
1078 711 1185 752 mitti

178 771 442 814 Dardanidis
457 769 624 822 dicique
638 767 779 820 jubes,
801 781 945 815 unum,
968 767 1127 820 optime
1148 782 1311 823 regum,

180 828 372 883 Adjicias
394 843 403 877 3
436 840 512 867 nec
534 833 576 866 te
598 823 721 864 ullius
742 822 939 864 violentia
959 823 1112 871 vincat,

182 886 301 933 Quin
320 891 461 925 natam
482 881 656 936 egregio
677 894 836 934 genero
856 879 1079 933 dignisque
1096 879 1325 933 hymenaeis

182 943 274 983 Des
296 948 431 995 pater,
455 946 498 980 et
518 951 666 992 pacem
682 936 791 976 hanc
812 942 972 976 aeterno
994 935 1157 976 foedere
1171 937 1344 991 jungas.

181 998 312 1045 Quod
335 998 368 1037 si
388 1003 529 1037 tantus
550 993 680 1034 habet
700 993 849 1032 mentis
869 999 911 1032 et
932 999 1106 1044 pectora
1123 999 1285 1033 terror:

181 1055 325 1109 Ipsum
346 1054 619 1098 obtestemur,
641 1049 889 1101 veniamque
911 1061 1078 1088 oremus
1099 1048 1153 1088 ab
1176 1049 1293 1101 ipso;

182 1112 332 1158 Cedat,
350 1110 421 1163 jus
441 1107 660 1162 proprium
679 1105 770 1159 regi
791 1104 1025 1157 patriaeque
1047 1104 1247 1144 remittat.

181 1167 300 1214 Quid
322 1167 494 1206 miseros
515 1163 639 1203 toties
660 1162 702 1201 in
724 1168 870 1214 aperta
886 1159 1072 1213 pericula
1094 1160 1204 1200 cives

182 1223 377 1278 Projicis,
393 1236 417 1261 o
442 1220 560 1260 Latio
581 1225 710 1271 caput
730 1217 881 1257 horum
902 1223 945 1256 et
966 1230 1093 1256 causa
1105 1215 1339 1256 malorum?

179 1279 313 1320 Nulla
334 1276 445 1318 salus
465 1273 604 1322 bello;
636 1287 784 1327 pacem
806 1279 848 1311 te
863 1271 1074 1325 poscimus
1096 1285 1255 1320 omnes,

181 1336 344 1382 Turne,
367 1330 487 1373 simul
508 1331 624 1384 pacis
642 1328 776 1369 solum
796 1326 1033 1367 inviolabile
1053 1327 1222 1380 pignus.

180 1392 347 1432 Primus
368 1403 462 1442 ego,
485 1386 662 1426 invisum
684 1397 809 1437 quem
830 1390 877 1423 tu
899 1383 975 1423 tibi
994 1381 1133 1436 fingis,
1154 1389 1198 1424 et
1216 1397 1309 1424 csse

179 1446 257 1489 Nil
277 1458 430 1492 moror,
451 1457 504 1484 en
526 1439 707 1495 supplex
728 1438 865 1480 venio.

183 1503 302 1544 Pone
323 1501 495 1547 animos,
517 1505 560 1539 et
579 1495 726 1551 pulsus
748 1496 833 1536 abi.

180 1559 393 1605 VidimuS‚
415 1557 607 1610 ingentes
628 1561 671 1594 et
691 1550 973 1593 desolavimus
994 1566 1133 1605 agros.

181 1616 286 1664 Aut,
307 1615 342 1654 si
362 1613 473 1654 fama
491 1616 644 1658 movet,
666 1609 700 1649 si
717 1614 880 1649 tantum
901 1614 1075 1661 pectore
1096 1608 1229 1648 robur

180 1670 396 1724 Concipis,
418 1676 461 1708 et
481 1668 515 1707 si
535 1666 643 1706 adeo
664 1663 817 1705 dotalis
838 1664 954 1717 regia
974 1663 1093 1704 cordi
1114 1672 1202 1705 est:

178 1727 323 1775 Aude,
343 1732 470 1778 atque
492 1723 714 1764 adversum
735 1720 873 1761 fidens
895 1720 958 1760 fer
977 1727 1127 1773 pectus
1148 1720 1190 1761 in
1204 1720 1383 1763 hostem.

1556 882 1642 923 355

1558 1163 1645 1202 360

926 1438 1133 1479 Miserere
1155 1446 1339 1488 tuorum,
1556 1441 1644 1482 365

894 1494 971 1535 Sat
991 1494 1141 1536 funera
1161 1494 1244 1536 fusi

1555 1723 1642 1765 370

183 1784 368 1831 Scilicet,
390 1788 437 1822 ut
457 1779 607 1821 Turno
629 1777 845 1832 contingat
866 1776 983 1830 regia
999 1777 1172 1831 conjux,

180 1938 254 1963 voce
279 1927 459 1964 loquuntur3
481 1922 563 1961 quod
586 1921 651 1950 fieri
671 1924 772 1959 potest
793 1924 890 1949 metus

177 1964 379 1996 causa—346
391 1964 495 1999 flatus,
518 1964 641 1996 φύσημα,
655 1960 692 1988 de
713 1959 890 1997 arrogantia.

179 2006 229 2034 Ad
246 2002 371 2032 eandem
387 2005 419 2028 et
440 1999 624 2028 obstinatum
641 1998 734 2026 Turni
761 1997 890 2026 animum

178 2043 278 2075 resero
304 2048 396 2068 mores
418 2037 564 2066 sinistros.
585 2036 620 2064 ob
642 2035 815 2074 auspicium:
838 2045 890 2065 au-

180 2080 275 2118 spicia
290 2082 321 2107 et
332 2078 442 2106 ductus
462 2074 643 2104 bem—350
665 2074 846 2106 consedisse,
862 2074 889 2102 in

178 2119 292 2147 luctum
317 2126 385 2145 esse
409 2115 591 2146 demersam,
618 2117 651 2141 ut
682 2113 759 2141 bene
785 2112 888 2140 Serv.:

180 2162 213 2185 ut
229 2158 387 2189 συνιζάνειν,
403 2162 458 2191 pro
472 2153 524 2181 »rie
546 2152 583 2180 de
605 2151 721 2179 flamma
736 2154 767 2179 et
780 2150 890 2178 cinere.

179 2196 232 2223 Sic
250 2193 360 2228 11,024
367 2163 512 2220 considere
525 2190 554 2218 iu
566 2189 658 2229 iynem
671 2188 768 2217 Ilium.
783 2188 817 2217 it.
827 2188 890 2222 IX,

179 2234 246 2262 145.
286 2233 355 2261 Jam
386 2230 424 2258 ad
450 2229 579 2257 fortnnae
608 2237 697 2256 casus
730 2227 888 2255 translata:

177 2270 297 2304 collabi,
319 2268 487 2301 concidere,
506 2268 617 2304 jacere,
633 2266 813 2299 calamitate,
835 2265 888 2292 do-

179 2309 253 2337 lore.
294 2307 395 2337 Nimis
420 2310 509 2334 tenue
532 2309 589 2337 est,
610 2304 689 2341 quod
713 2303 762 2331 alii
783 2302 889 2331 volunt

180 2352 271 2375 lotam
287 2347 392 2374 urbem
415 2342 890 2379 sederelugentem.—351Jityce

172 2385 276 2420 fidens,
292 2382 419 2421 respicit
438 2390 543 2409 casum
558 2380 663 2412 Turni,
678 2388 737 2417 quo
753 2389 768 2407 e
788 2388 889 2416 pugna

180 2423 247 2450 navi
263 2426 386 2450 avectus
407 2424 482 2453 erat,
498 2419 550 2447 lib.
566 2418 611 2451 X,
633 2419 690 2446 665
708 2421 822 2454 sq.—et
836 2426 889 2444 cae-

180 2459 237 2487 Iam
257 2460 372 2488 territa!
384 2458 490 2486 armis:
513 2461 662 2495 tamquam
675 2455 725 2493 qui
738 2459 890 2492 provocat.

182 2497 307 2526 Servius
321 2498 476 2529 observat,
486 2496 541 2523 hoc
556 2494 644 2522 nimis
653 2494 799 2528 tumidum
812 2502 892 2526 esse,

182 2546 248 2569 nec,
265 2535 321 2563 nisi
336 2545 351 2562 e
368 2534 496 2562 Drancis
508 2542 637 2570 persona
650 2532 776 2564 dictum,
792 2530 889 2569 gravi-

179 2574 235 2602 tati
245 2572 365 2610 Virgilii
378 2572 545 2599 convenire.
557 2571 595 2599 cf.
612 2572 648 2598 ad
664 2570 692 2598 X
702 2592 709 2603 ,
723 2570 890 2598 ,mm—352

183 2613 278 2642 linum
292 2610 387 2641 etiam,
396 2610 479 2637 eriam
493 2610 547 2637 h.l.
558 2619 612 2647 pro
623 2609 706 2636 mlhm
726 2612 805 2641 csse,
817 2608 888 2635 Ser-

179 2651 248 2685 vius
278 2648 359 2678 vult:
383 2651 415 2676 ut
439 2647 559 2676 Terent.
585 2647 807 2687 passim-353
821 2646 891 2680 dici,

930 1921 1086 1956 destinari,
1107 1922 1285 1960 promitti.——
1295 1923 1355 1951 359
1379 1922 1547 1959 invidiose;
1569 1924 1643 1961 reyiy

931 1959 1049 1994 Latino,
1060 1960 1236 1999 patriaeque,
1255 1961 1369 1999 populo
1388 1961 1575 1995 Latinorum,
1596 1971 1641 1989 re-

930 1998 1026 2026 mittat
1037 1999 1090 2036 jus
1105 1999 1271 2037 proprium,
1287 2009 1385 2032 suum,
1406 1998 1488 2035 quod
1515 1999 1642 2027 Latinus

930 2036 1090 2073 Latinique
1113 2037 1143 2066 iu
1169 2037 1281 2073 regiam
1302 2036 1433 2074 puellam
1464 2036 1585 2071 habent,
1610 2042 1645 2066 ut

930 2073 1047 2111 possint
1080 2074 1269 2102 matrimonio
1295 2075 1421 2112 jungere
1452 2074 1502 2103 cui
1537 2075 1645 2104 velint.

929 2112 1082 2148 (Praestat
1103 2112 1243 2146 sortasse,
1258 2112 1287 2140 in
1308 2112 1498 2141 commodum
1514 2114 1641 2150 pati-im:

931 2159 996 2178 nam
1012 2150 1084 2187 quid
1100 2150 1230 2188 populus
1247 2150 1422 2178 Latinorum
1433 2150 1511 2187 juris
1534 2151 1644 2180 habere

930 2187 1040 2226 potuit,
1065 2192 1150 2224 patre
1175 2188 1275 2217 adhuc
1303 2189 1386 2222 vivo,
1408 2188 1438 2216 in
1466 2188 1642 2218 collocanda

931 2226 990 2269 iilia
1005 2226 1121 2255 Latini?
1146 2226 1301 2263 R.)—363
1310 2226 1395 2265 pacis
1409 2226 1529 2265 piynus,
1552 2227 1642 2256 Lavi-

928 2274 985 2292 niae
1005 2264 1178 2301 conjugium
1201 2275 1268 2293 cum
1295 2266 1411 2294 sEnea:
1439 2265 1530 2302 idque
1555 2276 1642 2294 unum

929 2301 1101 2336 inviolabile,
1110 2308 1236 2337 certum,
1252 2303 1289 2332 ad
1299 2313 1405 2340 pacem
1415 2303 1638 2337 stabiliendam,

931 2340 1043 2378 quippe
1054 2341 1116 2378 jam
1142 2342 1324 2379 promissum
1347 2351 1363 2369 a
1382 2345 1470 2378 patre
1489 2341 1566 2375 VII,
1581 2342 1641 2369 2623

931 2389 977 2417 sq.
992 2379 1071 2416 quod
1083 2380 1145 2416 jam
1157 2390 1186 2407 v.
1200 2381 1259 2408 356
1266 2389 1367 2418 pacem
1378 2380 1450 2408 hanc
1461 2379 1638 2416 oeternopiy-

931 2426 1000 2445 nore
1026 2418 1237 2453 firmem—364
1273 2418 1413 2445 invisum:
1442 2417 1519 2445 haud
1549 2417 1639 2445 dubie

931 2465 1005 2492 pro:
1037 2455 1200 2490 inimicum,
1223 2456 1431 2485 active—366
1457 2455 1562 2493 pulsus
1589 2455 1638 2483 abi

932 2503 969 2520 ex
984 2494 1122 2531 proxime
1139 2495 1381 2531 praecedentibus
1391 2497 1464 2531 puto
1479 2503 1562 2521 esse:
1587 2503 1641 2531 pa-

933 2537 994 2559 tere
1011 2536 1039 2560 tc
1053 2532 1205 2568 repulsam
1221 2532 1308 2561 ferre.
1331 2532 1383 2560 Sin
1399 2540 1464 2568 sqq.
1481 2531 1638 2569 respicias,

931 2573 959 2597 et
976 2580 1003 2596 v.
1019 2571 1075 2598 392
1090 2571 1186 2599 animo
1202 2574 1302 2599 teneas
1317 2581 1322 2597 ;
1345 2569 1454 2598 Pulsus
1467 2571 1535 2605 ⁶90?
1556 2573 1639 2598 recte

930 2607 1003 2635 erit:
1028 2618 1128 2645 pugna
1158 2609 1267 2637 victum
1297 2613 1325 2636 te
1346 2607 1442 2634 fatere
1468 2618 1501 2635 ac
1515 2608 1637 2635 cede.—

929 2647 987 2674 369
1001 2646 1104 2676 dotalis
1124 2647 1224 2686 reqia:
1245 2646 1344 2675 dotale
1368 2654 1503 2683 regnum.
1544 2645 1597 2676 Sic
1608 2650 1642 2675 et
