1796 3077
571 163 910 201 GEORGICON.
968 163 1068 202 Llss.
1099 164 1152 202 11.

148 282 281 334 Felix,
311 283 382 338 qui
402 283 538 338 potuit
558 297 697 324 rerum
717 297 970 338 cognoscere
992 298 1173 333 caussas,

1503 171 1590 215 135

1509 286 1592 325 490

146 340 292 395 Atque
311 347 446 381 metus
464 355 606 381 omnes
626 348 668 381 et
688 340 943 382 inexorabile
965 340 1095 381 fatum

148 398 338 452 Subjecit
355 398 534 452 pedibus
555 398 856 452 strepitumque
880 397 1133 439 Acherontis
1150 398 1286 438 avari!

147 453 403 495 Fortunatus
423 461 466 495 et
484 453 564 503 ille,
595 455 698 496 deos
718 456 789 508 qui
809 455 922 495 novit
943 462 1129 509 agrestes

145 510 347 565 Panaque
369 511 665 565 Silvanumque
685 526 825 552 senem
846 511 1153 565 Nymphasque
1176 513 1363 553 sorores!

144 566 267 615 Illum
286 583 370 609 non
388 567 535 622 populi
554 567 700 617 fasces,
731 583 815 608 non
834 583 1023 622 purpura
1043 583 1189 622 regum

1507 568 1590 608 495

145 623 295 674 Flexit,
325 633 367 666 et
386 625 538 666 infidos
558 625 720 679 agitans
741 625 950 665 discordia
971 624 1143 675 fratres3

145 679 237 722 Aut
258 682 475 736 conjurato
493 681 753 722 descendens
775 681 920 723 Dacus
943 682 996 722 ab
1018 680 1150 732 Istr03

144 788 252 827 agere!
294 789 447 828 Tanquam
479 789 570 827 poeta
596 788 742 818 nobiliora
774 797 845 817 rura

143 831 300 862 memorat,
333 829 363 857 in
397 829 571 863 Thessaliae,
612 828 781 861 Laconicae,
813 837 845 855 ac

142 866 277 896 Thraciae
292 867 416 905 campis.
429 867 467 895 cf.
483 866 617 895 Culicem
632 877 661 895 v.
674 867 724 897 93.
742 865 770 893 in
787 875 846 903 quo

143 905 226 942 quasi
242 905 353 934 semina
369 905 416 934 vel
430 905 593 934 rudimenta
604 905 692 941 hujus
706 903 845 943 pulcher-

142 943 209 972 rimi
229 943 287 973 loci
301 944 414 973 videas.
458 945 484 972 Ο
497 944 546 972 ubi
559 954 616 972 non
630 947 688 977 est,
708 946 742 972 ut
756 942 846 970 situm

141 981 276 1012 locorum
306 987 432 1021 quaerat,
467 983 521 1011 sed
547 983 589 1011 ihi
614 982 723 1020 degere
753 980 846 1018 cupit.

142 1021 243 1050 Habet
259 1021 345 1051 locus
358 1023 498 1059 majorem
512 1025 663 1054 δεινότητα,
685 1020 711 1048 si
724 1020 764 1047 ita
775 1020 844 1057 jun-

142 1059 205 1097 gis;
233 1060 260 1088 Ο
283 1060 395 1089 utinam
417 1060 467 1094 sit,
490 1060 541 1088 cui
560 1069 602 1087 me
615 1059 699 1087 sistat
720 1058 771 1091 ibi,
798 1058 847 1087 ubi

140 1099 236 1136 campi
269 1103 325 1128 etc.
360 1099 451 1136 campi
482 1072 694 1136 §percheosque
728 1096 847 1134 poetica

141 1140 292 1166 structura
306 1137 508 1166 enthusiasmo
525 1141 556 1165 et
568 1137 632 1174 ipsa
648 1140 847 1164 consentanea

140 1175 231 1209 dixit,
243 1185 298 1213 pro
313 1176 425 1214 campis
441 1176 478 1204 ad
489 1175 676 1213 Sperchium,
690 1174 718 1203 h.
732 1173 845 1211 campis

140 1213 316 1249 Thessalhe,
335 1215 364 1243 in
380 1215 466 1253 cujus
480 1214 614 1243 confiniis
627 1214 732 1242 subter
743 1212 845 1240 OEtam

140 1256 267 1281 montem
295 1253 405 1282 fluvius
429 1253 479 1282 ille
502 1253 532 1281 in
559 1252 656 1281 sinum
683 1250 846 1281 Maliacum

140 1291 214 1320 exit.
256 1292 384 1330 Tuyyetu
392 1293 525 1329 sc.juga,
539 1294 598 1325 ὅρη,
613 1295 646 1319 ut
657 1294 688 1318 τὸ
701 1293 847 1324 Ταΰγετον,

139 1334 257 1358 montes
278 1340 317 1359 ex
331 1331 460 1359 Arcadia
479 1340 533 1368 per
556 1334 648 1360 totam
669 1328 847 1358 Laconicam

139 1373 348 1406 procurrentes
362 1379 369 1405 ;
385 1370 543 1406 subjacent
556 1369 663 1407 Sparta
673 1372 703 1396 et
714 1367 845 1396 Eurotas

139 1407 431 1442 amnis—bacchata,
447 1407 578 1445 passive,
592 1417 659 1445 quae
674 1405 844 1435 bacchando

139 1445 374 1484 frequentantur,
390 1446 420 1475 in
436 1447 545 1484 quibus
561 1446 694 1484 virgines
707 1446 844 1474 Lacaenze

138 1484 287 1518 bacchari,
310 1485 392 1523 orgia
417 1484 531 1514 Bacchi
553 1484 716 1516 celebrare,
740 1483 845 1510 solent.

138 1523 190 1552 Sic
212 1523 348 1552 bacchata
366 1523 470 1553 Naxos
492 1523 562 1551 AEn.
585 1522 651 1555 ΙΙΙ,
677 1523 744 1550 125.
774 1521 847 1548 Erat

137 1566 237 1590 autem
248 1563 305 1591 sub
318 1563 454 1600 Taygeto
470 1560 583 1590 Bacchi
596 1560 749 1597 templum,
765 1558 845 1595 quod

137 1600 237 1629 adbuc
261 1601 419 1630 Pausaniae
447 1604 535 1629 aetate
557 1599 725 1633 visebatur3
753 1597 790 1625 ad
815 1596 847 1624 id

137 1639 210 1668 solis
234 1640 411 1668 mulieribus
434 1639 532 1667 aditus
552 1637 687 1675 patebat,
709 1641 740 1664 et
760 1635 846 1663 muli-

136 1686 204 1706 eres
231 1678 303 1706 solae
329 1687 414 1706 sacra
442 1677 471 1704 in
500 1680 605 1714 operto
633 1674 793 1703 faciebant.
813 1683 843 1701 v.

143 1715 269 1744 Pausan.
284 1716 349 1750 ΙΙΙ,
363 1717 414 1743 20.
435 1715 485 1743 Ita
498 1714 667 1752 explicatus
680 1712 766 1741 locus
779 1712 842 1749 pla-

137 1764 207 1782 cere
222 1753 495 1792 potest.—Haemus
517 1757 615 1781 autem
629 1752 659 1780 in
673 1751 777 1790 primis
791 1750 843 1778 sil-

138 1792 183 1821 vis
199 1792 331 1821 abundat
345 1803 351 1824 ς
364 1792 431 1821 hinc
445 1802 475 1820 v.
490 1792 559 1825 488,
574 1792 642 1819 489.

175 1832 331 1860 490-493
351 1832 446 1859 Beata
459 1834 515 1865 est,
537 1829 645 1867 inquit,
668 1828 730 1857 vita
743 1828 841 1866 pbilo-

136 1869 234 1907 sophi‚
248 1879 301 1898 nec
314 1869 409 1897 minus
423 1870 508 1898 beata
521 1868 583 1896 vita
595 1867 710 1896 rustici.
750 1867 841 1896 Colu-

136 1907 226 1936 mella
239 1907 268 1936 in
284 1908 370 1946 praef.
409 1907 469 1936 Res
483 1906 695 1945 rustica—quse
713 1905 774 1933 sine
791 1906 842 1934 (lu-

135 1945 270 1975 hitalione
285 1946 419 1985 proxima
431 1951 459 1974 et
478 1945 563 1984 quusi
574 1944 783 1982 cousanyut'nea
795 1955 843 1972 sa-

131 1984 250 2022 pientiae
273 1989 325 2014 est.
339 1985 447 2014 Cicero
462 1985 491 2013 in
512 1985 580 2013 Cat.
592 1983 660 2012 mai.
678 1985 724 2012 15.
751 1982 842 2012 Venio

135 2033 210 2052 nuuc
229 2023 268 2051 ad
284 2023 442 2062 voluptates
455 2023 656 2062 aqricolarum,
678 2021 780 2050 cuibus
792 2032 844 2059 eyo

136 2061 340 2091 incredibiliter
354 2062 486 2096 delector,
503 2072 515 2089 l
525 2071 568 2090 uae
581 2071 630 2089 nec
653 2034 712 2089 ulia
726 2060 844 2098 impedi-

136 2104 225 2128 untur
243 2105 394 2134 semctute,
415 2105 444 2129 et
464 2073 532 2129 miii
551 2100 590 2128 ad
607 2098 745 2137 sapientis
758 2098 844 2126 uitam

130 2139 262 2176 proxime
293 2139 425 2168 videntur
456 2139 597 2168 accedere.
638 2136 842 2174 Philosophia:

138 2180 236 2205 autem
252 2177 436 2207 Lucretianae
456 2178 556 2215 capita
577 2177 626 2206 hic
646 2176 783 2215 proferri,
805 2186 843 2204 ex

137 2215 241 2253 primis
255 2215 356 2244 statim
370 2216 501 2245 Lucretii
521 2215 637 2254 paginis
654 2214 843 2243 manifestum

138 2254 181 2282 tit.
196 2264 224 2282 v.
239 2254 362 2282 Lucret.
375 2254 404 2287 I,
417 2255 456 2283 49
477 2264 542 2298 sqq.
563 2254 600 2282 ad
620 2255 687 2287 150,
713 2253 764 2296 qui
776 2262 843 2281 ver—

137 2302 189 2320 sus
212 2291 318 2330 optimi
343 2292 432 2327 hujus
454 2292 514 2320 loci
534 2292 739 2321 commentarii
763 2294 843 2320 sunt.

137 2331 280 2359 Fortasse
309 2334 339 2358 et
365 2330 492 2359 Graecus
519 2331 610 2368 poeta
628 2330 749 2368 utrique
776 2334 843 2358 ante

135 2369 241 2398 oculos
270 2372 346 2398 erat.
384 2368 537 2397 Laudatur
567 2379 606 2397 ex
636 2368 821 2407 Empedocle
836 2378 842 2395 t

130 2410 259 2444 ”Ολβιος,
284 2410 313 2436 ὃς·
330 2408 407 2435 θείων
426 2410 563 2441 πραπίδων
577 2408 710 2441 ἐκτήσατο
724 2410 844 2436 πλοῦτον

136 2455 185 2484 ap.
200 2446 346 2475 Clement.
360 2445 452 2474 Alex.
464 2445 606 2474 Stromat.
618 2445 646 2473 V
661 2446 843 2474 extr.—Ve-

137 2485 180 2513 ris
205 2489 303 2514 autem
329 2485 367 2512 de
395 2487 500 2512 natura
519 2493 631 2517 rerum,
657 2484 791 2518 deorum,
813 2488 844 2512 et

136 2523 254 2558 animae,
275 2521 440 2551 rationibus
455 2523 491 2550 ab
512 2521 644 2565 Epicuro
668 2522 844 2560 propositi-5,

137 2565 247 2596 metus,
273 2565 403 2590 terrores
428 2571 461 2589 ac
479 2558 657 2598 cupiditates
680 2560 845 2588 hominibus

135 2599 299 2634 detractas,
322 2604 355 2628 et
380 2600 418 2628 ad
440 2608 540 2628 veram
564 2597 737 2626 felicitatem
763 2598 843 2626 viam

137 2637 316 2674 patefactam
331 2647 410 2671 esse,
430 2647 512 2674 saepe
532 2646 549 2665 a
572 2636 714 2665 Lucretio
734 2636 843 2673 praedi-

137 2679 233 2705 catur.
252 2676 342 2706 conf.
354 2676 451 2706 Cicer.
468 2676 533 2706 Fin.
546 2675 574 2711 1,
592 2675 738 2704 lae—1190
758 2673 844 2703 Felix

883 787 933 827 qni
943 790 1048 828 poluit,
1062 793 1174 828 potest,
1213 787 1328 818 Natura
1340 799 1440 818 rerum
1452 789 1508 819 rite
1521 799 1591 829 cog<

883 829 956 863 uita,
980 839 1035 856 nec
1051 830 1144 856 tatum
1166 837 1218 855 uec
1240 833 1366 857 mortem
1387 829 1437 857 ille
1458 829 1593 857 timet.—

883 866 939 894 491
970 871 1060 894 melus-
1088 876 1124 893 ex-
1157 867 1420 903 superstitionibus
1447 867 1591 905 falsisque

885 905 1073 942 opinionibus
1086 908 1184 936 natm,
1204 904 1230 931 in
1246 905 1350 942 primis
1372 906 1410 933 de
1426 906 1485 934 fato
1505 910 1535 934 et
1554 907 1592 934 de

885 944 999 972 inferis.
1020 944 1142 972 Lucret.
1167 943 1193 977 Ι,
1216 944 1264 971 79.
1287 944 1384 979 Quare
1403 944 1504 981 reliyio
1526 946 1592 981 (su-

884 982 1039 1019 perstitio)
1055 982 1175 1020 pedibus
1193 981 1317 1019 subjecta
1335 982 1458 1010 vicissim
1479 982 1593 1011 obteri„

885 1025 943 1049 tur.
963 1020 1062 1048 Metus
1074 1020 1214 1058 subjectos
1229 1021 1286 1048 vid.
1300 1021 1371 1050 ibid.
1382 1022 1420 1049 67
1433 1031 1498 1059 sqq.
1510 1033 1516 1049 z
1533 1023 1589 1049 103

886 1068 957 1097 sqq:
974 1059 1013 1093 V,
1030 1061 1105 1088 1193
1121 1069 1205 1096 sqq.:
1226 1059 1291 1092 ΙΙΙ,
1307 1060 1352 1088 14.
1373 1059 1452 1088 Num
1464 1060 1549 1088 simul
1559 1070 1592 1088 uc

885 1098 961 1125 ratio
981 1101 1032 1126 tua
1055 1097 1138 1135 erepit
1151 1098 1313 1134 vociferari,
1335 1097 1482 1126 Naturam
1495 1108 1591 1127 rerum

884 1135 961 1164 hund
972 1136 1069 1164 clivima
1082 1140 1172 1164 mente
1187 1140 1325 1169 coortam,
1344 1136 1517 1173 Diffugiunt
1531 1137 1590 1165 ani-

885 1174 924 1202 mi
947 1179 1088 1208 terrores,
1110 1174 1213 1202 mwnia
1234 1174 1331 1203 mutuli
1351 1173 1520 1210 Discedunt,
1547 1180 1590 1203 to-

882 1216 944 1240 tum
962 1213 1042 1241 video
1059 1223 1114 1251 per
1132 1213 1215 1240 inune
1233 1213 1297 1250 yeri
1311 1223 1367 1246 res,
1388 1214 1520 1252 Apparet
1534 1213 1591 1242 Di-

884 1261 947 1280 vum
972 1262 1073 1280 numen
1099 1251 1233 1289 sedesque
1259 1251 1466 1289 quietat—At
1491 1256 1592 1280 contra

885 1300 1031 1328 nusquam
1046 1294 1185 1328 apparent
1199 1290 1368 1318 Acherusia
1382 1290 1594 1329 templa-*192

885 1329 1033 1367 strepitum
1052 1329 1227 1358 Acherontis
1247 1338 1287 1357 ex
1307 1329 1427 1358 Lucret.
1453 1330 1520 1363 ΙΙΙ,
1544 1331 1594 1358 37.

884 1367 926 1395 Et
952 1372 1042 1395 metus
1068 1367 1114 1395 ιἸΙρ
1141 1369 1229 1404 sorus
1254 1376 1387 1405 proeceps
1418 1368 1595 1396 Acheruntis

883 1406 1009 1444 “flendus
1023 1405 1178 1439 Funditus,
1199 1406 1349 1433 humanam
1365 1406 1415 1443 qui
1426 1406 1513 1434 vitum
1529 1411 1592 1434 lur-

884 1443 933 1472 bat
943 1444 978 1472 ab
990 1445 1056 1478 imo,
1074 1444 1180 1473 Omnia
1190 1443 1354 1480 suffundens
1364 1445 1467 1472 mortis
1476 1445 1593 1481 vti-qrore

884 1493 973 1521 neque
991 1483 1077 1511 ullam
1095 1483 1171 1510 Esse
1192 1482 1362 1519 voluptutem
1379 1492 1485 1519 puram
1504 1483 1591 1521 liqui-

884 1521 1003 1558 damque
1018 1520 1164 1557 relinquit.
1205 1520 1362 1555 Quomodo
1377 1519 1461 1548 illum
1480 1526 1590 1550 metum

885 1559 1027 1596 expellat,
1053 1569 1083 1587 v.
1105 1559 1173 1587 eod.
1193 1557 1270 1586 libro
1289 1558 1356 1593 ΙΙΙ,
1377 1559 1530 1589 842—907
1553 1560 1590 1589 ad

885 1598 933 1625 fin.
954 1597 998 1625 H.

923 1636 993 1664 403.
1031 1637 1090 1665 494
1111 1635 1189 1664 Vitae
1211 1635 1332 1664 rusticae
1355 1636 1554 1666 amoenitatem
1575 1648 1591 1667 a

883 1674 1047 1718 splendidis
1062 1679 1092 1703 et
1108 1675 1217 1703 sanctis
1233 1684 1330 1702 rerum
1342 1675 1523 1713 imaginibus
1539 1686 1590 1714 pe—

883 1716 931 1746 tit,
964 1723 981 1741 e
1007 1713 1069 1741 vita
1098 1713 1262 1756 primorum
1296 1713 1457 1747 hominum,
1490 1724 1590 1744 aureae

884 1751 993 1785 aetatis,
1015 1755 1132 1780 sumtis.
1172 1751 1250 1778 Nem
1275 1761 1290 1779 e
1312 1761 1379 1779 cum
1402 1752 1536 1781 innocuis
1559 1758 1591 1782 et

883 1789 968 1826 puris
992 1790 1143 1827 castisque
1166 1789 1227 1817 illis
1261 1790 1419 1819 inminibus
1433 1791 1474 1819 dii
1488 1801 1589 1820 versa-

882 1828 999 1862 bantur,
1020 1838 1071 1856 eos
1086 1828 1312 1871 frequentabant
1327 1833 1356 1857 et
1371 1829 1399 1857 in
1420 1829 1517 1858 medio
1539 1840 1589 1858 eo-

882 1876 946 1894 rum
984 1867 1264 1905 conspiciebantur3
1292 1866 1364 1895 vide
1398 1868 1444 1896 vel
1480 1868 1591 1897 Catuli.

883 1904 1002 1940 LXIV,
1023 1907 1090 1935 385.
1125 1905 1282 1943 Itaqueis,
1301 1905 1352 1943 qui
1364 1905 1467 1940 silvas,
1484 1906 1589 1941 valles,

881 1943 977 1972 sontes
1002 1949 1033 1972 et
1056 1948 1139 1972 antra
1158 1944 1335 1981 frequentat,
1362 1944 1436 1973 deos
1457 1949 1589 1982 agrestes

883 1992 969 2012 nosse
982 1983 1124 2020 praeclare
1135 1981 1254 2010 dicitur.
1275 1982 1373 2011 Culic.
1393 1982 1590 2012 76.-‘495.-

882 2021 941 2049 499
967 2021 1053 2049 Vivit
1076 2021 1102 2049 is
1129 2020 1224 2048 animo
1247 2020 1474 2057 imperturbato,
1503 2026 1531 2050 at
1555 2032 1592 2051 ue

884 2063 917 2087 ut
937 2060 973 2087 ab
994 2059 1071 2087 omni
1093 2058 1269 2096 cupiditate,
1290 2059 1331 2085 ita
1346 2068 1363 2086 a
1377 2068 1447 2087 cura
1462 2069 1495 2087 ac
1509 2069 1542 2088 so
1555 2060 1592 2088 li-

881 2097 1012 2126 citudine
1034 2106 1138 2130 vacuo,
1159 2100 1189 2124 et
1211 2101 1282 2125 vere
1304 2096 1395 2124 vitam
1415 2098 1529 2126 beatam
1551 2108 1589 2127 ex

882 2136 1009 2173 Epicuri
1017 2135 1142 2163 formula
1154 2144 1240 2173 agere
1252 2134 1346 2162 videri
1358 2135 1588 2172 potest.-illum

881 2184 937 2202 ηοιι
958 2174 1058 2212 populi
1075 2175 1175 2211 fasces
1201 2174 1246 2210 (v.
1268 2173 1387 2201 Lucret.
1409 2174 1473 2208 III,
1495 2175 1590 2213 1009)

882 2223 938 2241 ‘non
947 2222 1080 2250 purpura
1093 2221 1189 2249 reyum
1197 2210 1299 2248 flexit:
1321 2221 1375 2250 pro
1390 2211 1494 2245 flectit,
1514 2213 1590 2251 (sic-

882 2261 940 2288 que
954 2252 981 2279 in
994 2261 1078 2288 seqq.
1098 2249 1199 2283 doluit,
1221 2249 1331 2283 invidit,
1346 2249 1437 2290 vidit)
1451 2251 1489 2279 nil
1505 2256 1590 2280 curat

882 2289 1009 2318 honores
1028 2299 1062 2317 ac
1082 2289 1286 2326 magistratus,
1306 2288 1336 2316 in
1355 2298 1443 2326 quem
1465 2290 1589 2319 transse-

883 2333 995 2362 rantur,
1017 2332 1067 2356 aut
1089 2327 1197 2365 quibus
1217 2336 1309 2365 regna
1334 2326 1398 2355 sive
1425 2328 1590 2357 reddantur

883 2367 946 2395 sive
968 2366 1151 2403 eripiantur-3
1173 2375 1240 2403 quae
1262 2366 1443 2394 fortunarum
1464 2376 1588 2396 conver-

884 2404 981 2433 siones
1003 2404 1083 2432 annis
1104 2404 1249 2442 proximis
1270 2413 1286 2431 a
1308 2403 1472 2442 profligatis
1494 2406 1587 2434 Anto-

881 2443 973 2471 nianis
988 2443 1123 2481 partibus
1139 2442 1212 2470 satis
1224 2442 1391 2479 frequentes
1406 2442 1484 2471 haud
1497 2443 1588 2472 dubie

882 2481 1057 2510 inciderant.
1088 2485 1115 2509 et
1130 2480 1230 2516 ivqfidos
1242 2480 1357 2518 ayitans
1370 2480 1513 2510 discordia
1508 2483 1586 2546 ¹sra-

883 2524 941 2548 tres
967 2522 1067 2557 potest
1093 2528 1161 2547 sane
1187 2518 1225 2546 ad
1251 2518 1329 2547 bella
1354 2519 1453 2548 civilia
1473 2529 1505 2548 re
1519 2519 1588 2552 erri,

883 2568 951 2596 quae
975 2558 1025 2586 ille
1049 2557 1165 2594 sapiens
1188 2566 1244 2585 non
1265 2561 1360 2591 curet,
1382 2562 1415 2586 ut
1437 2567 1490 2586 nec
1510 2556 1587 2585 bella

883 2601 1021 2626 externa:
1062 2595 1125 2625 Aut
1137 2595 1286 2632 conjurato
1303 2595 1471 2624 descendens
1486 2595 1587 2623 Dacus

882 2635 919 2664 ab
947 2635 1037 2663 Istro.
1076 2634 1126 2662 Ita
1155 2637 1249 2662 tamen
1278 2634 1307 2663 in
1338 2634 1437 2672 priore
1467 2641 1585 2670 quoqne

883 2674 1016 2703 membro
1031 2676 1142 2702 certam
1164 2672 1291 2711 aliquam
1311 2681 1465 2711 personam
1485 2680 1518 2699 ac
1533 2680 1584 2699 uo-
