1796 3077
224 187 314 234 120

660 180 706 217 Ρ.
736 175 966 216 VIRGILII
997 176 1246 216 MARONIS

218 303 269 344 M
274 311 428 344 utatam
445 304 638 357 ignorent
659 302 797 342 subito
817 316 869 342 ne
890 300 1045 340 semina
1064 307 1250 341 matrem.

218 360 334 406 Quin
353 361 476 402 etiam
496 358 590 400 coeli
606 358 817 411 regionem
836 358 880 397 in
900 356 1056 397 cortice
1077 356 1256 410 signant,

217 417 290 466 Ut,
322 433 405 471 quo
425 430 601 470 quaeque
619 415 744 454 modo
766 414 941 461 steterit,
971 428 1055 467 qua
1075 421 1194 467 parte
1215 413 1373 456 calores

1577 415 1660 455 270

217 473 441 514 Austrinos
463 472 615 520 tulerit,
646 486 740 524 quae
757 479 877 525 terga
896 470 1125 511 obverterit
1148 471 1231 517 axi,

217 530 482 578 Restituant3
514 528 620 568 adeo
640 529 681 568 in
701 529 855 569 teneris
876 541 1149 568 consuescere
1169 526 1344 568 multum
1361 536 1437 568 est.

219 586 420 634 Collibus,
451 600 504 625 an
525 584 649 639 plano
670 584 816 625 melius
837 584 888 624 sit
907 598 1066 637 ponere
1086 584 1227 634 vitem,

218 643 375 688 Quaere
395 642 534 696 prius3
567 642 599 681 si
619 642 786 695 pinguis
807 655 931 694 agros
951 641 1163 680 metabere
1179 641 1328 694 campi,

215 699 363 739 Densa
383 714 496 747 sere:
528 698 569 738 in
590 698 721 738 denso
740 713 824 738 non
844 697 1014 751 segnior
1033 697 1164 738 ubere
1188 697 1407 748 Baechus3

215 755 289 794 Sin
310 754 476 795 tumulis
499 754 652 796 acclive
673 755 806 795 solum
822 753 1035 806 collesque
1056 755 1241 807 supinos,

216 811 394 865 Indulge
417 812 646 852 ordinibus.

705 810 800 852 NCC
821 811 956 851 SOCIUS
978 810 1108 850 omnis
1128 826 1170 851 ln
1191 825 1375 865 unguem

215 867 454 909 Arboribus
471 869 616 922 positis
638 876 753 909 secto
774 868 841 909 via
860 867 989 908 limite
1009 865 1203 920 quadret.

214 989 234 1017 2
246 988 309 1016 hmo
323 992 389 1016 sunt
401 988 519 1015 semina.
532 989 569 1016 οἵ.
584 988 750 1017 {ml—268
766 993 916 1022 mundam,

214 1026 306 1054 subito
322 1031 450 1058 matrem,
472 1036 586 1059 novam,
608 1027 736 1063 ignotam
761 1031 918 1055 terram.-

215 1075 248 1093 ηε
262 1065 402 1102 iynorent,
424 1065 554 1102 adeoque
576 1075 628 1093 nec
649 1065 836 1100 adsuescant,
866 1076 918 1094 nec

213 1103 242 1132 in
256 1113 290 1132 ea
305 1103 469 1141 proficiant,
490 1103 562 1131 nihil
577 1103 679 1132 ferant.

253 1143 408 1171 269—272
431 1141 598 1171 Provident
617 1151 746 1179 quoque,
767 1142 818 1179 qui
844 1141 920 1170 vites

214 1179 358 1218 plantant,
388 1184 421 1208 ut
441 1180 598 1208 restituant
621 1190 857 1218 unamquamque
885 1190 920 1208 eo

213 1218 285 1252 situ,
315 1228 373 1256 quo
391 1218 421 1246 in
456 1218 573 1247 vitiario
604 1222 738 1252 steterat,
769 1218 920 1247 cardinum

215 1256 283 1285 coeli
296 1256 405 1285 ratione
429 1256 538 1284 habita.
559 1266 677 1295 qumque
702 1257 801 1294 paullo
829 1256 920 1286 altius

215 1295 252 1323 ad
265 1294 383 1323 arbores
397 1305 426 1322 v⁴
447 1296 503 1323 267
518 1295 713 1324 referendum.
741 1295 860 1324 Colum.
881 1296 921 1330 V,

214 1334 244 1367 6,
267 1334 321 1362 19:
343 1334 381 1362 20
394 1333 471 1361 hunc
491 1333 590 1362 locum
608 1334 638 1362 in
654 1333 748 1362 animo
768 1333 921 1362 habuit.—

213 1371 274 1404 ατί,
287 1372 356 1409 polo
369 1372 603 1409 septentrionali,
627 1371 657 1400 vi
674 1372 815 1410 oppositi.
855 1372 921 1411 Sig-

215 1413 301 1439 natur
314 1410 343 1438 in
357 1410 457 1447 planta
470 1420 538 1448 pars
552 1410 621 1439 coeli
638 1410 798 1439 meridiana
813 1411 842 1439 in
857 1421 922 1439 cor--

213 1448 282 1482 tice,
306 1452 338 1476 ut
351 1448 495 1477 translata
515 1449 586 1477 vitis
606 1449 708 1478 eadem
725 1454 808 1486 parte
833 1449 921 1478 meri-

213 1486 306 1518 diem,
326 1487 431 1515 eadem
444 1488 673 1524 septentrionem
689 1491 813 1524 spectet.

253 1526 322 1554 273.
355 1526 411 1554 274
445 1526 482 1553 In
510 1526 571 1554 vite
604 1527 731 1554 serenda
755 1526 922 1561 considera,

214 1566 313 1592 utrum
329 1564 379 1592 illa
396 1563 496 1592 laetius
511 1564 539 1592 in
553 1564 620 1592 loeo
636 1564 722 1601 plano
743 1568 923 1601 proventura

214 1601 254 1629 sit
268 1612 303 1630 an
317 1602 344 1630 in
358 1602 443 1631 colle.
475 1602 517 1631 Ut
533 1603 626 1640 vulgo
643 1603 706 1631 [uec
722 1602 920 1640 accipiuntur,

213 1639 274 1668 hiat
300 1641 407 1669 oratio.
458 1640 525 1669 Nec
550 1641 669 1670 videtur
694 1641 739 1669 hic
763 1641 922 1678 quaestioni

212 1678 297 1707 locus
312 1688 389 1713 esse,
412 1679 487 1708 sitne
503 1679 618 1708 omnino
633 1679 738 1708 melius
762 1679 878 1708 vineam
892 1680 920 1708 in

212 1717 289 1745 colle
303 1727 339 1746 an
354 1718 383 1745 in
396 1727 499 1755 campo
518 1717 624 1746 facere.
664 1717 742 1745 Nam
763 1721 920 1755 utrumque

212 1759 243 1783 et
257 1759 336 1784 recte
352 1755 394 1789 fit,
416 1759 447 1784 et
468 1755 532 1783 fleri
552 1758 663 1792 potest,
692 1759 722 1783 et
743 1765 920 1793 qua-tiquam

212 1793 307 1831 campi
335 1792 444 1830 larqz'us
472 1794 579 1826 υἰηιιηι,
616 1792 700 1821 colles
724 1793 847 1821 nobilius
872 1795 919 1831 fe-

212 1836 292 1865 runt,
315 1831 431 1860 Pallad.
459 1831 486 1865 I,
506 1832 536 1863 6,
565 1833 601 1860 7:
632 1831 729 1868 Geop.
758 1831 853 1865 VIII,
883 1832 920 1860 ad

214 1870 243 1902 l,
271 1870 351 1907 quod
381 1874 476 1898 tamen
501 1869 669 1907 subjicitur,
703 1868 774 1897 nihil
796 1869 851 1897 hoo
877 1870 918 1898 fa—

212 1907 264 1935 cit.
305 1908 366 1936 Sed
385 1907 531 1941 delectus,
551 1918 637 1946 quem
661 1908 744 1942 facis,
764 1908 840 1935 ratio
866 1918 920 1945 pro

212 1945 292 1979 coeli,
312 1946 463 1984 regionum
478 1950 508 1974 et
523 1951 669 1975 tractuum
685 1946 804 1974 diversa
817 1950 920 1975 natura

213 1984 339 2018 variare,
361 1988 391 2012 et
415 1995 450 2013 ea
473 1984 620 2014 dubitatio
640 1985 786 2013 exsistere
809 1988 919 2023 potest,

214 2022 271 2050 sub
305 2023 361 2051 hoc
393 2023 442 2051 vel
471 2023 523 2052 illo
556 2023 644 2057 coelo,
680 2023 708 2051 in
741 2023 793 2051 tali
826 2023 919 2052 vineae

212 2060 285 2095 situ,
305 2064 356 2089 aut
370 2060 399 2088 in
413 2065 495 2090 certo
512 2071 618 2100 genere
632 2060 749 2097 vitium,
769 2062 849 2099 qnod
868 2061 919 2090 ha-

214 2099 296 2133 beas,
316 2102 417 2128 utrum
434 2099 622 2138 potissimum
635 2100 733 2128 facere
754 2100 920 2136 conveniat,

213 2137 413 2175 campestrine
430 2149 464 2167 an
484 2138 590 2167 collino
603 2137 666 2167 solo
682 2138 795 2167 vineam
810 2148 920 2168 serere.

215 2175 334 2204 Colum.
358 2176 425 2204 III.
446 2178 474 2211 l,
494 2179 512 2205 5
536 2177 729 2215 Exploratum
751 2181 846 2206 tamen
869 2177 919 2205 Ῐια-

214 2212 288 2241 babit
307 2214 434 2252 prudens
458 2226 475 2243 (ι
497 2215 584 2244 ricula
612 2225 702 2253 yenus
730 2215 797 2243 vicis
829 2215 921 2245 habile

213 2261 321 2288 campo,
342 2253 419 2290 quod
437 2225 553 2282 nebridas
564 2254 753 2292 pruinamque
772 2253 832 2282 sine
846 2264 921 2283 noxa

210 2291 341 2327 perfer&
372 2290 446 2325 colli,
477 2290 553 2330 quod
581 2292 736 2321 siccitatem
769 2296 922 2330 ventosque

210 2328 335 2364 patitur.
347 2329 385 2357 cs.
398 2329 475 2359 Plin.
490 2330 603 2365 XVII,
614 2331 653 2359 22
665 2341 689 2360 s.
703 2331 753 2365 35,
776 2332 921 2360 16.--274

214 2367 310 2395 -277
324 2367 403 2401 Jam,
417 2368 442 2396 si
458 2368 486 2396 in
500 2369 586 2407 plano
608 2369 721 2397 vineam
743 2369 826 2403 facis,
848 2369 920 2398 den-

214 2413 274 2437 sas,
302 2405 346 2433 sin
370 2405 398 2433 in
418 2406 505 2441 colle,
527 2417 608 2436 raras
635 2407 767 2445 plantato
791 2407 920 2436 vites.—

215 2442 327 2471 Metari
345 2453 441 2481 (tyros,
468 2445 604 2480 finiendo,
625 2446 655 2474 h.
676 2446 697 2474 l.
717 2445 753 2473 de
771 2455 818 2480 ec,
840 2447 919 2484 quod

214 2481 414 2519 consequitur,
443 2484 592 2519 intellig&
625 2487 672 2513 est
697 2483 810 2512 vineam
835 2484 918 2514 insti-

213 2523 307 2554 tuere,
327 2521 530 2550 facere—:⁷275
551 2523 629 2551 Haec
642 2527 693 2551 aut
712 2523 755 2550 sic
768 2522 915 2560 accipies:

213 2557 244 2586 in
253 2558 338 2586 denso
349 2558 432 2587 ubere
441 2560 487 2597 (v.
498 2562 573 2597 234)
584 2571 640 2589 ηοη
653 2560 766 2598 seynior
777 2561 918 2596 Bacchus,

214 2596 244 2624 h.
257 2597 286 2624 in
302 2596 365 2624 solo
389 2597 479 2625 denso
500 2600 555 2635 (ef.
570 2600 644 2636 220)
664 2599 725 2628 vini
749 2609 805 2627 non
822 2599 917 2629 minus

213 2634 302 2663 loetus
324 2639 485 2672 proventus
504 2637 615 2674 (seqnis
635 2638 673 2666 de
698 2641 859 2674 proventu:
889 2648 918 2666 v.

214 2673 249 2701 ad
273 2673 327 2702 Ge.
349 2673 377 2707 Ι,
400 2674 495 2711 142.),
518 2674 633 2705 etiamsi
647 2675 745 2711 (lousa,
770 2675 799 2704 h.
814 2675 916 2710 deme,

668 2716 693 2740 ³56

956 986 1086 1024 plantes:
1104 987 1194 1015 autin
1209 987 1304 1021 denso,
1322 988 1351 1016 h.
1367 997 1393 1016 e.
1409 997 1488 1022 cum,
1502 987 1665 1016 minoribus

957 1025 1060 1062 spatiis
1093 1025 1217 1059 relictis,
1252 1026 1352 1054 densa‘
1389 1030 1538 1064 ponuntur
1578 1027 1667 1060 vites,

957 1064 1089 1091 Bacchus
1118 1074 1173 1091 ηοιι
1201 1064 1315 1102 sequior
1340 1065 1435 1099 ubere,
1464 1064 1492 1092 Ιι.
1517 1065 1662 1098 ubertate,

961 1106 1017 1135 est,
1045 1102 1110 1130 scil.
1135 1102 1160 1130 si
1182 1102 1210 1130 in
1231 1103 1332 1140 pingui
1353 1104 1415 1131 solo
1443 1103 1557 1132 vineam
1582 1103 1669 1132 facis.

962 1140 1128 1177 Utrumque
1150 1144 1231 1168 recte
1254 1140 1298 1175 tit,
1320 1143 1371 1170 sed
1385 1142 1536 1180 posterius
1558 1142 1669 1171 verius.

959 1179 1002 1206 At
1024 1179 1051 1206 in
1069 1179 1157 1206 densa
1172 1178 1310 1214 ubertate,
1335 1190 1393 1217 quo
1419 1180 1506 1208 modo
1527 1181 1619 1209 verba
1638 1180 1669 1209 ia

959 1217 1044 1245 denso
1067 1217 1150 1245 ubere
1171 1218 1331 1255 explicant,
1354 1219 1405 1247 vix
1424 1219 1528 1247 Latino
1541 1219 1601 1247 dici
1617 1228 1671 1257 po-

962 1259 1030 1284 test.
1052 1255 1095 1284 H.
1112 1256 1227 1284 densum
1240 1256 1309 1284 uber
1319 1261 1365 1285 est
1378 1257 1462 1291 uber,
1481 1257 1588 1291 solum,
1599 1258 1671 1286 clen-

962 1304 1027 1322 sum
1044 1294 1168 1328 vitibus,
1191 1305 1227 1322 ex
1243 1298 1395 1329 contextu,
1417 1300 1450 1324 ut
1465 1295 1532 1324 litus
1553 1295 1670 1324 densum

962 1337 1009 1361 est
1035 1333 1160 1361 densum
1192 1334 1300 1368 arenis,
1330 1334 1455 1362 Metam.
1505 1334 1597 1363 Ovid.
1622 1334 1672 1368 II,

961 1372 1030 1400 576.
1068 1370 1114 1400 W.
1166 1371 1307 1400 Ceterum
1336 1372 1383 1401 hic
1410 1372 1597 1402 manifestum
1624 1373 1670 1408 fit,

962 1410 1094 1438 Socratis
1118 1409 1350 1448 disputationem
1375 1411 1493 1449 Virgilii
1518 1411 1612 1440 animo
1627 1411 1670 1442 in-

963 1449 1088 1481 sedisse,
1112 1448 1256 1487 Xenoph.
1281 1448 1388 1478 OEcon.
1413 1460 1438 1478 c.
1459 1449 1592 1484 XVIII,
1613 1451 1671 1478 8-

963 1488 1110 1516 ll.—276
1132 1487 1187 1515 Sin
1213 1489 1363 1516 metabere
1385 1488 1475 1516 solum
1501 1488 1604 1517 acclive
1625 1492 1670 1517 tu-

961 1525 1055 1559 mulis,
1068 1525 1137 1562 quia
1152 1525 1180 1553 in
1195 1526 1310 1554 tumulo
1331 1527 1421 1555 situm
1442 1530 1498 1561 est,
1519 1528 1556 1555 ad
1573 1531 1670 1556 tumu-

961 1563 1021 1591 lum
1036 1564 1287 1602 assurgit.—·277.
1301 1565 1359 1594 27&
1369 1565 1503 1602 Indulyet
1524 1565 1670 1594 ordinibus

960 1605 991 1630 et
1012 1602 1048 1635 is,
1071 1602 1121 1639 qui
1145 1602 1321 1640 simpliciter
1344 1604 1413 1632 facit
1433 1604 1561 1639 ordines,
1582 1608 1611 1633 et
1630 1604 1667 1639 is,

961 1640 1011 1678 qui
1042 1641 1171 1669 laxiores
1206 1651 1239 1669 ac
1278 1641 1404 1671 rariores
1440 1642 1523 1677 facit,
1556 1643 1668 1680 magnis

962 1679 1066 1716 spatiis
1090 1679 1212 1714 relictis,
1238 1684 1271 1708 ut
1293 1680 1435 1709 delectari
1455 1680 1540 1718 quasi
1560 1681 1598 1709 iis
1619 1681 1664 1710 vi-

960 1717 1077 1746 deatur.
1114 1719 1196 1747 Bene
1210 1718 1294 1747 Serv⁴
1307 1719 1421 1747 ordines
1433 1719 1505 1755 effice
1519 1718 1670 1758 laryiores.

960 1755 996 1782 In
1025 1757 1171 1794 praecepti
1193 1757 1308 1786 ratione
1344 1757 1492 1786 dissident
1518 1762 1668 1788 auctores.

959 1794 1016 1821 277
1032 1793 1094 1822 Nec
1109 1795 1210 1827 secius,
1225 1796 1253 1824 h.
1268 1796 1353 1827 item.
1373 1806 1473 1834 porro,
1493 1796 1592 1831 etiam,
1614 1806 1668 1826 nec

959 1831 1067 1865 minus,
1101 1832 1264 1868 arboribus,
1289 1834 1405 1869 vitibus,
1429 1834 1545 1872 positis,
1566 1835 1597 1863 in
1616 1844 1670 1863 un-

957 1878 1049 1907 9uem,
1072 1869 1109 1898 ad
1134 1880 1274 1907 unguem,
1299 1872 1392 1900 omnis
1416 1872 1463 1900 via
1483 1873 1615 1910 quadret,
1635 1874 1666 1908 h.

959 1908 1078 1936 ordines
1103 1913 1210 1937 exacte
1230 1910 1417 1943 conveniant,
1437 1915 1610 1947 congruant,
1631 1911 1667 1940 li-

959 1945 1024 1974 mite
1040 1950 1124 1981 secto,
1151 1946 1228 1975 linea
1241 1948 1340 1982 ducta,
1363 1958 1430 1986 qna>
1445 1949 1561 1977 ordines
1587 1949 1670 1978 facit.

959 1984 1081 2013 Scilicet
1093 1985 1258 2022 posteriora
1271 1985 1336 2014 haec
1351 1987 1468 2024 poetica
1482 1987 1568 2024 copia
1585 1997 1667 2017 aoce-

959 2024 1043 2051 dunt.
1092 2023 1295 2058 Quinouncem
1332 2025 1445 2063 respici
1474 2025 1562 2054 docet
1590 2027 1671 2055 Plin.

960 2061 1075 2095 XVII,
1097 2064 1133 2091 ll
1149 2072 1172 2090 s.
1186 2063 1232 2090 15,
1271 2060 1309 2090 In
1323 2062 1504 2100 disponendis
1519 2063 1671 2093 arboribus

959 2099 1097 2129 arbusti-9(
1107 2110 1140 2128 ue
1152 2111 1184 2128 ac
1199 2099 1289 2129 vineis
1312 2101 1518 2139 quincuncialis
1537 2102 1669 2132 ordinum

958 2139 1035 2167 ‘ratio
1045 2149 1081 2167 vu
1089 2143 1161 2176 yma
1168 2143 1196 2167 et
1206 2140 1377 2174 necessaria,
1390 2150 1446 2168 nou
1451 2141 1577 2178 perflatu
1587 2142 1670 2171 modo

958 2177 1050 2210 utilis,
1071 2187 1167 2206 verum
1177 2181 1203 2206 et
1215 2183 1329 2216 aspectu
1340 2182 1437 2216 yram,
1459 2189 1571 2217 quoquo
1583 2180 1665 2209 modo

959 2214 1098 2250 intueare,
1127 2216 1156 2244 iu
1181 2216 1309 2245 ordinem
1332 2227 1362 2245 se
1383 2218 1549 2256 porrigente
1573 2228 1669 2248 versu.

961 2254 1021 2282 Alii
1029 2254 1158 2292 jungunt
1177 2265 1234 2283 non
1244 2260 1393 2284 secus—ut
1406 2265 1461 2293 pro
1479 2266 1535 2284 non
1547 2266 1667 2286 secus-—

960 2302 1097 2331 —quum,
1125 2292 1216 2321 allato
1242 2292 1350 2322 Horat.
1373 2294 1432 2323 od.
1458 2295 1505 2328 ΙΙ,
1534 2296 1583 2329 25,
1609 2296 1668 2323 8-

961 2331 1020 2364 12.,
1034 2334 1067 2359 ut
1102 2330 1220 2360 eriodus
1234 2332 1263 2360 in
1278 2333 1370 2361 verbo
1385 2333 1475 2361 armis
1487 2332 1613 2361 finiatur.
1621 2332 1665 2363 H.

960 2368 1038 2397 Mihi
1071 2369 1229 2398 Porcellini
1258 2375 1340 2400 recte
1372 2371 1499 2400 sensisse
1535 2371 1666 2405 videtur,

959 2417 1015 2435 non
1027 2407 1120 2435 secius
1132 2408 1278 2446 accipiens
1291 2419 1347 2448 pro
1358 2419 1364 2436 ι
1381 2409 1484 2438 eodem
1497 2409 1586 2437 modo
1602 2409 1666 2439 sive

957 2445 986 2474 in
1001 2445 1089 2483 plano
1104 2446 1166 2475 sive
1179 2447 1207 2475 in
1222 2447 1297 2476 colle
1311 2448 1402 2476 vitem
1412 2457 1514 2486 ponas.
1553 2447 1589 2476 In
1602 2448 1664 2486 pri-

958 2484 1060 2512 oribus
1087 2484 1164 2512 enim
1188 2486 1226 2514 de
1251 2486 1361 2515 vitibus
1389 2495 1442 2523 pro
1467 2489 1573 2514 nutura
1598 2487 1663 2524 agri

958 2523 1079 2551 densius
1114 2523 1163 2553 vel
1199 2524 1295 2553 rarius
1320 2523 1462 2562 ponendis
1502 2529 1665 2554 monuerat.

958 2561 1033 2589 Tum
1049 2565 1145 2589 autem
1161 2564 1253 2591 verba
1264 2567 1295 2590 ut
1306 2573 1390 2600 quum
1400 2566 1540 2599 usurpata
1551 2566 1663 2591 statues

957 2609 1011 2637 pro
1025 2599 1112 2629 veluti
1132 2610 1228 2638 qeuem,
1248 2605 1336 2638 atque
1358 2604 1428 2638 post
1448 2600 1568 2638 quadret
1583 2602 1661 2636 colo,

957 2642 1025 2676 post
1038 2638 1128 2669 armis
1142 2643 1264 2677 puncto,
1284 2639 1457 2677 distingues,
1496 2639 1542 2669 W.
