1796 3077
587 184 874 226 Bucoch.
931 187 1047 227 ECL.
1077 188 1150 227 1v.
1508 197 1572 242 23

120 308 276 360 ejusque
295 307 587 359 descriptionem
605 309 678 346 ab
667 309 725 354 iis,
744 322 831 359 quae
849 307 898 347 de
911 308 1054 348 saeculo
1073 323 1189 348 aureo
1206 320 1465 350 memorarunt
1481 317 1579 363 poe-

121 371 184 408 tae,
203 370 454 400 mutuaretur.
521 362 779 412 Quascunque
810 371 936 400 autem
969 363 1007 401 in
1042 363 1114 401 hoc
1142 377 1280 414 genere
1308 364 1579 416 descriptiones

120 429 231 453 novae
249 415 438 453 felicitatis
459 416 655 461 habemus,
676 415 804 453 sivein
817 415 986 454 Orientis
1000 417 1078 454 sive
1097 417 1135 454 in
1153 416 1301 454 Graecis
1315 418 1376 455 vel
1394 418 1578 457 Romanis

119 468 253 519 poetis,
290 481 346 506 eae
365 482 494 507 omnes
514 468 592 507 fere
618 468 716 506 inter
735 482 775 506 se
801 469 941 506 similes
959 478 1069 514 sunt3
1099 470 1232 508 bestiae
1249 483 1293 508 ac
1310 470 1401 509 ferae
1421 473 1578 518 cicures,

121 533 312 572 serpentes
331 522 494 567 innocui,
510 522 642 571 fruges
661 521 768 559 nullo
783 521 888 559 cultu
909 532 1043 567 enatae,
1058 536 1161 560 mare
1180 523 1385 573 placidum,
1401 525 1454 562 dii
1465 538 1577 586 'prae-

119 584 243 612 sentes
257 575 295 612 in
310 575 432 621 terris,
452 575 600 625 aliaque
617 574 830 635 ejusmodi
819 588 857 612 m
873 576 1048 613 omnibus
1060 586 1330 614 memorantur.
1356 577 1473 616 Hoc
1462 579 1580 628 igitur

119 627 273 665 oraculo
301 641 368 666 seu
392 637 606 666 commento
632 627 830 678 ingenioso
850 627 1034 678 Virgilius
1062 629 1262 667 commode
1292 643 1383 668 usus
1415 644 1509 677 esse,
1539 640 1578 669 et

120 694 207 731 quae
225 681 273 719 de
292 689 404 719 aetate
423 695 546 727 aurea,
577 681 615 718 in
634 681 766 731 primis
791 682 838 719 ab
857 680 1044 727 Hesiodo,
1064 691 1334 728 memorantur,
1349 684 1398 722 ad
1416 698 1460 722 ea
1479 693 1576 722 tem-

118 747 224 784 pora,
245 735 381 785 quibus
400 735 494 773 hanc
513 734 685 784 eclogam
706 734 869 784 scripsit,
890 735 1126 773 transtulisse
1146 735 1267 773 videri
1285 736 1411 774 debet.
1469 738 1578 775 Prae-

121 796 223 825 terea
251 796 337 824 ante
364 787 494 825 oculos
521 788 557 825 ei
586 787 806 824 versabatur
835 788 883 824 ab
910 786 1082 825 Etruscis
1110 788 1281 838 profecta
1306 790 1407 827 fama
1426 790 1473 828 de
1491 799 1580 828 octo

121 840 270 878 saecuh's
290 841 394 890 genti
414 840 589 878 Etruscae
609 839 718 884 datis,
739 848 777 877 et
796 839 844 876 de
870 840 1013 878 saeculo
1033 853 1132 878 nono
1148 841 1236 878 inde
1254 855 1276 879 a
1302 842 1408 880 Sulla
1427 857 1579 889 exorso,

120 902 202 931 tum
219 893 267 931 de
287 893 446 938 decimo,
472 892 619 943 periodi
636 905 776 938 rerum,
812 906 898 943 quae
919 902 1000 930 tum
1020 902 1111 938 erat,
1140 893 1227 931 fine.
1255 895 1304 932 cf.
1327 894 1522 934 Censorin.
1545 910 1579 934 c.

123 950 184 986 17.
241 946 421 984 Plutarch
445 946 484 984 in
502 946 597 983 Sull.
617 959 656 996 p.
673 948 767 984 456.
789 945 855 990 Α.,
876 946 1050 984 Servium
1069 946 1118 984 ad
1138 947 1222 984 Ecl.
1236 947 1309 992 IX,
1325 951 1388 987 47.
1446 948 1580 998 (Adde

120 999 235 1050 quod,
255 1013 358 1050 pace,
375 1000 422 1037 de
441 1013 516 1049 qua
534 999 632 1036 infra
648 999 933 1044 memorabitur,
953 999 1161 1037 Brundusii
1184 1003 1273 1039 714.
1296 1001 1456 1047 firmata,
1477 1003 1577 1052 opti-

119 1066 202 1091 mas
232 1053 280 1090 de
298 1052 482 1091 libertatis
503 1053 608 1090 bonis
641 1052 882 1090 restituendis
901 1061 939 1090 et
957 1054 1140 1102 augendis
1160 1067 1246 1104 spes
1266 1067 1351 1092 cum
1371 1055 1455 1093 aliis
1473 1055 1578 1092 haud

121 1106 235 1144 dubie
255 1114 477 1156 conceperat
496 1105 622 1143 Maro.
650 1105 725 1151 W.)
777 1105 829 1143 Et
847 1106 930 1143 haec
960 1106 1113 1155 quidem
1143 1107 1233 1144 satis
1266 1116 1355 1144 sunt
1384 1108 1580 1158 expedita.

121 1159 266 1197 Verum
285 1159 381 1197 illud
400 1160 490 1197 facit
517 1159 792 1203 difficultatem,
817 1159 920 1209 quod
939 1160 988 1197 ad
1010 1159 1154 1197 natales
1172 1161 1280 1210 pueri
1297 1161 1455 1211 alicujus
1482 1162 1582 1199 circa

120 1212 160 1250 id
180 1221 339 1262 tempus,
366 1213 437 1250 hoc
458 1204 639 1250 Pollionis
660 1212 871 1257 consulatu,
891 1213 1070 1250 nascituri
1089 1214 1216 1250 omnia
1236 1213 1319 1250 haec
1344 1214 1581 1252 transtulisse

120 1266 271 1303 videtur
302 1270 425 1316 poeta,
452 1266 556 1316 quod
574 1279 684 1302 nemo
714 1266 766 1302 ita
784 1265 1072 1315 intelligendum
1103 1280 1184 1303 esse
1206 1267 1460 1312 arbitrabitur,
1485 1281 1529 1304 ae
1548 1268 1581 1304 si

120 1331 282 1369 puerum
296 1319 403 1357 illum
422 1320 510 1356 novi
528 1332 653 1356 rerum
673 1319 817 1356 ordinis
831 1330 1023 1356 auctorem
1044 1320 1200 1357 diceret.
1248 1320 1381 1357 Potius
1400 1321 1489 1357 novi
1507 1334 1580 1358 sae-

122 1373 197 1409 culi
218 1373 387 1417 felicitas,
407 1373 526 1423 pueri,
559 1373 622 1422 qui
653 1382 734 1409 turn
754 1374 1038 1422 expectabatur,
1062 1373 1263 1418 natalibus,
1289 1382 1467 1423 tanquam
1489 1387 1579 1424 epo-

123 1425 216 1471 chae,
250 1426 398 1476 alligari
426 1426 589 1463 videtur.
645 1425 732 1462 Jam
759 1426 823 1475 qui
852 1426 916 1463 ille
934 1439 1040 1476 puer,
1072 1440 1158 1476 quae
1185 1440 1229 1463 ea
1256 1440 1341 1476 spes
1369 1427 1514 1471 fuisset,
1538 1435 1581 1463 ut

123 1488 425 1528 cognosceretur,
455 1479 659 1529 quaesitum
682 1487 738 1515 est
758 1479 915 1523 curiose,
948 1480 1101 1528 quinam
1121 1479 1186 1516 illo
1206 1493 1304 1516 anno
1328 1480 1466 1516 nobilis
1485 1493 1581 1528 puer

122 1542 244 1577 natus,
264 1542 329 1570 ant
347 1532 451 1582 quod
468 1532 600 1569 saltem
618 1532 861 1581 puerperium
880 1532 1017 1568 nobilis
1042 1532 1192 1569 feminee
1214 1545 1320 1580 spem
1339 1532 1456 1580 prolis
1477 1534 1580 1569 sutu-

121 1599 176 1622 rae
208 1586 492 1623 memorabilem
523 1585 742 1622 ostenderit.
799 1584 1001 1632 Agebatur
1033 1593 1160 1620 autem
1190 1597 1309 1620 annus
1343 1584 1391 1621 U.
1413 1584 1457 1621 C.
1491 1588 1580 1630 714,

124 1637 168 1675 C.
191 1638 324 1675 Asinio
343 1638 514 1675 Pollione
534 1646 571 1674 et
598 1637 670 1673 Cn.
693 1636 864 1673 Domitio
885 1636 1043 1672 Calvino
1063 1636 1185 1680 Coss„
1205 1646 1248 1673 ut
1274 1650 1323 1674 ex
1341 1651 1379 1674 V.
1404 1641 1448 1674 11
1471 1647 1507 1674 et
1531 1641 1578 1675 12

122 1700 240 1741 patet.
297 1691 353 1727 Ut
370 1691 461 1728 alias
480 1691 646 1726 virorum
666 1689 866 1726 doctorum
894 1690 1089 1738 opiniones
1115 1690 1297 1735 omittam,
1319 1703 1364 1727 eo
1383 1704 1481 1728 anno
1503 1691 1581 1728 duo

123 1754 212 1780 sunt
230 1753 374 1788 eventa,
393 1743 441 1780 ad
460 1757 545 1792 quae
566 1752 715 1779 narrata
733 1742 901 1778 revocari
921 1755 1032 1791 posse
1052 1750 1247 1792 putarunt.
1304 1743 1474 1780 Primum
1492 1752 1582 1793 post

124 1810 304 1841 summos,
325 1810 371 1833 ne
389 1796 532 1833 bellum
552 1795 661 1832 civile
679 1796 774 1831 inter
794 1794 1049 1832 Octavianum
1068 1804 1106 1832 et
1125 1794 1183 1831 M.
1205 1795 1426 1841 Antonium,
1448 1797 1512 1845 qui
1532 1810 1582 1834 ex

124 1849 218 1887 Asia
236 1863 321 1887 cum
341 1850 458 1898 copiis
478 1849 516 1885 in
536 1848 685 1885 Italiam
705 1847 915 1897 trajecerat,
946 1849 1238 1892 recrudesceret,
1272 1857 1408 1893 metus,
1436 1849 1583 1887 Maece-

123 1903 220 1940 natis
251 1911 288 1940 et
316 1902 497 1939 Pollionis
527 1915 642 1951 opera
672 1901 877 1938 Brundusii
908 1914 985 1951 pax
1004 1901 1214 1951 composita
1234 1902 1317 1946 fuit,
1345 1902 1454 1952 eujus
1476 1903 1584 1952 quasi

122 1956 260 2005 pignus
281 1955 452 1999 Octavia,
470 1954 671 1992 Octaviani
692 1968 808 1998 soror,
827 1954 996 1991 Antonio
1012 1955 1049 1991 in
1068 1955 1347 1992 matrimonium
1361 1956 1499 1993 tradita
1509 1964 1581 1993 est.

124 2009 219 2046 Erat
237 2023 280 2046 ea
298 2023 347 2046 ex
364 2009 488 2058 priore
508 2008 655 2052 marito,
679 2007 722 2044 C.
739 2007 938 2052 Marcello,
957 2008 1125 2057 gravida,
1147 2008 1185 2044 id
1204 2008 1307 2057 quod
1327 2008 1477 2046 disertis
1496 2022 1583 2046 ver-

123 2062 182 2099 bis
207 2062 283 2099 Dio
302 2070 487 2099 memorat
516 2061 580 2098 lib.
612 2060 799 2105 XLVIII,
821 2074 853 2097 c.
875 2064 938 2098 31.
997 2060 1125 2120 Hujus
1157 2061 1303 2110 prolem
1321 2061 1499 2107 futuram,
1520 2061 1581 2099 M.

125 2114 366 2160 Marcellum,
395 2129 575 2165 generum
595 2123 682 2164 post
712 2114 891 2164 Augusti,
918 2114 966 2151 de
996 2114 1104 2164 cujus
1122 2114 1327 2150 laudibus
1317 2127 1354 2150 in
1376 2113 1462 2151 AEn.
1485 2114 1584 2152 libro

126 2167 304 2213 V1.862‚
324 2182 408 2218 sqq.
435 2168 541 2205 locus
560 2168 699 2217 legitur
730 2167 948 2217 praeclarus,
974 2167 1262 2216 intelligendum
1292 2180 1386 2212 esse,
1417 2167 1583 2212 fuerunt,

127 2222 191 2270 qui
210 2222 465 2270 opinarentur.
511 2221 561 2258 Et
580 2234 666 2258 cum
686 2220 750 2257 illa
769 2234 860 2270 pace
876 2234 919 2258 ac
932 2220 1170 2257 matrimonio
1190 2219 1411 2257 confirmata
1428 2220 1583 2257 tandem

126 2274 279 2323 publica
294 2274 545 2323 tranquillitas
565 2274 767 2318 videretur,
789 2282 898 2310 erunt
917 2274 1088 2318 fortasse,
1115 2274 1251 2322 quibus
1271 2273 1361 2310 satis
1381 2273 1582 2311 commode

127 2326 312 2376 Virgilius
343 2327 441 2364 hunc
461 2337 639 2376 tanquam
660 2327 819 2364 fundum
840 2327 897 2363 sui
917 2327 1091 2364 carminis
1112 2327 1244 2364 fecisse
1263 2327 1446 2371 videatur,
1468 2335 1511 2364 ut
1531 2340 1581 2364 ex

127 2393 172 2417 eo
199 2390 379 2429 tempore,
398 2394 523 2417 rerum
546 2381 697 2417 fortuna
729 2380 766 2416 in
795 2380 930 2417 melius
958 2389 1113 2424 mutata,
1140 2393 1292 2417 auream
1321 2388 1473 2417 aetatem
1503 2393 1586 2417 esse

127 2446 364 2470 reversuram
384 2433 535 2478 diceret,
554 2447 711 2493 eamque
727 2433 951 2470 sententiam
969 2434 1143 2471 omnihus
1163 2434 1207 2469 iis
1227 2442 1438 2477 exornaret,
1459 2447 1546 2482 quae
1560 2445 1583 2469 a

129 2487 252 2536 poetis
285 2485 333 2523 de
353 2486 401 2522 1’61
394 2486 528 2523 -1611616
547 2487 628 2536 ejus
647 2487 771 2523 aetatis
802 2486 1088 2523 commemorari
1106 2485 1240 2522 solent.
1297 2486 1374 2522 Sed
1400 2487 1496 2523 hanc
1515 2499 1583 2522 ex-

127 2540 369 2589 plicationem
388 2552 504 2588 quum
523 2539 605 2576 aliae
626 2539 879 2584 difficultates,
899 2548 980 2576 tum
998 2539 1080 2575 haec
1100 2540 1292 2588 praecipue
1312 2539 1459 2588 premit,
1481 2537 1584 2587 quod

128 2606 222 2651 puer
241 2606 289 2629 ex
307 2593 468 2629 Octavia
494 2592 763 2642 suscipiendus,
794 2606 841 2629 ex
862 2592 979 2642 priori
998 2592 1237 2628 matrimonio
1266 2600 1346 2628 erat
1360 2593 1584 2634 nasciturus,

130 2645 182 2682 ita
200 2654 241 2682 ut
261 2659 335 2682 non
354 2653 543 2695 appareat,
563 2654 703 2693 quanta
722 2659 807 2695 spes
827 2659 875 2683 ex
894 2645 1000 2695 pueri
1021 2644 1120 2681 illius
1136 2645 1324 2682 natalibus
1337 2645 1384 2681 de
1406 2644 1582 2681 felicitate

131 2698 281 2747 publica
299 2700 445 2749 concipi
465 2699 641 2749 potuerit.
695 2699 822 2737 Aliam
852 2712 1004 2748 magnae
1035 2699 1312 2748 expectationis
1342 2698 1487 2747 prolem
1519 2709 1582 2734 os·
