1796 3077
491 596 556 651 P.
599 590 950 648 VIRGILII
992 585 1369 640 MARONIS

405 778 1449 855 AENEIDOS.

555 971 781 1014 LIBER
818 967 1294 1012 UNDECIMUS.

836 1130 1036 1153 *-

718 1263 1138 1302 ARGUMENTUM.

203 1404 344 1440 Occlso
374 1400 568 1436 Mezentio
600 1398 721 1434 victor
755 1396 894 1432 AEneas
925 1395 1044 1431 Marti
1074 1402 1260 1444 tropaeum
1294 1394 1405 1443 erigit
1422 1408 1429 1431 ε
1478 1394 1658 1434 Pallantis

203 1454 343 1493 mortui
361 1465 497 1501 corpus
526 1463 665 1498 magno
685 1462 835 1498 pompae
867 1457 1051 1497 apparatu
1070 1447 1118 1484 ad
1138 1447 1307 1484 Evandri
1326 1450 1458 1484 urbem
1478 1449 1660 1485 remittit:

202 1508 267 1544 ubi
285 1518 433 1543 summo
453 1512 490 1541 et
508 1504 626 1553 patris
646 1510 682 1538 et
705 1513 861 1537 suorum
880 1500 1048 1537 omnium
1067 1500 1172 1536 luctu
1193 1501 1498 1549 excipitur—99.
1556 1501 1658 1537 Inte-

203 1560 275 1597 rim
294 1567 462 1595 oratores
482 1570 503 1593 a
531 1555 674 1592 Latinis
701 1553 804 1590 missi
825 1553 972 1589 dierum
998 1553 1199 1589 duodecim
1229 1553 1399 1589 inducias
1433 1553 1660 1601 impetrant:

205 1625 281 1661 quo
302 1609 481 1659 temporis
505 1608 626 1657 spatio
646 1607 796 1655 utrique
814 1619 969 1642 suorum
990 1605 1173 1642 cadavera
1200 1606 1434 1654 perquirunt,
1467 1619 1662 1654 supremo-

206 1677 279 1713 que
300 1662 506 1712 sepulturae
522 1661 663 1696 honore
676 1661 1102 1708 prosequuntur—224.
1159 1657 1305 1694 Eodem
1322 1671 1472 1707 quoque
1493 1666 1662 1706 tempore

205 1716 391 1759 Venulus,
424 1726 536 1762 quem
566 1713 635 1748 sub
662 1711 750 1748 belli
781 1711 927 1746 initium
958 1710 1125 1759 legatum
1159 1710 1206 1748 ad
1227 1710 1452 1746 Diomedem
1484 1710 1664 1746 miserant

206 1768 344 1811 Latini,
365 1766 413 1803 ad
433 1778 520 1802 suos
536 1765 658 1801 redux
673 1762 816 1800 auxilia
835 1762 906 1799 sibi
926 1762 1111 1811 denegata
1131 1763 1471 1800 renunciat—295.
1522 1762 1578 1799 Ea
1597 1776 1664 1812 spe

209 1821 411 1858 destitutus
441 1818 612 1860 Latinus,
655 1815 812 1852 concilio
846 1824 1053 1851 convocato
1090 1815 1137 1851 de
1169 1828 1315 1851 summa
1352 1815 1440 1851 belli
1464 1815 1664 1859 consultat,

207 1874 429 1921 legatosque
448 1870 494 1906 de
512 1870 615 1918 pacis
636 1867 912 1904 conditionibus
928 1867 976 1902 ad
995 1866 1156 1903 AEneam
1171 1867 1374 1903 mittendos
1391 1871 1662 1904 censet—335.

210 1925 271 1961 lbi
290 1924 459 1960 Drances
474 1930 511 1957 et
526 1921 679 1956 Turnus
699 1932 768 1968 pro
785 1919 993 1954 inveterato
1009 1919 1105 1955 inter
1126 1919 1228 1968 ipsos
1248 1920 1335 1956 odio
1356 1933 1395 1956 se
1415 1920 1554 1956 mutuis
1574 1933 1663 1955 con-

209 1976 316 2013 viciis
348 1972 742 2024 proscindunt—444.
800 1970 956 2006 Interim
976 1970 1128 2015 AEneas,
1162 1972 1339 2020 bipartito
1372 1971 1501 2008 divisis
1534 1972 1662 2020 copiis,

209 2028 304 2065 levis
334 2034 537 2062 armaturae
571 2024 715 2072 equites
735 2023 855 2072 planis
887 2022 1081 2059 itineribus
1110 2023 1159 2059 ad
1180 2025 1311 2059 urbem
1330 2023 1554 2072 praemittit:
1585 2025 1664 2073 ipse

211 2093 296 2117 cum
315 2078 460 2126 reliquo
480 2077 648 2113 exercitu
667 2089 733 2125 per
754 2075 837 2111 loca
856 2074 959 2110 silvis
978 2075 1244 2123 montibusque
1264 2075 1444 2124 impedita
1464 2076 1512 2112 ad
1532 2077 1666 2112 editio-

210 2146 290 2170 rem
310 2130 439 2180 oppidi
458 2138 606 2178 partem
632 2127 837 2167 contendit.
895 2126 1013 2176 Cujus
1034 2127 1086 2163 rei
1117 2128 1248 2164 nuntio
1268 2127 1500 2165 Laurentum
1520 2129 1665 2176 perlato

213 2183 414 2223 concilium
443 2181 668 2224 dimittitur-3
713 2187 967 2229 parantur-que
995 2192 1050 2222 ca,
1081 2192 1167 2227 quae
1198 2181 1246 2218 ad
1278 2181 1379 2216 urbis
1409 2180 1666 2218 defensionem

211 2244 392 2286 putantur
420 2234 752 2283 pertinere—485.
809 2231 960 2268 Turnus
995 2232 1145 2279 cognito
1164 2245 1230 2282 per
1253 2232 1511 2281 exploratores
1532 2233 1665 2270 AEneae

214 2288 371 2326 consilio
391 2286 563 2323 bifariam
584 2293 621 2322 et
642 2286 721 2334 ipse
748 2297 833 2321 suas
861 2284 986 2333 copias
1007 2283 1166 2332 partitur
1184 2298 1191 2320 :
1235 2285 1423 2333 equitibus
1444 2285 1666 2334 Messapum

215 2352 251 2378 et
269 2339 466 2377 Camillam
485 2338 658 2388 praeficit,
678 2349 818 2385 eosque
847 2336 1010 2372 hostium
1040 2336 1228 2384 equitibus
1247 2337 1404 2386 opponit
1421 2351 1430 2381 3
1471 2337 1550 2387 ipse
1580 2351 1665 2374 cum

214 2393 406 2442 peditibus
425 2391 630 2439 angustias,
662 2403 736 2438 qua
752 2389 962 2424 necessario
982 2387 1114 2424 AEneae
1143 2389 1191 2424 ad
1211 2390 1341 2426 urbem
1370 2389 1441 2426 iter
1460 2398 1549 2433 erat,
1581 2391 1666 2426 bre-

217 2445 312 2480 viori
332 2445 463 2480 itinere
487 2450 658 2491 occupat,
678 2449 790 2489 atque
810 2440 861 2476 ibi
890 2441 927 2477 in
954 2440 1096 2477 insidiis
1123 2442 1438 2479 subsistit-53l.
1492 2441 1666 2491 Interpo-

216 2497 318 2534 nitur
338 2496 547 2544 episodium
567 2495 614 2531 de
635 2493 938 2530 Camilla—596.
1004 2493 1159 2529 Interim
1180 2502 1353 2542 equestre
1373 2493 1544 2543 praelium
1564 2508 1666 2530 com-

220 2548 392 2590 mittitur,
413 2549 554 2596 diuque
567 2547 682 2583 dubio
699 2546 886 2593 utrimque
906 2552 1041 2581 eventu
1057 2549 1391 2594 pugnatur—4347·
1422 2545 1479 2581 Ibi
1496 2545 1667 2590 Camilla,

219 2613 356 2649 magna
374 2600 477 2647 prius
497 2600 597 2636 edita
615 2599 778 2634 hostium
798 2606 936 2646 strage,
964 2598 1053 2633 (lum
1075 2598 1291 2639 Clrloreum,
1313 2597 1473 2645 Cybeles
1493 2599 1666 2635 sacerdo·

221 2664 308 2698 tem,
329 2664 518 2689 armorum
534 2651 614 2700 ejus
630 2650 908 2701 pulchritudine
927 2658 1046 2699 capta,
1064 2650 1247 2688 incautius
1265 2650 1445 2698 sequitur,
1462 2665 1509 2687 ex
1526 2651 1668 2689 insidiis
