1796 3077
576 255 847 294 AENEIDOS.

908 255 1011 295 [ΓΒ.
1044 256 1156 295 VIII.
1534 263 1620 307 2481

172 375 215 417 U
218 384 320 431 tque
339 391 457 418 acres
479 377 689 419 concussit
710 393 863 432 equos3
897 384 1027 432 utque
1048 377 1212 432 impulit
1232 391 1369 419 arma:

169 433 401 490 Extemplo
422 435 579 476 turbati
601 437 740 484 animi,
767 434 889 476 simul
905 450 1026 476 omne
1048 435 1231 476 tumultu

168 492 375 547 Conjurat
397 493 563 546 trepido
587 492 768 541 Latium,
791 493 992 546 saevitque
1008 493 1208 547 juventus

392 550 606 591 Ductores
628 551 765 604 primi,
788 549 1015 604 PvIessapus
1035 558 1078 590 et
1095 548 1244 598 Ufens,

167 548 330 591 Effera.

1599 494 1626 533 ΕΠ

166 605 498 661 Contemtorque
519 607 646 648 deum
668 607 921 655 Mezentius,
942 607 1128 661 undique
1149 615 1305 661 cogunt

164 662 364 714 Auxilia;
396 674 439 705 et
459 664 564 705 latos
586 672 750 705 vastant
767 664 998 705 cultoribus
1019 679 1157 718 agros,

164 719 354 762 Mittitur
371 730 413 763 et
430 722 571 775 magni
588 721 780 762 Venulus
804 722 1024 762 Diomedis
1045 721 1101 762 ad
1117 723 1280 770 urbem,

165 777 254 824 Qui
274 786 392 832 petat
412 778 628 827 auxilium,
650 787 707 827 et,
732 779 857 819 Latio
879 779 1108 820 consistere
1129 777 1338 827 Teucros,
1575 779 1628 819 10

164 833 408 877 Advectum
429 834 603 876 Hine‘an
621 834 757 884 classi,
780 836 997 889 victosque
1020 835 1203 876 Penates

163 891 342 941 Inferre,
364 900 407 934 et
426 892 522 932 fatis
542 906 685 946 regem
707 907 750 932 se
772 893 914 933 dicere
935 893 1064 946 posci,
1088 928 1090 931 ,

163 948 373 998 Edoceat‚
395 949 632 1003 multasque
653 949 741 991 viro
763 964 807 990 se
830 950 1062 1004 adjungere
1081 958 1228 1004 gentes

165 1005 402 1055 Dardanio,
427 1016 469 1047 et
491 1006 574 1047 late
597 1006 723 1047 Latio
747 1007 1061 1048 increbrescere
1082 1022 1248 1048 nomen.

165 1062 285 1109 Quid
305 1071 442 1104 struat
458 1063 523 1104 his
545 1065 709 1118 coeptiS,
732 1079 870 1117 quem,
890 1065 923 1104 si
943 1063 1133 1105 Fortuna
1155 1072 1369 1119 sequatur,
1579 1066 1632 1107 lo

165 1119 380 1161 Eventum
402 1135 557 1175 pugnae
578 1122 733 1175 cupiat,
763 1121 1022 1162 manifestius
1043 1123 1135 1175 ipsi,

165 1176 308 1224 Quam
330 1177 480 1218 Turno
502 1178 603 1231 regi,
626 1185 697 1218 aut
717 1179 807 1232 regi
828 1193 1034 1232 apparere
1058 1179 1227 1221 Latino.

219 1233 343 1275 Talia
363 1249 439 1288 per
461 1234 654 1284 Latium3
688 1250 783 1288 quae
805 1235 1137 1277 Laomedontius
1159 1236 1284 1277 heros

165 1290 332 1333 Cuncta
351 1292 498 1333 videns
519 1306 672 1346 magno
694 1307 889 1333 curarum
909 1291 1089 1334 fluctuat
1109 1301 1216 1334 aestu
1233 1311 1242 1341 3

160 1347 308 1403 Atque
330 1349 512 1389 animum
532 1364 643 1390 nunc
664 1349 747 1390 huc
770 1349 962 1398 celerem,
993 1365 1103 1391 nunc
1125 1351 1275 1392 dividit
1295 1348 1408 1400 illuc,
1570 1351 1627 1391 20

163 1405 215 1446 In
234 1413 463 1460 partesque
483 1407 594 1459 rapit
614 1407 761 1454 varias,
784 1421 944 1459 perque
966 1408 1103 1448 onmia
1124 1416 1276 1448 versat.

163 1462 284 1504 Sicut
304 1478 426 1517 aquae
447 1462 671 1503 tremulum
693 1462 819 1503 labris
840 1463 912 1503 ubi
933 1462 1075 1505 lumen
1095 1464 1242 1505 ahenis

163 1519 263 1561 Sole
283 1534 593 1574 repercussum,
616 1528 689 1560 aut
709 1520 910 1561 radiantis
931 1520 1111 1575 imagine
1135 1521 1284 1570 Lunae,

163 1576 320 1618 Omnia
340 1576 563 1632 pervolitat
583 1576 665 1617 late
688 1576 792 1625 loca,
810 1577 982 1631 jamque
1004 1579 1082 1618 sub
1103 1593 1226 1618 auras

162 1634 371 1689 Erigitur,
401 1634 635 1688 summique
657 1634 753 1674 ferit
773 1633 988 1687 laquearia
1007 1636 1120 1676 tecti.
1571 1638 1626 1678 223

162 1690 268 1732 Nox
288 1698 392 1740 erat,
415 1699 457 1732 et
479 1698 612 1731 terras
633 1689 824 1731 animalia
845 1690 955 1731 fessa
975 1706 1052 1746 per
1072 1707 1214 1734 omnes

161 1747 355 1789 Alituum
376 1748 674 1802 pecudumque
694 1762 826 1801 genus
850 1763 977 1802 sopor
998 1748 1106 1790 altus
1127 1749 1335 1791 habebat:

164 1804 311 1851 Quum
330 1813 453 1859 pater
474 1806 513 1846 in
535 1805 628 1858 ripa
648 1805 861 1859 gelidique
884 1806 963 1846 sub
984 1806 1155 1847 aetheris
1177 1822 1256 1848 axe

164 1861 345 1910 AEneas,
368 1862 476 1903 tristi
497 1863 690 1902 turbatus
710 1870 883 1916 pectora
904 1861 1031 1912 bello,

162 1918 413 1969 Procubuit,
437 1934 655 1973 seramque
677 1919 795 1960 dedit
814 1934 892 1973 per
913 1921 1100 1962 membra
1121 1921 1318 1976 quietem.
1569 1922 1626 1962 30

203 2084 232 2112 3.
264 2084 418 2119 concussit,
444 2084 603 2115 concitavit
632 2084 728 2113 adhuc
752 2083 876 2112 otiosos.

164 2121 258 2150 Aliud
283 2127 342 2156 est,
368 2127 518 2152 concutere
543 2123 667 2152 habenas
687 2133 877 2163 equorum.—

164 2159 289 2199 impulit,
311 2162 418 2196 movit,
435 2162 564 2200 ideoque
579 2172 666 2191 manu
689 2162 831 2192 tractavit
847 2166 878 2189 et

164 2199 303 2237 protulit.
353 2201 430 2229 Nam
457 2200 602 2238 impellere
625 2211 709 2229 arma
741 2202 779 2230 de
809 2210 877 2238 per-

164 2237 304 2267 oussione
318 2238 482 2276 clipeorum
496 2240 595 2268 locum
610 2249 665 2268 non
680 2240 773 2279 magis
785 2240 874 2268 habe-

163 2286 208 2310 re,
231 2277 288 2306 nisi
301 2277 331 2305 in
352 2277 419 2315 ipsa
440 2288 540 2316 pugna
560 2279 700 2313 arbitror,
725 2289 814 2317 quam
837 2278 876 2306 de

164 2315 306 2344 ancilium
336 2316 534 2345 commotione
558 2317 623 2346 sive
645 2318 682 2346 de
708 2317 876 2355 peditibus,

116 2376 119 2382 ‚
163 2357 303 2384 ὁπλίταις.
344 2354 394 2383 De
412 2354 556 2393 Messapo
571 2355 673 2393 copias
688 2366 726 2385 ex
744 2356 875 2385 Etruriae

163 2393 292 2422 urbibus
325 2393 494 2422 adducente
528 2394 581 2422 lib.
608 2394 686 2427 VII.
721 2396 778 2424 691
797 2405 803 2422 :
838 2395 875 2423 de

162 2432 271 2462 Ufente
292 2433 350 2461 745
377 2436 407 2461 et
433 2432 471 2476 (ie
497 2432 650 2461 Mezentio
668 2435 727 2463 617
750 2444 796 2472 sq.
812 2435 876 2471 jam

166 2475 382 2500 memoraverat
396 2474 497 2509 poeta.

162 2509 877 2578 2432‘272b21'ssffssnffflifississffiysssstss⁵25·,35³3

163 2570 258 2625 reyein
269 2566 546 2624 satis‚.d;stinari:
578 2586 654 2622 VII,
677 2571 753 2619 21'2:
786 2561 876 2617 ilum:

163 2624 244 2669 ι’]ίιφι
251 2635 372 2670 poscere
378 2627 448 2670 fata
461 2626 504 2654 Et
518 2635 586 2654 reor
599 2630 659 2676 etc:
671 2627 819 2656 vocabulo
835 2628 874 2656 de

161 2663 241 2769 Ξῗξῗ
257 2665 878 2742 Βὲἓὲξὲὲῑῗξῑέςῃῖῗεὴὲῶξᾶξῗῗᾶζέἓ

185 2750 218 2769 os
234 2752 269 2773 is.

955 2085 994 2112 ‘20
1015 2085 1219 2123 Comparatit),
1233 2089 1267 2113 ut
1281 2095 1383 2114 omnes
1390 2085 1540 2118 viderunt,
1555 2086 1626 2114 sub-

917 2121 998 2151 lecta
1023 2127 1069 2151 est
1096 2123 1256 2161 Apollonio
1279 2124 1399 2153 Rhodio
1414 2124 1553 2157 111‚754
1580 2134 1626 2163 sq.

918 2165 1020 2190 ornata
1042 2172 1058 2190 a
1072 2162 1218 2197 Marone3
1244 2162 1302 2191 nisi
1323 2163 1402 2200 quod
1427 2167 1516 2191 motae
1541 2173 1626 2201 aquae

918 2210 1009 2229 causa
1038 2210 1076 2228 ex
1092 2200 1242 2229 infusione
1259 2211 1364 2230 recens
1380 2202 1462 2229 facta
1474 2201 1504 2229 in
1521 2202 1629 2236 Gra-cg)

914 2240 1005 2277 poeta
1019 2249 1076 2267 uon
1091 2239 1298 2268 desideratur:
1330 2243 1498 2269 ὓδατος-τὸ
1516 2244 1547 2275 δι’]
1569 2246 1628 2270 νέον

918 2281 946 2309 ἠέ
959 2281 1058 2314 λέβητι
1071 2280 1116 2306 'He
1125 2291 1177 2306 που
1189 2281 1215 2307 ὲν
1227 2281 1323 2317 ’γαυλῷ
1334 2282 1442 2313 κέχυται
1455 2289 1462 2315 ;
1483 2279 1551 2308 add.
1566 2280 1628 2309 Lu-

916 2317 1005 2345 cretii
1020 2317 1105 2346 locus
1120 2317 1180 2350 IV,
1192 2317 1261 2345 212.

954 2356 994 2384 26
1007 2366 1074 2393 sqq.
1093 2356 1208 2384 Iterum
1222 2365 1278 2394 per
1293 2365 1402 2384 novum
1413 2356 1510 2385 visum
1526 2357 1626 2388 fatalis

914 2404 1015 2423 rerum
1029 2395 1104 2423 ordo
1116 2394 1302 2423 declaratur:
1335 2395 1407 2424 vide
1421 2405 1488 2433 sup.
1503 2395 1539 2424 P.
1558 2398 1573 2426 Ι
1595 2408 1625 2436 p.

915 2434 974 2462 316
990 2443 1056 2472 sqq.
1096 2433 1204 2462 Noctis
1219 2433 1380 2462 declaratio
1401 2443 1539 2472 magnam
1559 2446 1628 2465 sua-

916 2472 1040 2501 vitatem
1055 2472 1165 2500 habet:
1196 2471 1395 2510 copiosiorem
1415 2477 1548 2503 ornatum
1566 2475 1625 2510 lv,

917 2512 976 2539 522
998 2521 1065 2549 sqq.
1088 2510 1200 2539 attulit.
1241 2510 1304 2539 Sub
1319 2510 1367 2540 die
1386 2511 1501 2541 AEneas
1517 2514 1627 2543 obdor-

915 2549 993 2582 miit,
1015 2559 1164 2587 seramque
1183 2549 1259 2578 dedit
1269 2559 1325 2588 per
1343 2550 1468 2579 membra
1481 2552 1603 2589 quietem
1616 2564 1626 2580 .-

916 2588 1008 2616 ducta
1021 2587 1163 2625 loquendi
1181 2587 1276 2616 forma
1290 2598 1329 2617 ex
1348 2588 1450 2624 altera,
1472 2600 1530 2628 qua
1548 2601 1625 2619 som-

915 2636 970 2654 nus
995 2626 1054 2654 didi
1071 2636 1128 2664 per
1153 2635 1266 2666 corpus,
1293 2627 1393 2666 δραι-ρι’
1406 2639 1463 2667 per
1489 2629 1624 2662 membra,

916 2665 1044 2702 ideoque
1063 2669 1094 2693 et
1117 2665 1197 2703 quies
1216 2663 1282 2694 dari
1290 2676 1347 2705 per
1358 2667 1492 2702 membra,
1506 2668 1626 2697 dicitur.

917 2704 1076 2732 Monemus
1091 2703 1250 2748 hom-quod
1260 2704 1396 2743 plerique
1405 2707 1499 2736 verba
1510 2709 1626 2740 tenent,

918 2751 1024 2773 causas
1039 2752 1182 2773 sermonis
1195 2743 1342 2781 ignorant.

1323 2786 1394 2829 8Q
