1796 3077
564 199 902 239 GEORGICON.
960 202 1060 240 LIB.
1092 202 1125 240 Ι.

1478 209 1563 253 101

131 321 201 364 Νο
221 323 457 378 prohibete.
516 321 627 363 Satis
642 322 730 376 jam
746 322 910 376 pridem
930 323 1131 377 sanguine
1151 324 1294 364 nestro

128 379 454 421 Laomedonteae
473 377 624 420 luimus
644 379 828 432 perjuria
846 378 1004 432 Trojae.

125 436 222 477 Jam
238 437 400 491 pridem
416 437 535 477 nobis
553 436 648 477 eceli
664 442 705 477 te
725 437 853 490 regia,
885 435 1041 484 Caesar,

125 492 302 542 Invidet,
333 501 460 547 atque
480 493 694 534 hominum
709 493 898 546 queritur
917 506 1063 533 curare
1080 491 1312 548 triumphos
1328 509 1337 534 :

124 549 297 604 Quippe
313 551 386 591 ubi
405 550 467 591 fas
489 565 652 591 versum
671 556 798 603 atque
817 549 957 597 nefas3
988 556 1051 591 tot
1066 548 1176 590 bella
1194 565 1271 605 per
1291 551 1457 601 orbem3
1489 551 1571 592 505

125 605 235 647 Tam
252 606 394 647 multae
410 606 612 648 scelerum
627 606 753 647 facies
768 623 777 655 ;
809 621 892 647 non
912 605 1020 646 ullus
1037 613 1176 647 aratro

123 662 292 718 Dignus
308 663 441 704 honos
455 681 464 713 ;
496 662 687 717 squalent
701 663 894 704 abductis
909 678 1008 703 arva
1027 662 1195 713 colonis,

123 719 183 760 Et
203 735 341 761 curvae
362 721 543 775 rigidum
558 719 683 761 falces
705 720 940 760 conflantur
959 720 1001 760 in
1020 734 1175 760 ensem.

123 776 237 818 Hinc
256 784 394 818 movet
411 775 667 830 EuphrateS‚
698 776 808 816 illinc
827 776 1055 816 Germania
1074 775 1252 826 bellum3

122 833 285 874 Vicinae
301 834 434 887 ruptis
453 834 562 873 inter
582 847 626 873 se
644 831 808 886 legibus
824 833 950 873 urbes

1487 835 1571 876 510

120 889 254 931 Arma
270 890 432 939 ferunt3
465 889 582 930 saevit
602 895 692 930 toto
708 888 834 937 VMars
852 888 1003 942 impius
1023 889 1148 928 orbe:

121 947 194 997 Ut,
224 962 354 1001 quum
373 947 610 988 carceribus
630 960 719 986 sese
739 944 928 986 effudere
947 945 1177 999 quadrigae,

119 1003 301 1045 Addunt
318 1005 362 1044 in
378 1003 525 1058 spatia,
555 1007 597 1044 et
616 1002 772 1043 frustra
791 1001 1021 1044 retinacula
1036 1002 1213 1042 tendens

120 1124 213 1154 Soeclo
237 1125 288 1164 (ut
309 1136 336 1154 v.
361 1126 437 1163 468)
463 1136 560 1155 everso
582 1126 670 1160 dixit,
692 1126 771 1164 quod
794 1126 822 1154 in

119 1174 210 1202 prosa
222 1163 306 1193 rebus
313 1164 436 1203 perditis
448 1174 630 1200 succurrere,-
651 1169 685 1192 ut
696 1174 824 1193 everstan

119 1202 268 1242 imperium
283 1213 338 1240 pro
352 1203 537 1238 labefactam,
560 1204 597 1232 ad
610 1203 763 1232 interitum
773 1213 823 1232 ru-

120 1246 198 1270 ente.
216 1251 246 1270 v.
267 1242 368 1271 Duck.
389 1242 427 1270 ad
443 1242 508 1272 Liv.
528 1242 644 1276 XXX,
667 1243 712 1270 16.
728 1243 757 1271 6.
773 1242 824 1270 ubi

119 1283 219 1309 exstat
241 1280 343 1309 civitas
367 1290 476 1309 eversa.
516 1282 656 1311 Ceterum
686 1280 824 1309 nonnulla

118 1318 148 1347 in
162 1319 353 1357 sequentibus
366 1323 444 1354 sunt,
465 1329 531 1358 quae
545 1320 671 1348 sortasse
683 1319 824 1348 Romanis

118 1357 211 1396 magis
225 1358 346 1395 probari
359 1362 530 1396 potuerunt,
552 1368 569 1387 a
586 1358 670 1386 nobis
685 1357 823 1386 excusari

119 1396 191 1425 satis
203 1396 501 1426 esu—Laomedontis
511 1401 590 1426 certe
595 1397 727 1435 perjuria
736 1396 823 1425 nimis

120 1433 207 1473 longe
226 1436 321 1473 petita
338 1435 433 1465 videri
449 1439 583 1474 possunt.
623 1435 673 1464 Ad
690 1439 824 1465 veterum

119 1476 216 1502 tamen
239 1474 387 1503 hominum
412 1483 539 1508 sensum,
560 1474 718 1513 piaculum,
748 1478 824 1509 ἄγος,

119 1521 179 1549 quo
193 1513 320 1550 majores
333 1513 470 1542 obstricti
482 1513 555 1541 iram
574 1513 697 1541 deornm
716 1521 826 1550 provo-

119 1556 248 1585 causent,
268 1552 298 1580 in
311 1556 450 1590 posteros
466 1551 542 1580 verti
558 1551 754 1586 credebatur3
774 1560 824 1579 ne-

119 1598 176 1627 que
190 1594 291 1619 reatus
302 1600 336 1619 ae
350 1600 438 1628 poena
448 1589 541 1618 averti
552 1598 652 1628 posse,
667 1588 723 1616 nisi
734 1588 824 1616 sacris

118 1627 319 1665 piacularibus
340 1629 399 1658 rite
421 1627 542 1658 curatis.
582 1626 703 1665 Suscipi
726 1631 824 1656 tamen

116 1665 169 1694 illa
189 1667 338 1696 debebant
359 1677 375 1695 a
394 1667 459 1696 viro
477 1666 537 1704 pio,
559 1671 641 1694 casto
660 1675 692 1694 ac
712 1669 824 1701 sancto,

118 1704 171 1742 qui
185 1707 313 1743 θεοφιλὴς·
327 1709 417 1734 esset.
455 1705 532 1733 Tota
544 1704 685 1733 sententia
701 1704 744 1733 sic
754 1714 823 1742 pro-

119 1743 218 1771 cedit:
239 1743 423 1777 Permittite,
437 1743 488 1777 dii,
510 1747 543 1772 ut
557 1743 661 1772 Caesar
674 1753 766 1781 remp.
779 1753 825 1772 re-

119 1781 234 1811 stituat.
272 1783 353 1812 Satis
384 1781 527 1811 malorum
560 1782 679 1820 experti
711 1791 825 1810 sumus.

118 1820 167 1848 Ne
191 1821 275 1850 nobis
299 1821 387 1854 1111110,
414 1820 464 1859 qui
488 1819 572 1849 unice
596 1830 646 1849 res
669 1819 825 1850 restituere

118 1862 230 1896 potest,
250 1859 379 1888 invidete
395 1863 425 1888 et
442 1858 557 1896 eripite,
579 1859 638 1888 etsi
657 1858 715 1887 aevi
733 1859 823 1897 hujus

119 1907 163 1926 eae
180 1902 250 1927 sunt
266 1897 454 1936 corruptelae,
474 1901 509 1926 ut
529 1897 577 1926 dei
598 1897 724 1935 alicujus
744 1907 822 1936 prse-

117 1937 240 1966 sentiam
250 1937 303 1965 vix
314 1936 420 1965 ferant.
451 1936 531 1965 Haec
542 1936 657 1975 singula
669 1936 823 1975 splendide

115 1975 233 2004 ornavit
244 1979 274 2004 et
287 1974 487 2014 amplificavit.

155 2015 214 2043 502
234 2015 281 2044 De
303 2015 500 2043 Laomedonte
518 2018 587 2043 nota
606 2014 744 2049 narratio,
772 2014 824 2052 qui

116 2051 284 2090 Apollinem
297 2063 331 2082 ac
342 2053 515 2091 Neptunum
529 2053 664 2082 mercede
684 2063 739 2091 pro
758 2063 822 2082 11111-

117 2090 160 2118 ris
192 2091 292 2130 Trojae
324 2091 512 2120 exstruendis
546 2097 633 2130 pacta
662 2092 821 2121 fraudavit.

117 2128 339 2168 comparandus
355 2131 453 2159 Locus
468 2131 575 2159 Horat.
595 2130 662 2165 III,
674 2131 704 2164 3,
722 2131 760 2159 21
775 2140 821 2175 sq.

116 2166 229 2196 Melius
244 2171 340 2197 tamen
355 2168 563 2198 Laomedontea
576 2169 665 2207 Troja
676 2168 821 2208 simplici-

118 2209 164 2234 ter
183 2216 238 2244 pro
262 2207 392 2250 epitheto
415 2208 551 2243 habetur,
574 2208 617 2237 ita
639 2212 672 2237 ut
689 2207 822 2246 perjuria

120 2243 216 2282 Trqjae
243 2244 332 2273 latms
358 2246 396 2274 ad
426 2247 523 2275 omnia
550 2247 681 2276 facinora
712 2251 742 2276 et
767 2251 820 2282 ἄγη

117 2283 323 2322 Trojanorum,
344 2288 432 2322 atque
455 2285 491 2313 ad
510 2286 570 2313 fata
591 2295 626 2314 ac
647 2287 725 2314 111313
744 2285 822 2314 refe-

117 2326 230 2356 rantur,
261 2321 370 2360 quibus
392 2322 443 2351 illa
464 2328 548 2352 erant
574 2323 731 2362 expianda.
776 2323 821 2352 Iis

118 2364 218 2389 autem
231 2360 320 2389 etiam
334 2360 473 2395 Romani,
493 2371 593 2391 eorum
607 2363 733 2400 posteri,
754 2373 822 2400 pre-

118 2399 159 2428 mi
179 2399 273 2428 videri
293 2401 537 2437 poterant.—503
563 2401 640 2430 Fere
659 2405 694 2430 ut
712 2401 823 2430 Horat.

119 2438 136 2466 Ι
157 2437 255 2467 Carm.
273 2438 303 2472 2,
322 2439 370 2467 45.
389 2447 456 2476 sqq.
472 2437 518 2467 H.

158 2477 409 2506 505—-509—511
430 2476 509 2505 Haeo
531 2477 569 2506 ad
592 2487 699 2507 annum
723 2479 760 2507 ab
782 2478 823 2508 U.

120 2515 156 2544 C.
176 2516 235 2544 71⁷
254 2515 301 2544 Μ.
321 2515 457 2554 Agrippa
471 2518 502 2543 et
515 2515 550 2543 L.
570 2516 655 2545 Gallo
669 2517 756 2546 Coss.
775 2527 823 2546 re-

119 2553 248 2590 ferenda,
269 2563 329 2592 quo
341 2554 442 2583 multis
458 2553 605 2592 prodigiis
618 2555 729 2584 turbati
741 2560 824 2584 erant

120 2591 219 2628 animi,
239 2594 310 2623 dum
322 2593 398 2622 inter
415 2591 598 2622 Triumviros
618 2602 724 2631 parum
740 2594 824 2623 firma

121 2629 205 2665 fides,
234 2636 266 2661 et
288 2631 388 2670 paullo
413 2636 484 2669 post
511 2640 616 2669 graves
641 2631 823 2670 inimicitiae3

119 2666 196 2697 inter
209 2670 360 2700 Caesarem
373 2673 404 2699 et
419 2671 504 2699 Sext.
522 2669 699 2708 Pompeium
711 2670 824 2699 bellum

121 2706 366 2747 recrudescebat3
387 2708 533 2740 Antonius
549 2718 617 2738 curn
628 2708 760 2738 exercitu
772 2709 824 2738 ad-

862 1135 967 1155 versus
983 1126 1112 1154 Parthos
1122 1127 1184 1163 jam
1202 1125 1315 1154 dudum
1329 1125 1425 1164 Syriae
1445 1127 1567 1155 infestos

862 1164 943 1198 ibat3
964 1165 1000 1192 ab
1014 1165 1160 1203 Agrippa,
1182 1164 1234 1202 qui
1248 1164 1385 1193 Rhenum
1401 1166 1568 1199 transierat,

864 1203 891 1231 in
917 1202 1021 1231 Galliis
1046 1203 1156 1232 bellum
1185 1203 1273 1231 modo
1299 1204 1466 1232 confectum
1496 1209 1568 1233 erat.

863 1241 942 1270 Haec
968 1241 1063 1271 omnia
1087 1242 1116 1270 in
1141 1252 1232 1270 unum
1261 1242 1384 1271 contulit
1407 1243 1506 1280 poeta,
1535 1247 1569 1271 ut

864 1280 982 1319 gravior
996 1284 1077 1309 esset
1092 1280 1248 1310 sententia.

901 1320 957 1347 505
978 1319 1028 1347 ubi
1050 1320 1078 1347 h.
1100 1319 1121 1348 l.
1142 1319 1220 1357 apud
1239 1320 1408 1358 quos—fas
1429 1320 1569 1357 nefasque

860 1367 984 1391 versum,
1005 1358 1169 1387 confusum.
1189 1359 1246 1386 507
1267 1357 1384 1396 Βί9ηα5
1402 1359 1500 1392 honos,
1521 1368 1567 1386 sa-

862 1397 901 1425 tis
923 1398 1155 1435 magnus—510
1174 1396 1268 1434 ruptis
1286 1395 1403 1434 Ieyibmr,
1424 1397 1567 1434 pactioni-

862 1435 918 1464 bus
942 1435 1063 1468 mutuis,
1087 1446 1158 1474 pace
1182 1439 1280 1473 rupta.
1302 1435 1374 1464 AEn.
1395 1435 1490 1469 VIII,
1509 1436 1568 1464 540

858 1478 980 1512 poscant
1013 1473 1098 1508 acies,
1130 1479 1156 1502 et
1180 1473 1295 1511 fcedera
1328 1475 1568 1511 rumperem—512

864 1513 892 1541 A
927 1512 1007 1541 circo
1042 1516 1139 1540 sumta
1173 1511 1353 1549 comparatio
1389 1511 1568 1540 tumultuan-

864 1550 903 1578 tis
918 1550 1017 1578 orbis:
1042 1550 1132 1578 semel
1153 1550 1254 1578 emissi
1273 1558 1378 1578 currus
1398 1560 1467 1578 cum
1488 1554 1566 1578 tanto

862 1587 977 1625 impetu
990 1592 1087 1619 ruunt.
1109 1592 1142 1616 ut
1155 1589 1192 1616 ab
1206 1588 1307 1625 auriga
1320 1588 1438 1616 retineri
1456 1598 1567 1627 neque—

864 1626 1056 1664 unt—spatia
1069 1626 1115 1654 hic
1131 1627 1168 1655 de
1183 1630 1297 1664 septem
1308 1626 1412 1664 spatiis
1424 1637 1475 1655 seu
1487 1628 1568 1665 gyris

863 1665 1020 1703 accipiunt,
1038 1665 1145 1702 quibus
1160 1665 1188 1693 in
1199 1666 1278 1693 circo
1291 1665 1436 1694 decursus
1449 1665 1568 1694 finieba-

862 1707 922 1734 tur.
942 1704 1066 1742 spatium
1077 1708 1174 1732 tamen
1186 1708 1216 1732 et
1230 1704 1314 1732 locus
1325 1704 1445 1737 dicitur,
1465 1704 1495 1732 in
1509 1714 1569 1742 quo

863 1742 1044 1776 decurritur,
1065 1742 1102 1770 cf.
1123 1743 1179 1771 Ge.
1194 1742 1261 1776 ΙΙΙ,
1277 1743 1345 1770 203.
1361 1742 1431 1771 AEn.
1445 1742 1485 1776 V,
1498 1744 1567 1772 316.

862 1780 1023 1809 ——Aclclunt
1045 1780 1199 1819 quadrigae
1220 1780 1249 1808 ιἰι
1268 1780 1373 1818 spatia,
1394 1780 1569 1819 intelligitur

863 1828 881 1847 a
903 1819 1082 1847 doctissimis
1101 1819 1312 1857 interpretibus
1331 1829 1454 1854 cursum,
1475 1819 1503 1848 h.
1524 1820 1568 1849 in-

862 1858 994 1893 tendunt,
1021 1857 1050 1886 in
1075 1857 1142 1896 ipso
1168 1858 1265 1896 spatio
1292 1858 1428 1887 currendi
1450 1863 1570 1888 sumunt

861 1896 951 1925 vires.
992 1897 1060 1926 Non
1091 1906 1178 1935 nego,
1206 1896 1324 1935 ellipsin
1354 1897 1437 1925 illam
1468 1897 1569 1935 paullo

861 1935 1010 1964 duriorem
1031 1935 1102 1963 milii
1120 1935 1225 1964 videri.
1252 1945 1282 1963 se
1303 1939 1375 1973 post
1394 1935 1501 1964 addunt
1522 1946 1569 1965 50-

861 1974 990 2002 cundum
1005 1974 1142 2003 meliores
1155 1974 1247 2002 libros
1261 1974 1392 2003 extrusit
1406 1974 1549 2003 Heinsius
1561 1986 1569 2012 3

863 2013 943 2050 quod
967 2023 1036 2042 sane
1063 2013 1230 2041 ferendum:
1254 2012 1304 2041 vel
1328 2012 1372 2041 sic
1393 2017 1490 2041 tamen
1511 2023 1569 2042 non

862 2055 922 2079 tam
943 2061 981 2080 ex
1002 2052 1197 2080 antecedente
1217 2060 1319 2085 versu,
1341 2061 1429 2088 quam
1448 2061 1486 2079 ex
1507 2061 1569 2080 ser—

861 2090 956 2118 monis
976 2090 1061 2128 genio
1083 2090 1171 2118 debet
1186 2098 1216 2118 se
1233 2088 1369 2132 intelligi.
1406 2089 1523 2118 Addere
1539 2099 1570 2118 se

860 2132 907 2157 est
916 2128 1036 2162 instare,
1050 2137 1165 2166 urgere.
1195 2128 1279 2156 Dare
1288 2137 1318 2155 se
1328 2137 1359 2156 tn
1366 2128 1470 2165 suyam
1480 2128 1570 2157 etiam

859 2167 890 2196 in
902 2167 1036 2205 pedestri
1049 2166 1181 2195 oratione
1198 2166 1424 2204 frequentamus
1434 2177 1442 2203 3
1463 2166 1570 2196 similia

860 2215 890 2234 v.
912 2206 966 2234 Ge.
988 2205 1046 2240 IV,
1066 2206 1141 2234 528:
1163 2205 1233 2234 AEn.
1254 2204 1337 2239 XII,
1362 2205 1439 2241 6333
1465 2205 1570 2234 addere

861 2254 890 2273 se
907 2254 962 2283 pro
980 2243 1109 2282 simpliei
1128 2244 1199 2272 dare
1217 2253 1260 2277 se,
1280 2243 1440 2272 immittere
1453 2253 1496 2279 se,
1519 2254 1569 2273 ru-

861 2293 910 2312 ere
925 2283 955 2311 in
969 2283 1137 2317 decursum=
1158 2292 1225 2311 cum
1237 2282 1350 2321 impetu
1364 2282 1437 2311 ferri
1454 2281 1568 2349 11115110-

862 2322 903 2350 tiu
914 2321 943 2350 in
955 2322 1124 2355 decursum,
1137 2321 1226 2350 habet
1236 2321 1407 2359 analogiam.
1423 2320 1482 2359 (Et
1521 2331 1568 2350 01·-

861 2360 959 2389 cellini
972 2360 1078 2388 addunt
1091 2370 1122 2388 se
1136 2360 1166 2388 in
1179 2359 1275 2398 ,spatia
1285 2359 1400 2398 accepit
1409 2369 1480 2397 pro:
1498 2359 1569 2388 dant

862 2409 894 2428 se
912 2399 1012 2427 cursui
1027 2409 1082 2437 per
1101 2408 1247 2437 campum.
1288 2398 1349 2427 Sed
1360 2408 1391 2427 se
1405 2402 1469 2427 tum
1482 2398 1570 2427 omit-

861 2441 926 2466 tere
939 2437 1132 2466 durissimum
1147 2441 1203 2465 est.
1229 2435 1294 2474 W.)
1318 2437 1481 2475 Expressit
1499 2447 1567 2466 nos-

863 2480 941 2505 trum
955 2475 1047 2505 Silius
1063 2476 1158 2510 XVI,
1178 2476 1246 2504 372.
1285 2474 1429 2513 Jamfere
1448 2475 1568 2504 medium

863 2514 950 2543 evecti
969 2514 1121 2543 certamine
1139 2523 1276 2552 campum.
1314 2513 1354 2542 In
1370 2514 1465 2552 spatia
1482 2513 1566 2542 adde-

861 2553 939 2582 bant.
979 2552 1101 2581 Gratius
1115 2552 1230 2591 Cyneg.
1250 2552 1308 2581 227
1327 2551 1487 2581 incumbere
1501 2561 1566 2590 spa-

862 2592 912 2621 tiis
933 2601 969 2621 eo
990 2601 1078 2620 sensu
1099 2590 1214 2620 dixisse
1236 2591 1372 2628 videtur3
1395 2595 1426 2620 et
1439 2591 1565 2619 Homer.

863 2631 901 2660 Il.
927 2635 961 2664 ψ,
983 2631 1039 2659 375
1059 2632 1167 2658 ἵπποισι
1186 2632 1255 2662 τάθη
1279 2634 1388 2665 δρόμος.
1428 2628 1565 2665 Denique

863 2669 973 2698 addere
988 2669 1092 2707 spatia,
1113 2668 1143 2696 in
1165 2668 1270 2706 spatia,
1291 2672 1325 2698 ut
1345 2668 1395 2697 alii
1414 2667 1444 2695 in
1462 2666 1565 2695 addere

863 2708 957 2746 spatia
988 2708 1230 2746 interpretantur,
1260 2712 1341 2737 esset
1373 2706 1462 2735 alium
1495 2709 1562 2743 post
