<?xml version="1.0" encoding="UTF-8"?>
<!DOCTYPE html PUBLIC "-//W3C//DTD XHTML 1.0 Transitional//EN"
    "http://www.w3.org/TR/xhtml1/DTD/xhtml1-transitional.dtd">
<html xmlns="http://www.w3.org/1999/xhtml" xml:lang="en" lang="en">
 <head>
  <title>
</title>
<meta http-equiv="Content-Type" content="text/html;charset=utf-8" />
  <meta name='ocr-system' content='tesseract 3.04.00' />
  <meta name='ocr-capabilities' content='ocr_page ocr_carea ocr_par ocr_line ocrx_word'/>
</head>
<body>
  <div class='ocr_page' id='page_1' title='image "./operahey00virguoft_0453.png"; bbox 0 0 1796 3077; ppageno 0'>
   <div class='ocr_carea' id='block_1_1' title="bbox 530 233 798 271">
    <p class='ocr_par' dir='ltr' id='par_1_1' title="bbox 530 233 798 271">
     <span class='ocr_line' id='line_1_1' title="bbox 530 233 798 271; baseline 0.004 -1"><span class='ocrx_word' id='word_1_1' title='bbox 530 233 798 271; x_wconf 45' lang='lat' dir='ltr'>AENEIDO&amp;</span> 
     </span>
    </p>
   </div>
   <div class='ocr_carea' id='block_1_2' title="bbox 109 349 1002 408">
    <p class='ocr_par' dir='ltr' id='par_1_2' title="bbox 109 349 1002 408">
     <span class='ocr_line' id='line_1_2' title="bbox 109 349 1002 408; baseline 0.003 -17"><span class='ocrx_word' id='word_1_2' title='bbox 109 349 222 393; x_wconf 82' lang='lat' dir='ltr'>Hinc</span> <span class='ocrx_word' id='word_1_3' title='bbox 242 353 433 394; x_wconf 83' lang='lat' dir='ltr'>exaudiri</span> <span class='ocrx_word' id='word_1_4' title='bbox 453 355 633 408; x_wconf 80' lang='lat' dir='ltr'><strong>gemitus</strong></span> <span class='ocrx_word' id='word_1_5' title='bbox 649 355 806 408; x_wconf 77' lang='lat' dir='ltr'>iraeque</span> <span class='ocrx_word' id='word_1_6' title='bbox 823 354 1002 404; x_wconf 80' lang='lat' dir='ltr'>leonum,</span> 
     </span>
    </p>
   </div>
   <div class='ocr_carea' id='block_1_3' title="bbox 859 233 1554 288">
    <p class='ocr_par' dir='ltr' id='par_1_3' title="bbox 859 233 1554 288">
     <span class='ocr_line' id='line_1_3' title="bbox 859 233 1554 288; baseline 0.003 -18"><span class='ocrx_word' id='word_1_7' title='bbox 859 233 959 270; x_wconf 65' lang='lat' dir='ltr'>Lm..</span> <span class='ocrx_word' id='word_1_8' title='bbox 1000 234 1092 272; x_wconf 74' lang='lat' dir='ltr'>VH.</span> <span class='ocrx_word' id='word_1_9' title='bbox 1462 244 1554 288; x_wconf 63' lang='lat'>445</span> 
     </span>
    </p>
   </div>
   <div class='ocr_carea' id='block_1_4' title="bbox 105 407 1329 636">
    <p class='ocr_par' dir='ltr' id='par_1_4' title="bbox 106 407 1253 523">
     <span class='ocr_line' id='line_1_4' title="bbox 107 407 1253 462; baseline 0.004 -14"><span class='ocrx_word' id='word_1_10' title='bbox 107 407 258 449; x_wconf 86' lang='lat' dir='ltr'>Vincla</span> <span class='ocrx_word' id='word_1_11' title='bbox 278 419 557 460; x_wconf 79' lang='lat' dir='ltr'>recusantum,</span> <span class='ocrx_word' id='word_1_12' title='bbox 579 419 621 452; x_wconf 90' lang='lat' dir='ltr'>et</span> <span class='ocrx_word' id='word_1_13' title='bbox 642 426 735 452; x_wconf 84' lang='lat' dir='ltr'>sera</span> <span class='ocrx_word' id='word_1_14' title='bbox 756 412 834 451; x_wconf 82' lang='lat' dir='ltr'>sub</span> <span class='ocrx_word' id='word_1_15' title='bbox 855 420 978 452; x_wconf 89' lang='lat' dir='ltr'>nocte</span> <span class='ocrx_word' id='word_1_16' title='bbox 1000 411 1226 453; x_wconf 82' lang='lat' dir='ltr'>rudentum</span> <span class='ocrx_word' id='word_1_17' title='bbox 1244 430 1253 462; x_wconf 70' lang='grc' dir='ltr'><strong>ς</strong></span> 
     </span>
     <span class='ocr_line' id='line_1_5' title="bbox 106 464 1115 523; baseline 0.005 -18"><span class='ocrx_word' id='word_1_18' title='bbox 106 464 384 521; x_wconf 84' lang='lat' dir='ltr'>Saetigerique</span> <span class='ocrx_word' id='word_1_19' title='bbox 404 483 512 517; x_wconf 89' lang='lat' dir='ltr'>sues,</span> <span class='ocrx_word' id='word_1_20' title='bbox 535 476 661 523; x_wconf 84' lang='lat' dir='ltr'>atque</span> <span class='ocrx_word' id='word_1_21' title='bbox 683 469 724 508; x_wconf 91' lang='lat' dir='ltr'>in</span> <span class='ocrx_word' id='word_1_22' title='bbox 745 469 1006 522; x_wconf 72' lang='lat' dir='ltr'>praesepibus</span> <span class='ocrx_word' id='word_1_23' title='bbox 1028 470 1115 510; x_wconf 87' lang='lat' dir='ltr'>ursi</span> 
     </span>
    </p>

    <p class='ocr_par' dir='ltr' id='par_1_5' title="bbox 105 521 1329 636">
     <span class='ocr_line' id='line_1_6' title="bbox 105 521 1193 580; baseline 0.004 -18"><span class='ocrx_word' id='word_1_24' title='bbox 105 521 276 572; x_wconf 85' lang='lat' dir='ltr'>Saevire,</span> <span class='ocrx_word' id='word_1_25' title='bbox 293 539 341 564; x_wconf 88' lang='lat' dir='ltr'>ac</span> <span class='ocrx_word' id='word_1_26' title='bbox 358 523 502 565; x_wconf 84' lang='lat' dir='ltr'>formae</span> <span class='ocrx_word' id='word_1_27' title='bbox 522 540 770 580; x_wconf 83' lang='lat' dir='ltr'>magnorum</span> <span class='ocrx_word' id='word_1_28' title='bbox 790 524 953 566; x_wconf 76' lang='lat' dir='ltr'>ululare</span> <span class='ocrx_word' id='word_1_29' title='bbox 975 524 1193 580; x_wconf 88' lang='lat' dir='ltr'>luporum:</span> 
     </span>
     <span class='ocr_line' id='line_1_7' title="bbox 106 578 1329 636; baseline 0.005 -18"><span class='ocrx_word' id='word_1_30' title='bbox 106 578 228 624; x_wconf 81' lang='lat' dir='ltr'>Quos</span> <span class='ocrx_word' id='word_1_31' title='bbox 250 580 466 622; x_wconf 87' lang='lat' dir='ltr'>hominum</span> <span class='ocrx_word' id='word_1_32' title='bbox 485 597 538 622; x_wconf 80' lang='lat' dir='ltr'>ex</span> <span class='ocrx_word' id='word_1_33' title='bbox 560 581 666 623; x_wconf 88' lang='lat' dir='ltr'>facie</span> <span class='ocrx_word' id='word_1_34' title='bbox 688 582 768 622; x_wconf 85' lang='lat' dir='ltr'>dea</span> <span class='ocrx_word' id='word_1_35' title='bbox 789 597 897 622; x_wconf 86' lang='lat' dir='ltr'>saeva</span> <span class='ocrx_word' id='word_1_36' title='bbox 919 583 1165 636; x_wconf 86' lang='lat' dir='ltr'>potentibus</span> <span class='ocrx_word' id='word_1_37' title='bbox 1185 583 1329 625; x_wconf 77' lang='lat' dir='ltr'><strong>herbis</strong></span> 
     </span>
    </p>
   </div>
   <div class='ocr_carea' id='block_1_5' title="bbox 103 634 1092 693">
    <p class='ocr_par' dir='ltr' id='par_1_6' title="bbox 103 634 1092 693">
     <span class='ocr_line' id='line_1_8' title="bbox 103 634 1092 693; baseline 0.005 -18"><span class='ocrx_word' id='word_1_38' title='bbox 103 634 307 678; x_wconf 85' lang='lat' dir='ltr'>Induerat</span> <span class='ocrx_word' id='word_1_39' title='bbox 325 638 446 679; x_wconf 85' lang='lat' dir='ltr'>Circe</span> <span class='ocrx_word' id='word_1_40' title='bbox 463 639 506 679; x_wconf 91' lang='lat' dir='ltr'>in</span> <span class='ocrx_word' id='word_1_41' title='bbox 525 638 663 680; x_wconf 86' lang='lat' dir='ltr'>vultus</span> <span class='ocrx_word' id='word_1_42' title='bbox 685 653 732 680; x_wconf 88' lang='lat' dir='ltr'>ac</span> <span class='ocrx_word' id='word_1_43' title='bbox 754 646 874 693; x_wconf 82' lang='lat' dir='ltr'>terga</span> <span class='ocrx_word' id='word_1_44' title='bbox 895 638 1092 680; x_wconf 79' lang='lat' dir='ltr'>serarum.</span> 
     </span>
    </p>
   </div>
   <div class='ocr_carea' id='block_1_6' title="bbox 1501 643 1556 681">
    <p class='ocr_par' dir='ltr' id='par_1_7' title="bbox 1501 643 1556 681">
     <span class='ocr_line' id='line_1_9' title="bbox 1501 643 1556 681; baseline -0.036 0"><span class='ocrx_word' id='word_1_45' title='bbox 1501 643 1556 681; x_wconf 63' lang='lat'>220</span> 
     </span>
    </p>
   </div>
   <div class='ocr_carea' id='block_1_7' title="bbox 101 691 1556 1203">
    <p class='ocr_par' dir='ltr' id='par_1_8' title="bbox 106 691 1130 750">
     <span class='ocr_line' id='line_1_10' title="bbox 106 691 1130 750; baseline 0.005 -17"><span class='ocrx_word' id='word_1_46' title='bbox 106 691 218 738; x_wconf 81' lang='lat' dir='ltr'>Quae</span> <span class='ocrx_word' id='word_1_47' title='bbox 238 709 290 735; x_wconf 91' lang='lat' dir='ltr'>ne</span> <span class='ocrx_word' id='word_1_48' title='bbox 311 703 496 736; x_wconf 84' lang='lat' dir='ltr'>monstra</span> <span class='ocrx_word' id='word_1_49' title='bbox 516 695 574 749; x_wconf 88' lang='lat' dir='ltr'>pii</span> <span class='ocrx_word' id='word_1_50' title='bbox 595 703 842 750; x_wconf 87' lang='lat' dir='ltr'>paterentur</span> <span class='ocrx_word' id='word_1_51' title='bbox 859 694 958 736; x_wconf 82' lang='lat' dir='ltr'>talia</span> <span class='ocrx_word' id='word_1_52' title='bbox 978 696 1130 744; x_wconf 79' lang='lat' dir='ltr'>Troes,</span> 
     </span>
    </p>

    <p class='ocr_par' dir='ltr' id='par_1_9' title="bbox 104 748 1074 806">
     <span class='ocr_line' id='line_1_11' title="bbox 104 748 1074 806; baseline 0.004 -17"><span class='ocrx_word' id='word_1_53' title='bbox 104 748 251 790; x_wconf 85' lang='lat' dir='ltr'>Delati</span> <span class='ocrx_word' id='word_1_54' title='bbox 271 752 313 791; x_wconf 85' lang='lat' dir='ltr'>iu</span> <span class='ocrx_word' id='word_1_55' title='bbox 329 759 490 806; x_wconf 87' lang='lat' dir='ltr'>portus,</span> <span class='ocrx_word' id='word_1_56' title='bbox 512 767 595 792; x_wconf 87' lang='lat' dir='ltr'>neu</span> <span class='ocrx_word' id='word_1_57' title='bbox 616 752 738 793; x_wconf 83' lang='lat' dir='ltr'>litora</span> <span class='ocrx_word' id='word_1_58' title='bbox 759 753 850 793; x_wconf 81' lang='lat' dir='ltr'>dira</span> <span class='ocrx_word' id='word_1_59' title='bbox 871 753 1074 802; x_wconf 82' lang='lat' dir='ltr'>subirent,</span> 
     </span>
    </p>

    <p class='ocr_par' dir='ltr' id='par_1_10' title="bbox 102 805 1032 863">
     <span class='ocr_line' id='line_1_12' title="bbox 102 805 1032 863; baseline 0.003 -17"><span class='ocrx_word' id='word_1_60' title='bbox 102 805 334 860; x_wconf 81' lang='lat' dir='ltr'>Neptunus</span> <span class='ocrx_word' id='word_1_61' title='bbox 356 809 489 849; x_wconf 81' lang='lat' dir='ltr'>ventis</span> <span class='ocrx_word' id='word_1_62' title='bbox 509 808 697 863; x_wconf 83' lang='lat' dir='ltr'>implevit</span> <span class='ocrx_word' id='word_1_63' title='bbox 717 808 807 848; x_wconf 80' lang='lat' dir='ltr'>vela</span> <span class='ocrx_word' id='word_1_64' title='bbox 824 810 1032 857; x_wconf 81' lang='lat' dir='ltr'>secundis,</span> 
     </span>
    </p>

    <p class='ocr_par' dir='ltr' id='par_1_11' title="bbox 102 862 1268 918">
     <span class='ocr_line' id='line_1_13' title="bbox 102 862 1268 918; baseline 0.003 -15"><span class='ocrx_word' id='word_1_65' title='bbox 102 862 248 917; x_wconf 81' lang='lat' dir='ltr'>Atque</span> <span class='ocrx_word' id='word_1_66' title='bbox 269 865 411 918; x_wconf 84' lang='lat' dir='ltr'>fugam</span> <span class='ocrx_word' id='word_1_67' title='bbox 432 864 564 913; x_wconf 82' lang='lat' dir='ltr'>dedit,</span> <span class='ocrx_word' id='word_1_68' title='bbox 587 873 630 905; x_wconf 85' lang='lat' dir='ltr'>et</span> <span class='ocrx_word' id='word_1_69' title='bbox 650 872 806 918; x_wconf 82' lang='lat' dir='ltr'>praeter</span> <span class='ocrx_word' id='word_1_70' title='bbox 827 866 934 906; x_wconf 82' lang='lat' dir='ltr'>vada</span> <span class='ocrx_word' id='word_1_71' title='bbox 955 866 1119 906; x_wconf 85' lang='lat' dir='ltr'>fervida</span> <span class='ocrx_word' id='word_1_72' title='bbox 1141 867 1268 907; x_wconf 78' lang='lat' dir='ltr'>vexit.</span> 
     </span>
    </p>

    <p class='ocr_par' dir='ltr' id='par_1_12' title="bbox 101 919 1556 1033">
     <span class='ocr_line' id='line_1_14' title="bbox 101 919 1556 974; baseline 0.003 -14"><span class='ocrx_word' id='word_1_73' title='bbox 101 919 285 974; x_wconf 78' lang='lat' dir='ltr'>Jamque</span> <span class='ocrx_word' id='word_1_74' title='bbox 306 922 561 962; x_wconf 83' lang='lat' dir='ltr'>rubescebat</span> <span class='ocrx_word' id='word_1_75' title='bbox 580 922 708 962; x_wconf 82' lang='lat' dir='ltr'>radiis</span> <span class='ocrx_word' id='word_1_76' title='bbox 725 936 852 970; x_wconf 86' lang='lat' dir='ltr'>mare,</span> <span class='ocrx_word' id='word_1_77' title='bbox 875 930 917 962; x_wconf 90' lang='lat' dir='ltr'>et</span> <span class='ocrx_word' id='word_1_78' title='bbox 927 922 1086 964; x_wconf 82' lang='lat' dir='ltr'>aethere</span> <span class='ocrx_word' id='word_1_79' title='bbox 1106 924 1160 963; x_wconf 85' lang='lat' dir='ltr'>ab</span> <span class='ocrx_word' id='word_1_80' title='bbox 1177 923 1261 964; x_wconf 82' lang='lat' dir='ltr'>alto</span> <span class='ocrx_word' id='word_1_81' title='bbox 1501 926 1556 965; x_wconf 69' lang='lat'>235</span> 
     </span>
     <span class='ocr_line' id='line_1_15' title="bbox 103 976 987 1033; baseline 0.003 -16"><span class='ocrx_word' id='word_1_82' title='bbox 103 976 275 1018; x_wconf 86' lang='lat' dir='ltr'>Aurora</span> <span class='ocrx_word' id='word_1_83' title='bbox 291 978 334 1018; x_wconf 87' lang='lat' dir='ltr'>in</span> <span class='ocrx_word' id='word_1_84' title='bbox 352 979 484 1019; x_wconf 88' lang='lat' dir='ltr'>roseis</span> <span class='ocrx_word' id='word_1_85' title='bbox 505 978 696 1033; x_wconf 78' lang='lat' dir='ltr'>fulgebat</span> <span class='ocrx_word' id='word_1_86' title='bbox 716 978 831 1020; x_wconf 82' lang='lat' dir='ltr'>lutea</span> <span class='ocrx_word' id='word_1_87' title='bbox 852 980 960 1033; x_wconf 81' lang='lat' dir='ltr'>bigis</span> <span class='ocrx_word' id='word_1_88' title='bbox 978 996 987 1028; x_wconf 92' lang='lat'>;</span> 
     </span>
    </p>

    <p class='ocr_par' dir='ltr' id='par_1_13' title="bbox 104 1033 1200 1090">
     <span class='ocr_line' id='line_1_16' title="bbox 104 1033 1200 1090; baseline 0.003 -16"><span class='ocrx_word' id='word_1_89' title='bbox 104 1033 250 1079; x_wconf 83' lang='lat' dir='ltr'>Quum</span> <span class='ocrx_word' id='word_1_90' title='bbox 270 1036 382 1075; x_wconf 87' lang='lat' dir='ltr'>venti</span> <span class='ocrx_word' id='word_1_91' title='bbox 402 1050 597 1089; x_wconf 83' lang='lat' dir='ltr'>posuere,</span> <span class='ocrx_word' id='word_1_92' title='bbox 619 1036 835 1089; x_wconf 83' lang='lat' dir='ltr'>omnisque</span> <span class='ocrx_word' id='word_1_93' title='bbox 856 1043 1030 1090; x_wconf 85' lang='lat' dir='ltr'>repente</span> <span class='ocrx_word' id='word_1_94' title='bbox 1044 1037 1200 1077; x_wconf 76' lang='lat' dir='ltr'>resedit</span> 
     </span>
    </p>

    <p class='ocr_par' dir='ltr' id='par_1_14' title="bbox 103 1090 1156 1141">
     <span class='ocr_line' id='line_1_17' title="bbox 103 1090 1156 1141; baseline 0.002 -10"><span class='ocrx_word' id='word_1_95' title='bbox 103 1090 263 1141; x_wconf 85' lang='lat' dir='ltr'>Flatus,</span> <span class='ocrx_word' id='word_1_96' title='bbox 287 1098 329 1132; x_wconf 90' lang='lat' dir='ltr'>et</span> <span class='ocrx_word' id='word_1_97' title='bbox 348 1092 390 1132; x_wconf 92' lang='lat' dir='ltr'>in</span> <span class='ocrx_word' id='word_1_98' title='bbox 412 1091 525 1132; x_wconf 90' lang='lat' dir='ltr'>lento</span> <span class='ocrx_word' id='word_1_99' title='bbox 546 1092 761 1133; x_wconf 84' lang='lat' dir='ltr'>luctantur</span> <span class='ocrx_word' id='word_1_100' title='bbox 781 1107 987 1133; x_wconf 87' lang='lat' dir='ltr'>marmore</span> <span class='ocrx_word' id='word_1_101' title='bbox 1010 1101 1156 1133; x_wconf 67' lang='lat' dir='ltr'>tonsa).</span> 
     </span>
    </p>

    <p class='ocr_par' dir='ltr' id='par_1_15' title="bbox 101 1145 1187 1203">
     <span class='ocr_line' id='line_1_18' title="bbox 101 1145 1187 1203; baseline 0.003 -16"><span class='ocrx_word' id='word_1_102' title='bbox 101 1145 247 1201; x_wconf 90' lang='lat' dir='ltr'>Atque</span> <span class='ocrx_word' id='word_1_103' title='bbox 270 1149 338 1189; x_wconf 90' lang='lat' dir='ltr'>hic</span> <span class='ocrx_word' id='word_1_104' title='bbox 360 1148 523 1189; x_wconf 87' lang='lat' dir='ltr'>AEneas</span> <span class='ocrx_word' id='word_1_105' title='bbox 543 1150 757 1202; x_wconf 80' lang='lat' dir='ltr'>ingentem</span> <span class='ocrx_word' id='word_1_106' title='bbox 779 1164 833 1189; x_wconf 87' lang='lat' dir='ltr'>ex</span> <span class='ocrx_word' id='word_1_107' title='bbox 853 1164 1024 1203; x_wconf 78' lang='lat' dir='ltr'>aequore</span> <span class='ocrx_word' id='word_1_108' title='bbox 1045 1149 1187 1190; x_wconf 80' lang='lat' dir='ltr'>lucum</span> 
     </span>
    </p>
   </div>
   <div class='ocr_carea' id='block_1_8' title="bbox 103 1202 327 1258">
    <p class='ocr_par' dir='ltr' id='par_1_16' title="bbox 103 1202 327 1258">
     <span class='ocr_line' id='line_1_19' title="bbox 103 1202 327 1258; baseline 0 -14"><span class='ocrx_word' id='word_1_109' title='bbox 103 1202 327 1258; x_wconf 81' lang='lat' dir='ltr'>Prospicit.</span> 
     </span>
    </p>
   </div>
   <div class='ocr_carea' id='block_1_9' title="bbox 389 1204 1243 1255">
    <p class='ocr_par' dir='ltr' id='par_1_17' title="bbox 389 1204 1243 1255">
     <span class='ocr_line' id='line_1_20' title="bbox 389 1204 1243 1255; baseline -0.001 -10"><span class='ocrx_word' id='word_1_110' title='bbox 389 1204 519 1245; x_wconf 85' lang='lat' dir='ltr'>Hunc</span> <span class='ocrx_word' id='word_1_111' title='bbox 534 1205 643 1246; x_wconf 84' lang='lat' dir='ltr'>inter</span> <span class='ocrx_word' id='word_1_112' title='bbox 662 1205 791 1245; x_wconf 83' lang='lat' dir='ltr'>fluvio</span> <span class='ocrx_word' id='word_1_113' title='bbox 812 1205 1042 1246; x_wconf 85' lang='lat' dir='ltr'>Tiberinus</span> <span class='ocrx_word' id='word_1_114' title='bbox 1065 1221 1243 1255; x_wconf 61' lang='lat' dir='ltr'>amoeno,</span> 
     </span>
    </p>
   </div>
   <div class='ocr_carea' id='block_1_10' title="bbox 101 1259 1224 1486">
    <p class='ocr_par' dir='ltr' id='par_1_18' title="bbox 104 1259 1071 1316">
     <span class='ocr_line' id='line_1_21' title="bbox 104 1259 1071 1316; baseline 0.002 -15"><span class='ocrx_word' id='word_1_115' title='bbox 104 1259 349 1302; x_wconf 86' lang='lat' dir='ltr'>Vorticibus</span> <span class='ocrx_word' id='word_1_116' title='bbox 371 1262 543 1316; x_wconf 81' lang='lat' dir='ltr'>rapidis,</span> <span class='ocrx_word' id='word_1_117' title='bbox 566 1270 609 1303; x_wconf 82' lang='lat' dir='ltr'>et</span> <span class='ocrx_word' id='word_1_118' title='bbox 629 1261 761 1303; x_wconf 86' lang='lat' dir='ltr'>multa</span> <span class='ocrx_word' id='word_1_119' title='bbox 778 1261 911 1303; x_wconf 82' lang='lat' dir='ltr'>flavus</span> <span class='ocrx_word' id='word_1_120' title='bbox 929 1277 1071 1311; x_wconf 79' lang='lat' dir='ltr'>arena,</span> 
     </span>
    </p>

    <p class='ocr_par' dir='ltr' id='par_1_19' title="bbox 101 1316 1224 1486">
     <span class='ocr_line' id='line_1_22' title="bbox 102 1316 1224 1374; baseline 0.003 -17"><span class='ocrx_word' id='word_1_121' title='bbox 102 1316 153 1357; x_wconf 94' lang='lat' dir='ltr'>In</span> <span class='ocrx_word' id='word_1_122' title='bbox 173 1332 286 1359; x_wconf 87' lang='lat' dir='ltr'>mare</span> <span class='ocrx_word' id='word_1_123' title='bbox 306 1320 569 1373; x_wconf 82' lang='lat' dir='ltr'>prorumpit3</span> <span class='ocrx_word' id='word_1_124' title='bbox 601 1319 728 1359; x_wconf 73' lang='lat' dir='ltr'>variae</span> <span class='ocrx_word' id='word_1_125' title='bbox 747 1319 990 1374; x_wconf 87' lang='lat' dir='ltr'>circumque</span> <span class='ocrx_word' id='word_1_126' title='bbox 1012 1334 1224 1374; x_wconf 83' lang='lat' dir='ltr'>supraque</span> 
     </span>
     <span class='ocr_line' id='line_1_23' title="bbox 101 1373 1038 1429; baseline 0.003 -15"><span class='ocrx_word' id='word_1_127' title='bbox 101 1373 299 1416; x_wconf 79' lang='lat' dir='ltr'>Assuetae</span> <span class='ocrx_word' id='word_1_128' title='bbox 320 1376 421 1429; x_wconf 85' lang='lat' dir='ltr'>ripis</span> <span class='ocrx_word' id='word_1_129' title='bbox 442 1374 633 1417; x_wconf 81' lang='lat' dir='ltr'>volucres</span> <span class='ocrx_word' id='word_1_130' title='bbox 655 1383 697 1416; x_wconf 82' lang='lat' dir='ltr'>et</span> <span class='ocrx_word' id='word_1_131' title='bbox 717 1375 898 1416; x_wconf 85' lang='lat' dir='ltr'>fluminis</span> <span class='ocrx_word' id='word_1_132' title='bbox 920 1376 1038 1417; x_wconf 83' lang='lat' dir='ltr'>alveo</span> 
     </span>
     <span class='ocr_line' id='line_1_24' title="bbox 101 1431 1141 1486; baseline 0.001 -15"><span class='ocrx_word' id='word_1_133' title='bbox 101 1431 287 1472; x_wconf 83' lang='lat' dir='ltr'>AEthera</span> <span class='ocrx_word' id='word_1_134' title='bbox 306 1431 547 1473; x_wconf 77' lang='lat' dir='ltr'>mulcebant</span> <span class='ocrx_word' id='word_1_135' title='bbox 569 1439 708 1480; x_wconf 85' lang='lat' dir='ltr'>cantu,</span> <span class='ocrx_word' id='word_1_136' title='bbox 728 1431 909 1486; x_wconf 86' lang='lat' dir='ltr'>lucoque</span> <span class='ocrx_word' id='word_1_137' title='bbox 930 1432 1141 1473; x_wconf 79' lang='lat' dir='ltr'>volabant.</span> 
     </span>
    </p>
   </div>
   <div class='ocr_carea' id='block_1_11' title="bbox 102 1487 1176 1544">
    <p class='ocr_par' dir='ltr' id='par_1_20' title="bbox 102 1487 1176 1544">
     <span class='ocr_line' id='line_1_25' title="bbox 102 1487 1176 1544; baseline 0.003 -17"><span class='ocrx_word' id='word_1_138' title='bbox 102 1487 296 1529; x_wconf 86' lang='lat' dir='ltr'>Flectere</span> <span class='ocrx_word' id='word_1_139' title='bbox 316 1489 396 1529; x_wconf 87' lang='lat' dir='ltr'>iter</span> <span class='ocrx_word' id='word_1_140' title='bbox 416 1489 537 1530; x_wconf 88' lang='lat' dir='ltr'>sociis</span> <span class='ocrx_word' id='word_1_141' title='bbox 559 1496 767 1543; x_wconf 77' lang='lat' dir='ltr'>terraeque</span> <span class='ocrx_word' id='word_1_142' title='bbox 788 1489 1008 1530; x_wconf 83' lang='lat' dir='ltr'>advertere</span> <span class='ocrx_word' id='word_1_143' title='bbox 1029 1504 1176 1544; x_wconf 81' lang='lat' dir='ltr'>proras</span> 
     </span>
    </p>
   </div>
   <div class='ocr_carea' id='block_1_12' title="bbox 103 1544 1314 1771">
    <p class='ocr_par' dir='ltr' id='par_1_21' title="bbox 104 1544 1039 1600">
     <span class='ocr_line' id='line_1_26' title="bbox 104 1544 1039 1600; baseline 0.002 -16"><span class='ocrx_word' id='word_1_144' title='bbox 104 1544 305 1599; x_wconf 86' lang='lat' dir='ltr'>Imperat,</span> <span class='ocrx_word' id='word_1_145' title='bbox 326 1553 368 1586; x_wconf 88' lang='lat' dir='ltr'>et</span> <span class='ocrx_word' id='word_1_146' title='bbox 388 1545 510 1587; x_wconf 86' lang='lat' dir='ltr'>laetus</span> <span class='ocrx_word' id='word_1_147' title='bbox 529 1545 658 1586; x_wconf 85' lang='lat' dir='ltr'>fluvio</span> <span class='ocrx_word' id='word_1_148' title='bbox 680 1546 870 1587; x_wconf 85' lang='lat' dir='ltr'>succedit</span> <span class='ocrx_word' id='word_1_149' title='bbox 890 1561 1039 1600; x_wconf 89' lang='lat' dir='ltr'>opaco.</span> 
     </span>
    </p>

    <p class='ocr_par' dir='ltr' id='par_1_22' title="bbox 103 1601 1314 1771">
     <span class='ocr_line' id='line_1_27' title="bbox 160 1601 1314 1657; baseline 0.001 -15"><span class='ocrx_word' id='word_1_150' title='bbox 160 1601 289 1643; x_wconf 79' lang='lat' dir='ltr'>Nunc</span> <span class='ocrx_word' id='word_1_151' title='bbox 310 1617 401 1657; x_wconf 82' lang='lat' dir='ltr'>age,</span> <span class='ocrx_word' id='word_1_152' title='bbox 423 1603 495 1656; x_wconf 91' lang='lat' dir='ltr'>qui</span> <span class='ocrx_word' id='word_1_153' title='bbox 510 1617 647 1657; x_wconf 79' lang='lat' dir='ltr'>reges,</span> <span class='ocrx_word' id='word_1_154' title='bbox 669 1602 820 1650; x_wconf 85' lang='lat' dir='ltr'>Erato,</span> <span class='ocrx_word' id='word_1_155' title='bbox 835 1617 931 1656; x_wconf 80' lang='lat' dir='ltr'>quae</span> <span class='ocrx_word' id='word_1_156' title='bbox 952 1610 1144 1657; x_wconf 84' lang='lat' dir='ltr'>tempora</span> <span class='ocrx_word' id='word_1_157' title='bbox 1161 1618 1314 1652; x_wconf 81' lang='lat' dir='ltr'>rerum,</span> 
     </span>
     <span class='ocr_line' id='line_1_28' title="bbox 105 1658 1246 1713; baseline 0.001 -14"><span class='ocrx_word' id='word_1_158' title='bbox 105 1658 213 1705; x_wconf 79' lang='lat' dir='ltr'>Quis</span> <span class='ocrx_word' id='word_1_159' title='bbox 237 1659 362 1700; x_wconf 90' lang='lat' dir='ltr'>Latio</span> <span class='ocrx_word' id='word_1_160' title='bbox 379 1660 552 1713; x_wconf 87' lang='lat' dir='ltr'>antiquo</span> <span class='ocrx_word' id='word_1_161' title='bbox 571 1659 697 1700; x_wconf 88' lang='lat' dir='ltr'>fuerit</span> <span class='ocrx_word' id='word_1_162' title='bbox 718 1667 864 1708; x_wconf 85' lang='lat' dir='ltr'>status,</span> <span class='ocrx_word' id='word_1_163' title='bbox 885 1660 1050 1700; x_wconf 79' lang='lat' dir='ltr'>advena</span> <span class='ocrx_word' id='word_1_164' title='bbox 1071 1659 1246 1701; x_wconf 83' lang='lat' dir='ltr'>classem</span> 
     </span>
     <span class='ocr_line' id='line_1_29' title="bbox 103 1716 1197 1771; baseline 0 -15"><span class='ocrx_word' id='word_1_165' title='bbox 103 1716 249 1762; x_wconf 76' lang='lat' dir='ltr'>Quum</span> <span class='ocrx_word' id='word_1_166' title='bbox 270 1717 451 1770; x_wconf 86' lang='lat' dir='ltr'>primum</span> <span class='ocrx_word' id='word_1_167' title='bbox 469 1716 669 1757; x_wconf 73' lang='lat' dir='ltr'>Ausoniis</span> <span class='ocrx_word' id='word_1_168' title='bbox 690 1717 902 1758; x_wconf 79' lang='lat' dir='ltr'>exercitus</span> <span class='ocrx_word' id='word_1_169' title='bbox 923 1716 1087 1771; x_wconf 84' lang='lat' dir='ltr'>appulit</span> <span class='ocrx_word' id='word_1_170' title='bbox 1100 1718 1197 1765; x_wconf 88' lang='lat' dir='ltr'>oris,</span> 
     </span>
    </p>
   </div>
   <div class='ocr_carea' id='block_1_13' title="bbox 101 1839 815 2732">
    <p class='ocr_par' dir='ltr' id='par_1_23' title="bbox 102 1839 808 1956">
     <span class='ocr_line' id='line_1_30' title="bbox 102 1839 807 1877; baseline 0.001 -10"><span class='ocrx_word' id='word_1_171' title='bbox 102 1839 178 1867; x_wconf 80' lang='lat' dir='ltr'>mclii</span> <span class='ocrx_word' id='word_1_172' title='bbox 191 1839 282 1869; x_wconf 82' lang='lat' dir='ltr'>etiam</span> <span class='ocrx_word' id='word_1_173' title='bbox 296 1840 416 1870; x_wconf 79' lang='lat' dir='ltr'>nomine</span> <span class='ocrx_word' id='word_1_174' title='bbox 429 1839 610 1874; x_wconf 82' lang='lat' dir='ltr'>declaretur,</span> <span class='ocrx_word' id='word_1_175' title='bbox 624 1840 720 1869; x_wconf 82' lang='lat' dir='ltr'>forma</span> <span class='ocrx_word' id='word_1_176' title='bbox 741 1839 807 1877; x_wconf 75' lang='lat' dir='ltr'>ejus</span> 
     </span>
     <span class='ocr_line' id='line_1_31' title="bbox 103 1879 808 1908; baseline 0.001 -2"><span class='ocrx_word' id='word_1_177' title='bbox 103 1888 119 1906; x_wconf 84' lang='lat' dir='ltr'>a</span> <span class='ocrx_word' id='word_1_178' title='bbox 133 1883 306 1908; x_wconf 82' lang='lat' dir='ltr'>nostrorum</span> <span class='ocrx_word' id='word_1_179' title='bbox 321 1884 473 1908; x_wconf 85' lang='lat' dir='ltr'>textorum</span> <span class='ocrx_word' id='word_1_180' title='bbox 491 1879 633 1908; x_wconf 81' lang='lat' dir='ltr'>navicula</span> <span class='ocrx_word' id='word_1_181' title='bbox 647 1879 808 1908; x_wconf 82' lang='lat' dir='ltr'>admodum</span> 
     </span>
     <span class='ocr_line' id='line_1_32' title="bbox 103 1916 784 1956; baseline 0.001 -11"><span class='ocrx_word' id='word_1_182' title='bbox 103 1916 227 1946; x_wconf 83' lang='lat' dir='ltr'>diversa</span> <span class='ocrx_word' id='word_1_183' title='bbox 240 1927 306 1947; x_wconf 85' lang='lat' dir='ltr'>esse</span> <span class='ocrx_word' id='word_1_184' title='bbox 319 1918 436 1947; x_wconf 86' lang='lat' dir='ltr'>debuit.</span> <span class='ocrx_word' id='word_1_185' title='bbox 451 1918 500 1946; x_wconf 87' lang='lat' dir='ltr'>Cf.</span> <span class='ocrx_word' id='word_1_186' title='bbox 515 1928 582 1956; x_wconf 80' lang='lat' dir='ltr'>sup.</span> <span class='ocrx_word' id='word_1_187' title='bbox 598 1918 655 1947; x_wconf 89' lang='lat' dir='ltr'>Ge.</span> <span class='ocrx_word' id='word_1_188' title='bbox 671 1918 699 1952; x_wconf 96' lang='lat' dir='ltr'>I,</span> <span class='ocrx_word' id='word_1_189' title='bbox 714 1918 784 1946; x_wconf 78' lang='lat'><strong>294.</strong></span> 
     </span>
    </p>

    <p class='ocr_par' dir='ltr' id='par_1_24' title="bbox 101 1956 813 2490">
     <span class='ocr_line' id='line_1_33' title="bbox 143 1956 808 1996; baseline 0.002 -12"><span class='ocrx_word' id='word_1_190' title='bbox 143 1957 260 1986; x_wconf 82' lang='lat'>15—18</span> <span class='ocrx_word' id='word_1_191' title='bbox 273 1956 432 1986; x_wconf 85' lang='lat' dir='ltr'>admodum</span> <span class='ocrx_word' id='word_1_192' title='bbox 446 1961 547 1986; x_wconf 88' lang='lat' dir='ltr'>ornate</span> <span class='ocrx_word' id='word_1_193' title='bbox 557 1956 688 1996; x_wconf 76' lang='lat' dir='ltr'>singula,</span> <span class='ocrx_word' id='word_1_194' title='bbox 701 1956 727 1984; x_wconf 90' lang='lat' dir='ltr'>si</span> <span class='ocrx_word' id='word_1_195' title='bbox 739 1966 808 1985; x_wconf 89' lang='lat' dir='ltr'>cum</span> 
     </span>
     <span class='ocr_line' id='line_1_34' title="bbox 106 1994 811 2034; baseline 0.001 -11"><span class='ocrx_word' id='word_1_196' title='bbox 106 1994 277 2025; x_wconf 85' lang='lat' dir='ltr'>Homericis</span> <span class='ocrx_word' id='word_1_197' title='bbox 309 2006 466 2034; x_wconf 87' lang='lat' dir='ltr'>compares</span> <span class='ocrx_word' id='word_1_198' title='bbox 495 1996 555 2025; x_wconf 92' lang='lat' dir='ltr'>Od.</span> <span class='ocrx_word' id='word_1_199' title='bbox 579 2009 604 2029; x_wconf 84' lang='grc' dir='ltr'>κ,</span> <span class='ocrx_word' id='word_1_200' title='bbox 627 1996 686 2024; x_wconf 83' lang='grc'>212</span> <span class='ocrx_word' id='word_1_201' title='bbox 708 2005 756 2033; x_wconf 88' lang='lat' dir='ltr'>sq.</span> <span class='ocrx_word' id='word_1_202' title='bbox 781 2000 811 2024; x_wconf 87' lang='lat' dir='ltr'>et</span> 
     </span>
     <span class='ocr_line' id='line_1_35' title="bbox 105 2033 810 2073; baseline -0.001 -10"><span class='ocrx_word' id='word_1_203' title='bbox 105 2033 246 2071; x_wconf 84' lang='lat' dir='ltr'>Apollon.</span> <span class='ocrx_word' id='word_1_204' title='bbox 276 2034 335 2069; x_wconf 79' lang='lat' dir='ltr'>IV,</span> <span class='ocrx_word' id='word_1_205' title='bbox 360 2036 419 2064; x_wconf 81' lang='lat'>672</span> <span class='ocrx_word' id='word_1_206' title='bbox 446 2045 516 2073; x_wconf 85' lang='lat' dir='ltr'>sqq.</span> <span class='ocrx_word' id='word_1_207' title='bbox 539 2036 649 2072; x_wconf 81' lang='lat' dir='ltr'>sormoe</span> <span class='ocrx_word' id='word_1_208' title='bbox 676 2034 810 2072; x_wconf 81' lang='lat' dir='ltr'>luporum</span> 
     </span>
     <span class='ocr_line' id='line_1_36' title="bbox 105 2072 812 2118; baseline 0 -16"><span class='ocrx_word' id='word_1_209' title='bbox 105 2072 205 2110; x_wconf 69' lang='lat' dir='ltr'>simpl.</span> <span class='ocrx_word' id='word_1_210' title='bbox 228 2083 283 2112; x_wconf 88' lang='lat' dir='ltr'>pro</span> <span class='ocrx_word' id='word_1_211' title='bbox 310 2074 403 2118; x_wconf 80' lang='lat' dir='ltr'>lupis,</span> <span class='ocrx_word' id='word_1_212' title='bbox 424 2073 520 2102; x_wconf 81' lang='lat' dir='ltr'>forma</span> <span class='ocrx_word' id='word_1_213' title='bbox 537 2073 654 2102; x_wconf 87' lang='lat' dir='ltr'>dicendi</span> <span class='ocrx_word' id='word_1_214' title='bbox 678 2073 812 2110; x_wconf 58' lang='lat' dir='ltr'>poetica,</span> 
     </span>
     <span class='ocr_line' id='line_1_37' title="bbox 106 2112 809 2151; baseline 0 -11"><span class='ocrx_word' id='word_1_215' title='bbox 106 2121 194 2148; x_wconf 86' lang='lat' dir='ltr'>quam</span> <span class='ocrx_word' id='word_1_216' title='bbox 205 2112 268 2149; x_wconf 88' lang='lat' dir='ltr'>jam</span> <span class='ocrx_word' id='word_1_217' title='bbox 279 2112 350 2141; x_wconf 80' lang='lat' dir='ltr'>alib1</span> <span class='ocrx_word' id='word_1_218' title='bbox 364 2112 508 2145; x_wconf 84' lang='lat' dir='ltr'>vidimus,</span> <span class='ocrx_word' id='word_1_219' title='bbox 518 2116 549 2141; x_wconf 86' lang='lat' dir='ltr'>et</span> <span class='ocrx_word' id='word_1_220' title='bbox 559 2112 706 2151; x_wconf 79' lang='lat' dir='ltr'>praesepia</span> <span class='ocrx_word' id='word_1_221' title='bbox 718 2112 809 2149; x_wconf 74' lang='lat' dir='ltr'>paulo</span> 
     </span>
     <span class='ocr_line' id='line_1_38' title="bbox 107 2149 810 2188; baseline 0.001 -10"><span class='ocrx_word' id='word_1_222' title='bbox 107 2154 175 2179; x_wconf 87' lang='lat' dir='ltr'>ante</span> <span class='ocrx_word' id='word_1_223' title='bbox 188 2159 243 2188; x_wconf 90' lang='lat' dir='ltr'>pro</span> <span class='ocrx_word' id='word_1_224' title='bbox 259 2151 449 2180; x_wconf 52' lang='lat' dir='ltr'>caveis-20</span> <span class='ocrx_word' id='word_1_225' title='bbox 463 2150 596 2179; x_wconf 79' lang='lat' dir='ltr'>induerat</span> <span class='ocrx_word' id='word_1_226' title='bbox 610 2150 641 2179; x_wconf 87' lang='lat' dir='ltr'>in</span> <span class='ocrx_word' id='word_1_227' title='bbox 665 2149 761 2179; x_wconf 74' lang='lat' dir='ltr'>vultus</span> <span class='ocrx_word' id='word_1_228' title='bbox 776 2161 810 2180; x_wconf 85' lang='lat' dir='ltr'>ac</span> 
     </span>
     <span class='ocr_line' id='line_1_39' title="bbox 106 2188 809 2228; baseline 0 -11"><span class='ocrx_word' id='word_1_229' title='bbox 106 2193 201 2227; x_wconf 70' lang='lat' dir='ltr'>lerqa,</span> <span class='ocrx_word' id='word_1_230' title='bbox 215 2188 246 2218; x_wconf 85' lang='lat' dir='ltr'>h.</span> <span class='ocrx_word' id='word_1_231' title='bbox 271 2199 407 2228; x_wconf 79' lang='lat' dir='ltr'>corpora,</span> <span class='ocrx_word' id='word_1_232' title='bbox 417 2191 572 2227; x_wconf 77' lang='lat' dir='ltr'>serarum,-</span> <span class='ocrx_word' id='word_1_233' title='bbox 594 2199 649 2228; x_wconf 87' lang='lat' dir='ltr'>pro</span> <span class='ocrx_word' id='word_1_234' title='bbox 672 2189 809 2228; x_wconf 81' lang='lat' dir='ltr'>vulgari:</span> 
     </span>
     <span class='ocr_line' id='line_1_40' title="bbox 106 2227 810 2262; baseline 0.003 -7"><span class='ocrx_word' id='word_1_235' title='bbox 106 2227 245 2257; x_wconf 77' lang='lat' dir='ltr'>induerat</span> <span class='ocrx_word' id='word_1_236' title='bbox 268 2237 319 2256; x_wconf 86' lang='lat' dir='ltr'>eos</span> <span class='ocrx_word' id='word_1_237' title='bbox 340 2229 444 2257; x_wconf 89' lang='lat' dir='ltr'>formis</span> <span class='ocrx_word' id='word_1_238' title='bbox 466 2229 609 2262; x_wconf 78' lang='lat' dir='ltr'>serarum,</span> <span class='ocrx_word' id='word_1_239' title='bbox 635 2227 674 2257; x_wconf 84' lang='lat' dir='ltr'>cf.</span> <span class='ocrx_word' id='word_1_240' title='bbox 698 2229 755 2257; x_wconf 89' lang='lat' dir='ltr'>Ge.</span> <span class='ocrx_word' id='word_1_241' title='bbox 781 2228 810 2261; x_wconf 92' lang='lat' dir='ltr'>I,</span> 
     </span>
     <span class='ocr_line' id='line_1_41' title="bbox 108 2266 813 2305; baseline 0 -10"><span class='ocrx_word' id='word_1_242' title='bbox 108 2267 177 2295; x_wconf 87' lang='grc'><strong>187.</strong></span> <span class='ocrx_word' id='word_1_243' title='bbox 205 2267 272 2295; x_wconf 83' lang='grc'>188.</span> <span class='ocrx_word' id='word_1_244' title='bbox 290 2266 346 2305; x_wconf 83' lang='lat' dir='ltr'>pii,</span> <span class='ocrx_word' id='word_1_245' title='bbox 375 2269 524 2304; x_wconf 71' lang='grc' dir='ltr'>θεοφιλεῖς,</span> <span class='ocrx_word' id='word_1_246' title='bbox 551 2267 609 2296; x_wconf 89' lang='lat' dir='ltr'>diis</span> <span class='ocrx_word' id='word_1_247' title='bbox 636 2277 718 2296; x_wconf 88' lang='lat' dir='ltr'>curae</span> <span class='ocrx_word' id='word_1_248' title='bbox 742 2271 813 2296; x_wconf 85' lang='lat' dir='ltr'>sunt</span> 
     </span>
     <span class='ocr_line' id='line_1_42' title="bbox 108 2305 812 2344; baseline -0.001 -11"><span class='ocrx_word' id='word_1_249' title='bbox 108 2305 231 2342; x_wconf 87' lang='lat' dir='ltr'>Trojaui</span> <span class='ocrx_word' id='word_1_250' title='bbox 244 2315 250 2335; x_wconf 86' lang='lat'>;</span> <span class='ocrx_word' id='word_1_251' title='bbox 268 2315 335 2343; x_wconf 89' lang='lat' dir='ltr'>sup.</span> <span class='ocrx_word' id='word_1_252' title='bbox 350 2305 416 2340; x_wconf 89' lang='lat'>111,</span> <span class='ocrx_word' id='word_1_253' title='bbox 432 2307 508 2335; x_wconf 80' lang='lat'>265:</span> <span class='ocrx_word' id='word_1_254' title='bbox 526 2305 571 2335; x_wconf 79' lang='lat' dir='ltr'>Di</span> <span class='ocrx_word' id='word_1_255' title='bbox 579 2305 689 2344; x_wconf 75' lang='lat' dir='ltr'>placidi</span> <span class='ocrx_word' id='word_1_256' title='bbox 699 2310 812 2334; x_wconf 71' lang='lat' dir='ltr'>serrato</span> 
     </span>
     <span class='ocr_line' id='line_1_43' title="bbox 107 2344 813 2383; baseline 0.001 -11"><span class='ocrx_word' id='word_1_257' title='bbox 107 2344 305 2383; x_wconf 48' lang='lat' dir='ltr'>pios.*Mox</span> <span class='ocrx_word' id='word_1_258' title='bbox 330 2344 369 2372; x_wconf 67' lang='lat'>24</span> <span class='ocrx_word' id='word_1_259' title='bbox 384 2346 463 2382; x_wconf 77' lang='lat' dir='ltr'>fuya</span> <span class='ocrx_word' id='word_1_260' title='bbox 481 2354 537 2382; x_wconf 92' lang='lat' dir='ltr'>pro</span> <span class='ocrx_word' id='word_1_261' title='bbox 559 2345 650 2373; x_wconf 87' lang='lat' dir='ltr'>celeri</span> <span class='ocrx_word' id='word_1_262' title='bbox 669 2354 761 2373; x_wconf 86' lang='lat' dir='ltr'>cursu</span> <span class='ocrx_word' id='word_1_263' title='bbox 783 2350 813 2373; x_wconf 85' lang='lat' dir='ltr'>et</span> 
     </span>
     <span class='ocr_line' id='line_1_44' title="bbox 109 2382 812 2422; baseline 0 -11"><span class='ocrx_word' id='word_1_264' title='bbox 109 2382 300 2418; x_wconf 71' lang='lat' dir='ltr'>navigatione</span> <span class='ocrx_word' id='word_1_265' title='bbox 314 2392 321 2417; x_wconf 80' lang='lat'><em>3</em></span> <span class='ocrx_word' id='word_1_266' title='bbox 342 2386 373 2411; x_wconf 85' lang='lat' dir='ltr'>et</span> <span class='ocrx_word' id='word_1_267' title='bbox 385 2392 392 2410; x_wconf 72' lang='lat' dir='ltr'><strong><em>z</em></strong></span> <span class='ocrx_word' id='word_1_268' title='bbox 403 2383 589 2420; x_wconf 78' lang='lat' dir='ltr'>praetervexit</span> <span class='ocrx_word' id='word_1_269' title='bbox 602 2393 654 2412; x_wconf 88' lang='lat' dir='ltr'>eos</span> <span class='ocrx_word' id='word_1_270' title='bbox 669 2393 724 2422; x_wconf 86' lang='lat' dir='ltr'>per</span> <span class='ocrx_word' id='word_1_271' title='bbox 737 2384 812 2412; x_wconf 73' lang='lat' dir='ltr'>vada</span> 
     </span>
     <span class='ocr_line' id='line_1_45' title="bbox 101 2421 812 2460; baseline 0.001 -11"><span class='ocrx_word' id='word_1_272' title='bbox 101 2421 231 2459; x_wconf 79' lang='lat' dir='ltr'>fervida,</span> <span class='ocrx_word' id='word_1_273' title='bbox 244 2431 325 2449; x_wconf 86' lang='lat' dir='ltr'>mare</span> <span class='ocrx_word' id='word_1_274' title='bbox 341 2424 516 2455; x_wconf 84' lang='lat' dir='ltr'>aestuosum,</span> <span class='ocrx_word' id='word_1_275' title='bbox 531 2426 565 2451; x_wconf 88' lang='lat' dir='ltr'>ut</span> <span class='ocrx_word' id='word_1_276' title='bbox 577 2421 658 2451; x_wconf 88' lang='lat' dir='ltr'>circa</span> <span class='ocrx_word' id='word_1_277' title='bbox 671 2431 812 2460; x_wconf 91' lang='lat' dir='ltr'>promon-</span> 
     </span>
     <span class='ocr_line' id='line_1_46' title="bbox 109 2460 368 2490; baseline -0.004 -1"><span class='ocrx_word' id='word_1_278' title='bbox 109 2460 187 2489; x_wconf 83' lang='lat' dir='ltr'>toria</span> <span class='ocrx_word' id='word_1_279' title='bbox 197 2469 266 2490; x_wconf 82' lang='lat' dir='ltr'>esse</span> <span class='ocrx_word' id='word_1_280' title='bbox 280 2460 368 2489; x_wconf 85' lang='lat' dir='ltr'>solet.</span> 
     </span>
    </p>

    <p class='ocr_par' dir='ltr' id='par_1_25' title="bbox 109 2497 815 2732">
     <span class='ocr_line' id='line_1_47' title="bbox 148 2497 815 2538; baseline 0 -10"><span class='ocrx_word' id='word_1_281' title='bbox 148 2500 187 2528; x_wconf 78' lang='lat'>27</span> <span class='ocrx_word' id='word_1_282' title='bbox 201 2509 287 2538; x_wconf 79' lang='lat' dir='ltr'>quum</span> <span class='ocrx_word' id='word_1_283' title='bbox 303 2497 381 2528; x_wconf 77' lang='lat' dir='ltr'>venii.</span> <span class='ocrx_word' id='word_1_284' title='bbox 390 2507 523 2537; x_wconf 80' lang='lat' dir='ltr'>posuere,</span> <span class='ocrx_word' id='word_1_285' title='bbox 535 2498 601 2527; x_wconf 80' lang='lat' dir='ltr'>scil.</span> <span class='ocrx_word' id='word_1_286' title='bbox 615 2508 660 2533; x_wconf 81' lang='lat' dir='ltr'>se,</span> <span class='ocrx_word' id='word_1_287' title='bbox 673 2499 815 2537; x_wconf 78' lang='lat' dir='ltr'>quievere</span> 
     </span>
     <span class='ocr_line' id='line_1_48' title="bbox 109 2537 810 2573; baseline -0.001 -7"><span class='ocrx_word' id='word_1_288' title='bbox 109 2541 144 2566; x_wconf 83' lang='lat' dir='ltr'>ut</span> <span class='ocrx_word' id='word_1_289' title='bbox 157 2537 204 2571; x_wconf 79' lang='lat' dir='ltr'>X,</span> <span class='ocrx_word' id='word_1_290' title='bbox 220 2538 286 2566; x_wconf 81' lang='lat'><strong>103.</strong></span> <span class='ocrx_word' id='word_1_291' title='bbox 298 2537 329 2566; x_wconf 73' lang='lat' dir='ltr'>in</span> <span class='ocrx_word' id='word_1_292' title='bbox 344 2538 430 2570; x_wconf 49' lang='lat' dir='ltr'>lamo,</span> <span class='ocrx_word' id='word_1_293' title='bbox 451 2537 574 2565; x_wconf 76' lang='lat' dir='ltr'>immoto</span> <span class='ocrx_word' id='word_1_294' title='bbox 585 2546 602 2565; x_wconf 83' lang='lat' dir='ltr'>a</span> <span class='ocrx_word' id='word_1_295' title='bbox 611 2538 719 2573; x_wconf 77' lang='lat' dir='ltr'>ventis,</span> <span class='ocrx_word' id='word_1_296' title='bbox 732 2548 810 2566; x_wconf 76' lang='lat' dir='ltr'><em>mm·-</em></span> 
     </span>
     <span class='ocr_line' id='line_1_49' title="bbox 111 2576 809 2615; baseline 0 -11"><span class='ocrx_word' id='word_1_297' title='bbox 111 2586 202 2610; x_wconf 80' lang='lat' dir='ltr'>mure,</span> <span class='ocrx_word' id='word_1_298' title='bbox 216 2580 250 2605; x_wconf 82' lang='lat' dir='ltr'>ut</span> <span class='ocrx_word' id='word_1_299' title='bbox 261 2586 328 2614; x_wconf 87' lang='lat' dir='ltr'>sup.</span> <span class='ocrx_word' id='word_1_300' title='bbox 343 2576 402 2610; x_wconf 61' lang='lat' dir='ltr'>VI,</span> <span class='ocrx_word' id='word_1_301' title='bbox 413 2577 496 2610; x_wconf 72' lang='lat'>729„</span> <span class='ocrx_word' id='word_1_302' title='bbox 511 2576 563 2604; x_wconf 86' lang='lat' dir='ltr'>ubi</span> <span class='ocrx_word' id='word_1_303' title='bbox 576 2576 636 2605; x_wconf 83' lang='lat' dir='ltr'>vid.</span> <span class='ocrx_word' id='word_1_304' title='bbox 649 2581 723 2610; x_wconf 72' lang='lat' dir='ltr'>not„</span> <span class='ocrx_word' id='word_1_305' title='bbox 737 2586 809 2615; x_wconf 83' lang='lat' dir='ltr'>pro:</span> 
     </span>
     <span class='ocr_line' id='line_1_50' title="bbox 110 2615 814 2653; baseline -0.001 -9"><span class='ocrx_word' id='word_1_306' title='bbox 110 2615 196 2649; x_wconf 82' lang='lat' dir='ltr'>mari,</span> <span class='ocrx_word' id='word_1_307' title='bbox 209 2615 356 2644; x_wconf 79' lang='lat' dir='ltr'>luctantur</span> <span class='ocrx_word' id='word_1_308' title='bbox 367 2615 443 2644; x_wconf 87' lang='lat' dir='ltr'>remi</span> <span class='ocrx_word' id='word_1_309' title='bbox 457 2625 464 2650; x_wconf 79' lang='lat'>3</span> <span class='ocrx_word' id='word_1_310' title='bbox 488 2618 578 2643; x_wconf 77' lang='lat' dir='ltr'>vento</span> <span class='ocrx_word' id='word_1_311' title='bbox 600 2620 746 2650; x_wconf 80' lang='lat' dir='ltr'>cessante,</span> <span class='ocrx_word' id='word_1_312' title='bbox 762 2616 814 2653; x_wconf 87' lang='lat' dir='ltr'>qui</span> 
     </span>
     <span class='ocr_line' id='line_1_51' title="bbox 109 2653 814 2692; baseline 0 -10"><span class='ocrx_word' id='word_1_313' title='bbox 109 2663 216 2683; x_wconf 86' lang='lat' dir='ltr'>navem</span> <span class='ocrx_word' id='word_1_314' title='bbox 229 2657 374 2692; x_wconf 82' lang='lat' dir='ltr'>ageret.-</span> <span class='ocrx_word' id='word_1_315' title='bbox 385 2659 476 2682; x_wconf 81' lang='lat' dir='ltr'>lonsoe</span> <span class='ocrx_word' id='word_1_316' title='bbox 490 2663 544 2691; x_wconf 87' lang='lat' dir='ltr'>pro</span> <span class='ocrx_word' id='word_1_317' title='bbox 554 2653 814 2682; x_wconf 81' lang='lat' dir='ltr'>remis.—·29—36</span> 
     </span>
     <span class='ocr_line' id='line_1_52' title="bbox 112 2692 814 2732; baseline 0 -11"><span class='ocrx_word' id='word_1_318' title='bbox 112 2692 209 2722; x_wconf 86' lang='lat' dir='ltr'>Simili</span> <span class='ocrx_word' id='word_1_319' title='bbox 237 2702 304 2722; x_wconf 84' lang='lat' dir='ltr'>cum</span> <span class='ocrx_word' id='word_1_320' title='bbox 325 2693 444 2732; x_wconf 84' lang='lat' dir='ltr'>judicio</span> <span class='ocrx_word' id='word_1_321' title='bbox 470 2696 573 2722; x_wconf 75' lang='lat' dir='ltr'>oruata</span> <span class='ocrx_word' id='word_1_322' title='bbox 598 2696 667 2721; x_wconf 85' lang='lat' dir='ltr'>sunt</span> <span class='ocrx_word' id='word_1_323' title='bbox 686 2692 764 2727; x_wconf 76' lang='lat' dir='ltr'>haec,</span> <span class='ocrx_word' id='word_1_324' title='bbox 779 2702 814 2722; x_wconf 79' lang='lat' dir='ltr'>ac</span> 
     </span>
    </p>
   </div>
   <div class='ocr_carea' id='block_1_14' title="bbox 846 1839 1559 2731">
    <p class='ocr_par' dir='ltr' id='par_1_26' title="bbox 846 1839 1559 2342">
     <span class='ocr_line' id='line_1_53' title="bbox 847 1839 1553 1878; baseline 0.001 -10"><span class='ocrx_word' id='word_1_325' title='bbox 847 1839 1009 1878; x_wconf 70' lang='lat' dir='ltr'>praegressi</span> <span class='ocrx_word' id='word_1_326' title='bbox 1027 1849 1145 1873; x_wconf 77' lang='lat' dir='ltr'>versus,</span> <span class='ocrx_word' id='word_1_327' title='bbox 1160 1849 1227 1868; x_wconf 91' lang='lat' dir='ltr'>cum</span> <span class='ocrx_word' id='word_1_328' title='bbox 1237 1840 1298 1876; x_wconf 84' lang='lat' dir='ltr'>jam</span> <span class='ocrx_word' id='word_1_329' title='bbox 1312 1840 1349 1868; x_wconf 75' lang='lat' dir='ltr'>de</span> <span class='ocrx_word' id='word_1_330' title='bbox 1364 1850 1462 1869; x_wconf 84' lang='lat' dir='ltr'>rerum</span> <span class='ocrx_word' id='word_1_331' title='bbox 1475 1851 1553 1869; x_wconf 65' lang='lat' dir='ltr'>sum&lt;</span> 
     </span>
     <span class='ocr_line' id='line_1_54' title="bbox 847 1878 1557 1917; baseline 0 -10"><span class='ocrx_word' id='word_1_332' title='bbox 847 1889 906 1912; x_wconf 86' lang='lat' dir='ltr'>ma,</span> <span class='ocrx_word' id='word_1_333' title='bbox 921 1879 958 1907; x_wconf 87' lang='lat' dir='ltr'>de</span> <span class='ocrx_word' id='word_1_334' title='bbox 974 1889 1100 1908; x_wconf 72' lang='lat' dir='ltr'>accessu</span> <span class='ocrx_word' id='word_1_335' title='bbox 1115 1879 1152 1908; x_wconf 86' lang='lat' dir='ltr'>ad</span> <span class='ocrx_word' id='word_1_336' title='bbox 1168 1878 1298 1911; x_wconf 85' lang='lat' dir='ltr'>Italiam,</span> <span class='ocrx_word' id='word_1_337' title='bbox 1315 1882 1439 1916; x_wconf 77' lang='lat' dir='ltr'>agatur:</span> <span class='ocrx_word' id='word_1_338' title='bbox 1456 1880 1557 1917; x_wconf 76' lang='lat' dir='ltr'>itaque</span> 
     </span>
     <span class='ocr_line' id='line_1_55' title="bbox 846 1917 1557 1955; baseline 0 -9"><span class='ocrx_word' id='word_1_339' title='bbox 846 1917 980 1946; x_wconf 81' lang='lat' dir='ltr'>locorum</span> <span class='ocrx_word' id='word_1_340' title='bbox 1004 1918 1111 1946; x_wconf 83' lang='lat' dir='ltr'>faciem</span> <span class='ocrx_word' id='word_1_341' title='bbox 1138 1917 1262 1946; x_wconf 81' lang='lat' dir='ltr'>exhibet</span> <span class='ocrx_word' id='word_1_342' title='bbox 1289 1919 1380 1955; x_wconf 67' lang='lat' dir='ltr'>poeta</span> <span class='ocrx_word' id='word_1_343' title='bbox 1402 1919 1557 1955; x_wconf 80' lang='lat' dir='ltr'>jucundis-</span> 
     </span>
     <span class='ocr_line' id='line_1_56' title="bbox 849 1956 1557 1995; baseline 0.001 -11"><span class='ocrx_word' id='word_1_344' title='bbox 849 1956 1041 1985; x_wconf 72' lang='lat' dir='ltr'>simam.—34</span> <span class='ocrx_word' id='word_1_345' title='bbox 1065 1957 1183 1995; x_wconf 81' lang='lat' dir='ltr'>lucoque</span> <span class='ocrx_word' id='word_1_346' title='bbox 1202 1966 1257 1994; x_wconf 86' lang='lat' dir='ltr'>per</span> <span class='ocrx_word' id='word_1_347' title='bbox 1276 1956 1468 1985; x_wconf 67' lang='lat' dir='ltr'>lucum—35</span> <span class='ocrx_word' id='word_1_348' title='bbox 1486 1958 1557 1993; x_wconf 42' lang='lat' dir='ltr'>,Hec-</span> 
     </span>
     <span class='ocr_line' id='line_1_57' title="bbox 851 1995 1558 2027; baseline 0 -3"><span class='ocrx_word' id='word_1_349' title='bbox 851 1999 911 2024; x_wconf 77' lang='lat' dir='ltr'>tere</span> <span class='ocrx_word' id='word_1_350' title='bbox 938 1995 1005 2027; x_wconf 75' lang='lat' dir='ltr'>iter,</span> <span class='ocrx_word' id='word_1_351' title='bbox 1030 2005 1163 2027; x_wconf 81' lang='lat' dir='ltr'>cursum,</span> <span class='ocrx_word' id='word_1_352' title='bbox 1184 1999 1218 2023; x_wconf 88' lang='lat' dir='ltr'>ut</span> <span class='ocrx_word' id='word_1_353' title='bbox 1241 1995 1281 2026; x_wconf 84' lang='lat' dir='ltr'>V.</span> <span class='ocrx_word' id='word_1_354' title='bbox 1302 1996 1352 2023; x_wconf 79' lang='lat'>28.</span> <span class='ocrx_word' id='word_1_355' title='bbox 1373 1995 1460 2023; x_wconf 83' lang='lat' dir='ltr'>Facit</span> <span class='ocrx_word' id='word_1_356' title='bbox 1483 2006 1558 2024; x_wconf 74' lang='lat' dir='ltr'>vero</span> 
     </span>
     <span class='ocr_line' id='line_1_58' title="bbox 851 2033 1559 2071; baseline 0 -9"><span class='ocrx_word' id='word_1_357' title='bbox 851 2034 916 2062; x_wconf 71' lang='lat' dir='ltr'>lxaec</span> <span class='ocrx_word' id='word_1_358' title='bbox 932 2034 1060 2068; x_wconf 62' lang='lat' dir='ltr'>ABneas,</span> <span class='ocrx_word' id='word_1_359' title='bbox 1075 2038 1108 2062; x_wconf 86' lang='lat' dir='ltr'>ut</span> <span class='ocrx_word' id='word_1_360' title='bbox 1123 2034 1159 2061; x_wconf 85' lang='lat' dir='ltr'>ad</span> <span class='ocrx_word' id='word_1_361' title='bbox 1175 2033 1241 2071; x_wconf 87' lang='lat' dir='ltr'>ipsa</span> <span class='ocrx_word' id='word_1_362' title='bbox 1255 2033 1375 2062; x_wconf 76' lang='lat' dir='ltr'>Tiberis</span> <span class='ocrx_word' id='word_1_363' title='bbox 1397 2035 1476 2062; x_wconf 67' lang='lat' dir='ltr'>ostia</span> <span class='ocrx_word' id='word_1_364' title='bbox 1490 2044 1559 2062; x_wconf 84' lang='lat' dir='ltr'>cm·-</span> 
     </span>
     <span class='ocr_line' id='line_1_59' title="bbox 853 2071 1558 2108; baseline 0 -8"><span class='ocrx_word' id='word_1_365' title='bbox 853 2082 918 2101; x_wconf 78' lang='lat' dir='ltr'>sum</span> <span class='ocrx_word' id='word_1_366' title='bbox 933 2076 1030 2108; x_wconf 65' lang='lat' dir='ltr'>regat,</span> <span class='ocrx_word' id='word_1_367' title='bbox 1051 2073 1088 2101; x_wconf 84' lang='lat' dir='ltr'>ad</span> <span class='ocrx_word' id='word_1_368' title='bbox 1113 2071 1240 2100; x_wconf 80' lang='lat' dir='ltr'>Creiisae</span> <span class='ocrx_word' id='word_1_369' title='bbox 1266 2072 1410 2100; x_wconf 80' lang='lat' dir='ltr'>monitum</span> <span class='ocrx_word' id='word_1_370' title='bbox 1432 2072 1484 2100; x_wconf 88' lang='lat' dir='ltr'>lib.</span> <span class='ocrx_word' id='word_1_371' title='bbox 1510 2073 1558 2104; x_wconf 80' lang='grc' dir='ltr'>ΙΙ,</span> 
     </span>
     <span class='ocr_line' id='line_1_60' title="bbox 849 2109 1557 2147; baseline -0.001 -7"><span class='ocrx_word' id='word_1_372' title='bbox 849 2113 919 2140; x_wconf 79' lang='lat'>781.</span> <span class='ocrx_word' id='word_1_373' title='bbox 934 2112 993 2140; x_wconf 73' lang='lat'>782</span> <span class='ocrx_word' id='word_1_374' title='bbox 1004 2111 1048 2138; x_wconf 86' lang='lat' dir='ltr'>Et</span> <span class='ocrx_word' id='word_1_375' title='bbox 1064 2115 1175 2139; x_wconf 76' lang='lat' dir='ltr'>terram</span> <span class='ocrx_word' id='word_1_376' title='bbox 1197 2109 1373 2147; x_wconf 70' lang='lat' dir='ltr'>Hesperiam</span> <span class='ocrx_word' id='word_1_377' title='bbox 1386 2110 1493 2143; x_wconf 73' lang='lat' dir='ltr'>venies,</span> <span class='ocrx_word' id='word_1_378' title='bbox 1507 2111 1557 2139; x_wconf 75' lang='lat' dir='ltr'>ubi</span> 
     </span>
     <span class='ocr_line' id='line_1_61' title="bbox 850 2148 1558 2188; baseline -0.001 -10"><span class='ocrx_word' id='word_1_379' title='bbox 850 2149 962 2188; x_wconf 72' lang='lat' dir='ltr'>Lydius</span> <span class='ocrx_word' id='word_1_380' title='bbox 983 2159 1055 2178; x_wconf 80' lang='lat' dir='ltr'>arva</span> <span class='ocrx_word' id='word_1_381' title='bbox 1077 2149 1161 2177; x_wconf 72' lang='lat' dir='ltr'>Inter</span> <span class='ocrx_word' id='word_1_382' title='bbox 1186 2148 1279 2186; x_wconf 83' lang='lat' dir='ltr'>opima</span> <span class='ocrx_word' id='word_1_383' title='bbox 1301 2148 1395 2176; x_wconf 84' lang='lat' dir='ltr'>virum</span> <span class='ocrx_word' id='word_1_384' title='bbox 1422 2148 1479 2176; x_wconf 84' lang='lat' dir='ltr'>leni</span> <span class='ocrx_word' id='word_1_385' title='bbox 1488 2149 1558 2185; x_wconf 81' lang='lat' dir='ltr'>fluit</span> 
     </span>
     <span class='ocr_line' id='line_1_62' title="bbox 850 2187 1558 2232; baseline 0 -15"><span class='ocrx_word' id='word_1_386' title='bbox 850 2188 961 2227; x_wconf 76' lang='lat' dir='ltr'>aymine</span> <span class='ocrx_word' id='word_1_387' title='bbox 985 2188 1120 2232; x_wconf 56' lang='lat' dir='ltr'>Thybri&amp;</span> <span class='ocrx_word' id='word_1_388' title='bbox 1161 2187 1315 2216; x_wconf 85' lang='lat' dir='ltr'>Escensus</span> <span class='ocrx_word' id='word_1_389' title='bbox 1336 2187 1435 2215; x_wconf 81' lang='lat' dir='ltr'>sactus</span> <span class='ocrx_word' id='word_1_390' title='bbox 1458 2188 1495 2215; x_wconf 87' lang='lat' dir='ltr'>ad</span> <span class='ocrx_word' id='word_1_391' title='bbox 1516 2188 1558 2217; x_wconf 89' lang='lat' dir='ltr'>ri-</span> 
     </span>
     <span class='ocr_line' id='line_1_63' title="bbox 851 2225 1558 2266; baseline 0 -11"><span class='ocrx_word' id='word_1_392' title='bbox 851 2237 919 2266; x_wconf 88' lang='lat' dir='ltr'>pam</span> <span class='ocrx_word' id='word_1_393' title='bbox 953 2226 1083 2255; x_wconf 78' lang='lat' dir='ltr'>fluminis</span> <span class='ocrx_word' id='word_1_394' title='bbox 1116 2226 1146 2254; x_wconf 88' lang='lat' dir='ltr'>in</span> <span class='ocrx_word' id='word_1_395' title='bbox 1187 2235 1290 2263; x_wconf 81' lang='lat' dir='ltr'>agrum</span> <span class='ocrx_word' id='word_1_396' title='bbox 1332 2225 1558 2255; x_wconf 83' lang='lat' dir='ltr'>Laurentinum.</span> 
     </span>
     <span class='ocr_line' id='line_1_64' title="bbox 854 2263 1557 2301; baseline 0 -6"><span class='ocrx_word' id='word_1_397' title='bbox 854 2267 929 2295; x_wconf 88' lang='lat' dir='ltr'>Erat</span> <span class='ocrx_word' id='word_1_398' title='bbox 943 2270 1040 2294; x_wconf 88' lang='lat' dir='ltr'>autem</span> <span class='ocrx_word' id='word_1_399' title='bbox 1052 2265 1103 2294; x_wconf 86' lang='lat' dir='ltr'>ille</span> <span class='ocrx_word' id='word_1_400' title='bbox 1119 2264 1189 2294; x_wconf 85' lang='lat' dir='ltr'>olim</span> <span class='ocrx_word' id='word_1_401' title='bbox 1199 2263 1293 2293; x_wconf 82' lang='lat' dir='ltr'>lauris</span> <span class='ocrx_word' id='word_1_402' title='bbox 1308 2264 1462 2301; x_wconf 79' lang='lat' dir='ltr'>consitus3</span> <span class='ocrx_word' id='word_1_403' title='bbox 1477 2265 1557 2295; x_wconf 85' lang='lat' dir='ltr'>unde</span> 
     </span>
     <span class='ocr_line' id='line_1_65' title="bbox 853 2304 1220 2342; baseline -0.005 -9"><span class='ocrx_word' id='word_1_404' title='bbox 853 2305 932 2333; x_wconf 72' lang='lat' dir='ltr'>lucus</span> <span class='ocrx_word' id='word_1_405' title='bbox 944 2309 974 2333; x_wconf 76' lang='lat' dir='ltr'>el</span> <span class='ocrx_word' id='word_1_406' title='bbox 982 2304 1092 2341; x_wconf 81' lang='lat' dir='ltr'>fluvius</span> <span class='ocrx_word' id='word_1_407' title='bbox 1104 2313 1220 2342; x_wconf 77' lang='lat' dir='ltr'>opacus.</span> 
     </span>
    </p>

    <p class='ocr_par' dir='ltr' id='par_1_27' title="bbox 851 2341 1558 2731">
     <span class='ocr_line' id='line_1_66' title="bbox 892 2341 1558 2381; baseline -0.002 -9"><span class='ocrx_word' id='word_1_408' title='bbox 892 2345 929 2372; x_wconf 72' lang='lat'>3?</span> <span class='ocrx_word' id='word_1_409' title='bbox 945 2353 1012 2381; x_wconf 87' lang='lat' dir='ltr'>sqq.</span> <span class='ocrx_word' id='word_1_410' title='bbox 1026 2343 1134 2376; x_wconf 80' lang='lat' dir='ltr'>Erato,</span> <span class='ocrx_word' id='word_1_411' title='bbox 1149 2341 1272 2380; x_wconf 85' lang='lat' dir='ltr'>ponitur</span> <span class='ocrx_word' id='word_1_412' title='bbox 1286 2351 1303 2369; x_wconf 87' lang='lat' dir='ltr'>a</span> <span class='ocrx_word' id='word_1_413' title='bbox 1317 2342 1406 2379; x_wconf 70' lang='lat' dir='ltr'>poe&#39;ta</span> <span class='ocrx_word' id='word_1_414' title='bbox 1417 2351 1473 2380; x_wconf 91' lang='lat' dir='ltr'>pro</span> <span class='ocrx_word' id='word_1_415' title='bbox 1488 2342 1558 2371; x_wconf 79' lang='lat' dir='ltr'>Mu-</span> 
     </span>
     <span class='ocr_line' id='line_1_67' title="bbox 853 2380 1558 2420; baseline -0.003 -9"><span class='ocrx_word' id='word_1_416' title='bbox 853 2393 885 2411; x_wconf 77' lang='lat' dir='ltr'>sa</span> <span class='ocrx_word' id='word_1_417' title='bbox 899 2382 1109 2420; x_wconf 81' lang='lat' dir='ltr'>qualicunque,</span> <span class='ocrx_word' id='word_1_418' title='bbox 1124 2386 1157 2409; x_wconf 79' lang='lat' dir='ltr'>ut</span> <span class='ocrx_word' id='word_1_419' title='bbox 1180 2384 1261 2409; x_wconf 86' lang='lat' dir='ltr'>recte</span> <span class='ocrx_word' id='word_1_420' title='bbox 1285 2380 1420 2409; x_wconf 81' lang='lat' dir='ltr'>Servius.</span> <span class='ocrx_word' id='word_1_421' title='bbox 1460 2381 1558 2419; x_wconf 75' lang='lat' dir='ltr'>Apol—</span> 
     </span>
     <span class='ocr_line' id='line_1_68' title="bbox 852 2418 1558 2459; baseline -0.003 -9"><span class='ocrx_word' id='word_1_422' title='bbox 852 2422 922 2450; x_wconf 86' lang='lat' dir='ltr'>lonii</span> <span class='ocrx_word' id='word_1_423' title='bbox 938 2421 1110 2459; x_wconf 79' lang='lat' dir='ltr'>exemplum</span> <span class='ocrx_word' id='word_1_424' title='bbox 1124 2420 1200 2448; x_wconf 83' lang='lat' dir='ltr'>bene</span> <span class='ocrx_word' id='word_1_425' title='bbox 1215 2418 1355 2448; x_wconf 81' lang='lat' dir='ltr'>laudatur</span> <span class='ocrx_word' id='word_1_426' title='bbox 1370 2420 1408 2448; x_wconf 85' lang='lat' dir='ltr'>ab</span> <span class='ocrx_word' id='word_1_427' title='bbox 1422 2419 1487 2448; x_wconf 79' lang='lat' dir='ltr'>aliis</span> <span class='ocrx_word' id='word_1_428' title='bbox 1503 2420 1558 2448; x_wconf 83' lang='lat' dir='ltr'>lib.</span> 
     </span>
     <span class='ocr_line' id='line_1_69' title="bbox 854 2457 1556 2493; baseline -0.003 -4"><span class='ocrx_word' id='word_1_429' title='bbox 854 2461 920 2493; x_wconf 84' lang='grc' dir='ltr'>ΙΙΙ,</span> <span class='ocrx_word' id='word_1_430' title='bbox 938 2462 953 2488; x_wconf 91' lang='grc'><strong>1</strong></span> <span class='ocrx_word' id='word_1_431' title='bbox 967 2470 973 2487; x_wconf 81' lang='lat' dir='ltr'><em>z</em></span> <span class='ocrx_word' id='word_1_432' title='bbox 997 2462 1024 2487; x_wconf 69' lang='lat'>132</span> <span class='ocrx_word' id='word_1_433' title='bbox 1039 2462 1061 2487; x_wconf 77' lang='lat'>‹3’</span> <span class='ocrx_word' id='word_1_434' title='bbox 1077 2464 1125 2493; x_wconf 59' lang='grc' dir='ltr'>ὅγε</span> <span class='ocrx_word' id='word_1_435' title='bbox 1143 2462 1195 2491; x_wconf 70' lang='grc' dir='ltr'>νῦν,</span> <span class='ocrx_word' id='word_1_436' title='bbox 1206 2459 1306 2491; x_wconf 81' lang='grc' dir='ltr'>Ἐρατὼ</span> <span class='ocrx_word' id='word_1_437' title='bbox 1315 2461 1385 2491; x_wconf 65' lang='lat' dir='ltr'>etc„</span> <span class='ocrx_word' id='word_1_438' title='bbox 1398 2457 1556 2487; x_wconf 70' lang='lat' dir='ltr'>ubitamen</span> 
     </span>
     <span class='ocr_line' id='line_1_70' title="bbox 855 2497 1555 2536; baseline -0.003 -8"><span class='ocrx_word' id='word_1_439' title='bbox 855 2499 948 2528; x_wconf 79' lang='lat' dir='ltr'>Erato</span> <span class='ocrx_word' id='word_1_440' title='bbox 963 2498 1085 2536; x_wconf 82' lang='lat' dir='ltr'>proprio</span> <span class='ocrx_word' id='word_1_441' title='bbox 1101 2498 1234 2534; x_wconf 82' lang='lat' dir='ltr'>suojnre</span> <span class='ocrx_word' id='word_1_442' title='bbox 1243 2497 1279 2524; x_wconf 88' lang='lat' dir='ltr'>ad</span> <span class='ocrx_word' id='word_1_443' title='bbox 1293 2506 1421 2526; x_wconf 87' lang='lat' dir='ltr'>amorem</span> <span class='ocrx_word' id='word_1_444' title='bbox 1435 2497 1555 2526; x_wconf 72' lang='lat' dir='ltr'>Medea·</span> 
     </span>
     <span class='ocr_line' id='line_1_71' title="bbox 851 2536 1556 2576; baseline -0.003 -11"><span class='ocrx_word' id='word_1_445' title='bbox 851 2537 1064 2576; x_wconf 68' lang='lat' dir='ltr'>exponendum</span> <span class='ocrx_word' id='word_1_446' title='bbox 1078 2536 1217 2564; x_wconf 79' lang='lat' dir='ltr'>advocari</span> <span class='ocrx_word' id='word_1_447' title='bbox 1231 2539 1365 2572; x_wconf 77' lang='lat' dir='ltr'>putatur.</span> <span class='ocrx_word' id='word_1_448' title='bbox 1405 2536 1481 2564; x_wconf 79' lang='lat' dir='ltr'>Mox</span> <span class='ocrx_word' id='word_1_449' title='bbox 1491 2547 1556 2574; x_wconf 68' lang='lat' dir='ltr'>qum</span> 
     </span>
     <span class='ocr_line' id='line_1_72' title="bbox 852 2573 1556 2614; baseline -0.001 -10"><span class='ocrx_word' id='word_1_450' title='bbox 852 2582 980 2614; x_wconf 76' lang='lat' dir='ltr'>tempora</span> <span class='ocrx_word' id='word_1_451' title='bbox 1007 2585 1104 2603; x_wconf 79' lang='lat' dir='ltr'>rernm</span> <span class='ocrx_word' id='word_1_452' title='bbox 1128 2573 1250 2605; x_wconf 73' lang='lat' dir='ltr'>suerint.</span> <span class='ocrx_word' id='word_1_453' title='bbox 1275 2584 1332 2602; x_wconf 89' lang='lat' dir='ltr'>non</span> <span class='ocrx_word' id='word_1_454' title='bbox 1360 2578 1420 2602; x_wconf 87' lang='lat' dir='ltr'>tam</span> <span class='ocrx_word' id='word_1_455' title='bbox 1446 2574 1556 2612; x_wconf 87' lang='lat' dir='ltr'>quibus</span> 
     </span>
     <span class='ocr_line' id='line_1_73' title="bbox 854 2614 1554 2652; baseline -0.003 -9"><span class='ocrx_word' id='word_1_456' title='bbox 854 2614 1054 2652; x_wconf 83' lang='lat' dir='ltr'>temporibus,</span> <span class='ocrx_word' id='word_1_457' title='bbox 1065 2623 1152 2652; x_wconf 88' lang='lat' dir='ltr'>quam</span> <span class='ocrx_word' id='word_1_458' title='bbox 1165 2622 1224 2651; x_wconf 89' lang='lat' dir='ltr'>quo</span> <span class='ocrx_word' id='word_1_459' title='bbox 1238 2623 1336 2641; x_wconf 84' lang='lat' dir='ltr'>rerum</span> <span class='ocrx_word' id='word_1_460' title='bbox 1347 2616 1427 2642; x_wconf 81' lang='lat' dir='ltr'>statu</span> <span class='ocrx_word' id='word_1_461' title='bbox 1440 2624 1472 2641; x_wconf 84' lang='lat' dir='ltr'>ae</span> <span class='ocrx_word' id='word_1_462' title='bbox 1487 2623 1554 2641; x_wconf 82' lang='lat' dir='ltr'>con-</span> 
     </span>
     <span class='ocr_line' id='line_1_74' title="bbox 852 2648 1556 2688; baseline -0.007 -6"><span class='ocrx_word' id='word_1_463' title='bbox 852 2654 965 2682; x_wconf 84' lang='lat' dir='ltr'>ditione</span> <span class='ocrx_word' id='word_1_464' title='bbox 996 2653 1107 2682; x_wconf 62' lang='lat' dir='ltr'>:Eneas</span> <span class='ocrx_word' id='word_1_465' title='bbox 1135 2651 1301 2681; x_wconf 78' lang='lat' dir='ltr'>advenerit.</span> <span class='ocrx_word' id='word_1_466' title='bbox 1326 2648 1468 2680; x_wconf 50' lang='lat' dir='ltr'>emi-citus</span> <span class='ocrx_word' id='word_1_467' title='bbox 1501 2661 1556 2688; x_wconf 82' lang='lat' dir='ltr'>pro</span> 
     </span>
     <span class='ocr_line' id='line_1_75' title="bbox 853 2690 1555 2731; baseline -0.004 -11"><span class='ocrx_word' id='word_1_468' title='bbox 853 2692 978 2731; x_wconf 85' lang='lat' dir='ltr'>populo,</span> <span class='ocrx_word' id='word_1_469' title='bbox 993 2691 1092 2725; x_wconf 77' lang='lat' dir='ltr'>turba,</span> <span class='ocrx_word' id='word_1_470' title='bbox 1107 2691 1264 2720; x_wconf 81' lang='lat' dir='ltr'>navalibus</span> <span class='ocrx_word' id='word_1_471' title='bbox 1278 2691 1385 2729; x_wconf 85' lang='lat' dir='ltr'>copiis.</span> <span class='ocrx_word' id='word_1_472' title='bbox 1408 2690 1459 2719; x_wconf 85' lang='lat' dir='ltr'>Sic-</span> <span class='ocrx_word' id='word_1_473' title='bbox 1474 2690 1555 2727; x_wconf 78' lang='lat' dir='ltr'>apud</span> 
     </span>
    </p>
   </div>
  </div>
 </body>
</html>
