1796 3077
162 255 257 300 392

598 247 644 286 P.
676 246 908 286 VIRGILH
939 249 1190 292 MARONIS

164 370 400 427 Sideraque
418 385 597 414 emensae
619 372 790 414 ferimur
807 388 816 422 3
848 371 949 414 dum
970 387 1049 427 per
1068 388 1182 416 mare
1203 389 1399 433 magnum

164 427 328 470 Italiam
348 430 559 482 sequimur
577 429 820 483 fugientem,
842 437 885 470 et
902 429 1106 472 volvimur
1125 433 1262 475 undis.

163 484 250 526 Hic
268 486 416 539 Erycis
437 484 541 525 fines
563 486 749 536 fraterni,
771 494 899 540 atque
920 486 1075 541 hospes
1097 487 1290 531 Acestes.
1527 491 1616 534 6οΘ

162 542 279 588 Quid
300 541 497 596 prohibet
517 557 657 584 muros
672 544 831 597 jacere,
853 551 896 584 et
915 543 1017 585 dare
1038 545 1197 586 civibus
1215 548 1393 590 urbem?

163 598 204 639 O
222 599 372 652 patria,
393 606 436 639 et
456 600 566 653 rapti
586 601 872 655 nequidquam
889 615 943 641 ex
963 601 1088 643 hoste
1109 602 1318 656 Penates3

162 655 345 696 Nullane
360 656 449 709 jam
470 655 616 711 Trojae
639 658 831 699 dicentur
851 659 1037 699 moenia?
1068 674 1274 714 nusquam

160 711 398 753 Hectoreos
415 727 571 761 amnes,
594 714 815 756 Xanthum
838 721 880 755 et
901 715 1131 766 Simoenta,
1154 717 1341 761 videbo?

159 768 276 814 Quin
297 769 424 823 agite,
447 776 489 810 et
508 785 671 812 mecum
690 771 891 812 infaustas
911 773 1075 814 exurite
1097 788 1282 828 puppes.

1527 773 1614 815 635

162 825 275 866 Nam
296 825 398 866 mihi
419 825 668 869 Cassandrae
690 843 765 882 per
786 844 975 870 somnum
996 831 1100 870 vatis
1121 831 1258 886 imago

159 882 374 924 Ardentes
397 883 497 925 dare
519 886 606 926 visa
627 885 761 926 faces:
796 885 880 927 Hic
901 887 1076 940 quaerite
1099 887 1298 943 Trojam;

159 938 243 980 Hic
264 940 413 982 domus
434 948 509 990 est,
526 942 674 996 inquit,
696 943 828 984 vobis.

159 995 255 1038 Nec
275 998 400 1038 tantis
420 1012 537 1038 mora
556 999 774 1053 prodigiis.

157 1053 378 1108 Neptuno.

889 943 986 983 ‹Jam
1007 951 1172 997 tempus
1195 947 1262 1000 agi
1283 961 1374 996 res;

836 999 906 1040 En
928 1008 1109 1053 quatuor
1131 1016 1214 1042 arae

441 1055 562 1096 Deus
582 1057 671 1110 ipse
693 1056 804 1097 faces
825 1057 1091 1111 animumque
1109 1059 1327 1100 ministrat.

1526 1058 1611 1098 640

158 1109 266 1151 Haec
286 1126 534 1161 memorans,
555 1115 689 1167 prima
709 1113 915 1154 infensum
936 1115 974 1154 vi
996 1115 1168 1168 corripit
1184 1116 1336 1170 ignem,

158 1167 419 1222 Sublataque
441 1169 590 1223 procul
609 1170 760 1210 dextra
781 1171 960 1211 connixa
981 1179 1189 1221 coruscat,

158 1223 219 1264 Et
233 1225 351 1278 jacit.

156 1280 350 1322 Iliadum.

411 1225 604 1266 Arrectae
624 1234 797 1276 mentes,
819 1227 1138 1281 stupefactaque
1160 1230 1290 1270 corda

413 1281 497 1322 Hic
518 1297 603 1323 una
622 1298 645 1324 e
665 1283 818 1333 multis,
841 1299 936 1338 quae
951 1285 1132 1325 maxima
1152 1294 1253 1327 natu

160 1337 317 1391 Prygo,
340 1345 401 1379 tot
424 1338 579 1379 Priami
595 1347 787 1380 natorum
808 1341 923 1394 regia
942 1341 1106 1381 nutrix:

158 1394 260 1435 Non
282 1395 419 1436 Beroe
440 1396 571 1444 vobis,
593 1411 677 1437 non
698 1395 789 1437 haec
812 1395 1029 1446 Rhoeteia,
1051 1404 1221 1448 matres,

158 1450 242 1491 Est
263 1450 437 1506 Dorycli
458 1452 637 1506 conjux3
670 1452 797 1493 divini
818 1454 936 1508 signa
957 1454 1135 1504 decoris,

154 1507 455 1563 Ardentesque
475 1516 617 1550 notate
637 1509 803 1560 oculos;
835 1511 907 1564 qui
927 1512 1095 1565 spiritus
1116 1511 1186 1561 illi,

156 1564 244 1611 Qui
264 1565 415 1615 vultus,
437 1567 602 1608 vocisve
624 1582 763 1616 sonus,
785 1567 850 1608 vel
871 1583 1040 1621 gressus
1062 1571 1192 1611 eunti.

155 1621 255 1676 Ipsa
274 1630 442 1678 egomet
459 1623 621 1664 dudum
643 1623 812 1665 Beroen
833 1625 1023 1679 digressa
1042 1625 1192 1680 reliqui
1522 1626 1612 1666 600*

156 1678 351 1734 AEgram,
372 1680 674 1735 indignantem,
697 1680 768 1721 tali
789 1682 903 1735 quod
925 1681 1013 1723 sola
1035 1690 1198 1724 careret

157 1735 353 1786 Munere,
374 1751 451 1779 nec
472 1738 641 1779 meritos
662 1737 864 1780 Anchisae
884 1738 1057 1781 inferret
1078 1739 1278 1783 honores.

153 1792 263 1834 Haec
283 1793 424 1834 effata.

153 1848 215 1890 At
233 1857 387 1891 matres
408 1851 542 1905 primo
562 1851 778 1906 ancipites,
799 1850 1014 1905 oculisque
1034 1852 1237 1908 malignis,

153 1905 392 1960 Ambiguae,
415 1914 605 1961 spectare
626 1916 749 1957 rates,
770 1909 966 1949 miserum
986 1909 1094 1950 inter
1114 1925 1297 1952 amorem

154 1962 381 2004 Praesentis
397 1971 534 2012 terrae,
558 1964 736 2019 fatisque
758 1966 950 2006 vocantia
965 1980 1095 2020 regna
1112 1981 1121 2006 :

152 2019 296 2066 Quum
317 2020 398 2061 dea
419 2035 462 2062 se
483 2021 654 2076 paribus
675 2036 752 2077 per
773 2021 926 2064 coelum
942 2021 1109 2063 sustulit
1129 2021 1216 2072 alis,

151 2149 258 2180 terras,
284 2155 366 2180 saxa,
391 2146 420 2176 Ιι.
448 2155 475 2177 e.
500 2145 590 2176 litora
616 2158 738 2178 saxosa.
776 2149 853 2178 Tum

150 2194 278 2213 emensae
305 2185 445 2222 ferimur,
474 2186 591 2224 plenius
618 2198 726 2226 quam,
757 2198 855 2217 emen-

154 2232 196 2251 sae
227 2233 340 2252 sumus.
380 2225 456 2253 Mox
483 2235 560 2253 mare
581 2237 724 2264 mayuum,
757 2227 855 2265 simpl.

154 2264 272 2290 vastum
295 2262 483 2292 immensum.
507 2263 645 2293 volvimur
668 2265 764 2299 undis,
791 2265 857 2304 agi-

154 2309 232 2333 mur,
251 2300 409 2337 jactamur,
437 2302 569 2340 graviter
591 2314 646 2347 pro
670 2304 859 2342 navigamus.

153 2338 202 2366 Ad
216 2348 245 2366 v.
258 2340 316 2368 629
331 2344 360 2368 et
374 2341 442 2370 627.
456 2341 514 2370 628
528 2342 566 2370 of.
592 2343 643 2371 inf.
659 2343 716 2378 VI,
731 2344 858 2372 59—61.

153 2375 203 2405 Ad
217 2377 275 2404 630
290 2377 350 2406 vid.
365 2388 432 2417 sup.
446 2389 475 2407 v.
491 2380 539 2408 24.
554 2380 654 2418 jacere
672 2392 780 2416 muros,
802 2391 855 2410 ex-

153 2414 263 2452 quisite
277 2426 331 2454 pro
344 2427 466 2454 ponere,
481 2419 605 2455 ducere3
628 2424 661 2448 ut
675 2420 766 2459 vulgo
781 2421 855 2458 sun-

153 2453 283 2482 damenta
308 2455 372 2492 jaci
398 2456 671 2487 dicuntur.—634
697 2459 856 2488 Hectoreos

153 2501 261 2525 amnes,
275 2497 307 2520 ut
321 2498 351 2522 et
365 2494 448 2523 alias.
477 2496 536 2525 039
549 2497 798 2536 tantisprodiyiis‚
812 2498 858 2527 rei

153 2540 208 2568 per
223 2540 357 2559 somnum
376 2536 435 2561 tam
458 2534 612 2564 manifeste
633 2540 856 2566 monstratae.—

153 2578 215 2596 arae
230 2568 377 2607 Neptuno.
416 2573 494 2601 Ante
513 2573 602 2602 ludos
616 2574 757 2604 funebres
776 2585 857 2604 com·

154 2607 261 2636 missos
274 2617 359 2636 saera
372 2609 479 2638 debent
490 2621 557 2640 esse
566 2612 643 2641 facta
659 2614 814 2652 Neptuno,
825 2618 857 2643 ut

153 2646 182 2674 in
197 2646 354 2675 certamine
369 2648 464 2676 navali
485 2650 616 2684 adesset,
631 2653 707 2681 unde
731 2663 790 2681 arm
804 2653 856 2681 ad-

154 2685 212 2713 huc
227 2684 345 2713 titiones
360 2686 499 2715 ardentes
510 2691 719 2726 suppetebant.
759 2692 857 2727 Quor·

154 2733 219 2753 sum
242 2728 340 2753 aulem
366 2735 424 2754 arae
444 2728 589 2763 quatuor?
618 2729 764 2759 Servius:
787 2741 857 2769 qua-

893 2153 970 2184 tuor,
985 2148 1053 2187 quia
1067 2148 1174 2187 siuyuli
1186 2148 1270 2178 duces
1284 2150 1396 2178 navium
1413 2150 1497 2189 (vide
1513 2159 1607 2188 supra

897 2189 971 2225 115)
978 2210 985 2223 ,
999 2188 1050 2226 qui
1062 2193 1253 2221 certaverunt,
1267 2188 1397 2227 sinyidas
1405 2192 1603 2227 posuerant-—

895 2226 945 2255 alii
970 2231 1065 2255 tamen
1090 2227 1186 2255 dicunt
1206 2238 1224 2256 α
1249 2227 1390 2256 Cloantho
1412 2238 1471 2257 esse
1489 2228 1603 2266 positas

895 2265 946 2303 qui
969 2265 1144 2302 promiserat
1169 2276 1198 2294 Se
1223 2266 1357 2294 daturum
1385 2268 1470 2305 (sup.
1499 2276 1528 2295 v.
1541 2266 1600 2294 '233

897 2314 943 2342 sq(
956 2304 992 2341 ..)
1008 2305 1094 2333 Adde
1110 2305 1257 2342 Pompon.
1272 2305 1342 2334 sab.

936 2315 1067 2371 connata
1081 2348 1224 2377 coruscat,
1247 2348 1350 2373 ornate
1363 2353 1417 2382 pro
1429 2342 1601 2372 connititur.

896 2382 991 2410 -647
1008 2391 1053 2419 sq.
1068 2383 1146 2410 conf.
1161 2392 1228 2420 sup.
1242 2383 1269 2416 Ι,
1282 2383 1349 2411 402.
1371 2382 1495 2410 Servius
1515 2381 1551 2422 ad
1568 2381 1598 2408 h.

894 2419 916 2448 l.
930 2420 1020 2448 habet
1036 2421 1115 2449 haec:
1139 2421 1209 2450 Non
1224 2426 1266 2450 est
1277 2421 1429 2455 dissuasio,
1442 2419 1598 2457 utquulam

890 2463 1007 2497 putant,
1027 2459 1076 2487 sed
1090 2460 1182 2498 magis
1196 2460 1329 2488 hortatur
1335 2457 1532 2498 persuadendo
1546 2468 1598 2485 nu-

894 2497 979 2525 minis
989 2498 1169 2527 auctoritate.
1185 2499 1243 2527 Sed
1253 2499 1323 2528 item
1333 2497 1463 2535 spiritum
1474 2496 1597 2540 malede

894 2536 986 2564 odore
1001 2536 1215 2574 accipit—651
1232 2537 1285 2566 tali
1302 2545 1427 2569 munere,
1449 2535 1602 2563 sacrificio.

895 2578 924 2603 et
937 2575 1109 2604 inferiarum
1121 2576 1308 2605 caeremoniis
1322 2578 1381 2603 tam
1395 2573 1602 2616 sollemnibus,

896 2617 929 2642 ut
949 2613 1014 2651 ipse
1035 2615 1125 2652 poeta
1150 2615 1377 2653 interpretatur:
1410 2623 1459 2641 nec
1482 2617 1598 2640 metatos

896 2652 1035 2681 Aneliisae
1061 2653 1183 2690 itrferret
1207 2655 1292 2691 (voc.
1311 2651 1451 2690 proprio)
1467 2651 1603 2685 honores„

895 2691 1027 2721 inferias.

935 2731 1090 2760 65-1—658
1119 2730 1207 2760 oculis
1234 2729 1380 2767 maliynim
1406 2728 1436 2757 h.
1459 2728 1478 2756 l.
1501 2728 1602 2766 simpl.
