1796 3077
623 253 892 295 AENEIDOS.
946 254 1047 295 L113.
1079 254 1129 295 V.

158 373 378 429 Quidquid
395 373 488 424 erit,
509 377 751 430 superanda
770 377 901 420 omnis
923 377 1089 420 fortuna
1108 377 1282 421 ferendo
1301 385 1378 422 est.

1513 262 1611 309 395

1515 377 1600 420 710

158 432 239 473 Est
255 432 330 473 tibi
352 431 595 474 Dardanius
617 435 767 476 divinae
789 436 926 490 stirpis
948 434 1152 477 Acestes:

156 488 286 531 Hunc
306 503 410 544 cape
430 490 608 532 consiliis
629 492 786 533 socium
806 499 849 533 et
869 495 1076 547 conjunge
1095 492 1328 544 volentem;

155 545 271 587 Huic
291 548 425 594 trade,
447 547 606 588 amissis
628 556 829 603 superant
849 550 921 603 qui
939 551 1128 600 navibus,
1151 557 1192 591 et
1212 565 1317 604 quos

155 601 391 645 Pertaesum
411 605 550 659 magni
568 606 724 660 incepti
744 621 967 660 rerumque
988 614 1153 648 tuarum
1172 616 1259 656 est3

155 658 478 715 Longaevosque
495 676 626 711 senes,
647 677 695 703 ac
715 663 844 704 fessas
864 677 1032 717 aequore
1052 671 1221 713 matres,

1516 660 1599 703 715

156 715 216 757 Et
237 718 443 772 quidquid
460 726 599 760 tecum
618 719 846 760 invalidum
866 728 1139 775 metuensque
1159 719 1306 776 pericli
1326 727 1401 772 est,

152 772 332 830 Delige3
363 783 418 824 et,
439 774 504 815 his
524 775 709 816 habeant
728 777 864 824 terris,
885 779 985 826 sine,
1006 779 1161 818 moenia
1180 779 1303 827 fessi3

152 829 317 872 Urbem
333 830 607 885 appellabunt
625 834 828 886 permisso
843 834 1008 874 nomine
1029 833 1242 876 Acestam.

211 887 388 929 Talibus
409 889 604 929 incensus
624 889 746 930 dictis
764 890 937 931 senioris
959 891 1092 931 amici.

153 943 268 986 Tum
288 959 386 986 vero
406 944 449 985 in
469 959 592 986 curas
612 945 794 987 animum
815 946 1029 988 diducitur
1048 961 1218 998 omnes;

1515 945 1598 987 720

153 1001 214 1043 Et
235 1001 339 1042 Nox
360 1007 451 1042 atra
469 1001 613 1057 polum
633 1003 740 1057 bigis
760 1003 963 1045 subvecta
983 1005 1168 1045 tenebat.

151 1058 260 1100 Visa
278 1057 432 1100 dehinc
452 1058 560 1100 coelo
581 1059 709 1101 facies
731 1059 903 1114 delapsa
922 1062 1109 1115 parentis

151 1114 356 1157 Anchisae
377 1115 517 1156 subito
538 1115 642 1158 tales
664 1116 883 1158 effundere
902 1132 1050 1159 voces:

151 1171 281 1221 Nate,
309 1171 412 1212 mihi
430 1172 514 1213 vita
535 1173 760 1226 quondam,
782 1174 884 1214 dum
903 1175 987 1215 vita
1006 1173 1216 1222 manebat,

152 1229 262 1270 Care
283 1228 415 1282 magis
433 1245 442 1278 3
474 1236 585 1279 nate,
603 1229 739 1270 Iliacis
762 1231 946 1271 exercite
966 1231 1062 1271 fatis
1080 1247 1089 1279 ;

1518 1228 1601 1270 725

149 1284 333 1340 Imperio
351 1284 468 1326 Jovis
488 1285 573 1328 huc
594 1287 729 1336 veni0,
751 1288 823 1342 qui
841 1287 1044 1328 classibus
1064 1287 1203 1341 ignem

150 1341 345 1397 Depulit,
367 1349 410 1383 et
429 1342 538 1384 coelo
558 1344 728 1385 tandem
749 1345 968 1385 miseratus
989 1345 1043 1385 ab
1064 1344 1149 1384 alto
1170 1349 1248 1384 est.

150 1398 347 1440 Consiliis
368 1413 486 1453 pare,
507 1415 602 1453 quae
622 1415 732 1441 nunc
753 1400 1034 1454 pulcherrima
1054 1400 1221 1441 Nautes

150 1456 242 1497 Dat
263 1455 423 1496 senior:
456 1455 588 1497 lectos
603 1457 795 1511 juvenes,
818 1457 1042 1498 fortissima
1062 1456 1205 1505 corda,

150 1512 288 1554 Defer
306 1512 349 1552 in
370 1511 546 1553 Italiam.

151 1568 424 1611 Debellanda
443 1568 519 1610 tibi
540 1569 664 1610 Latio
685 1577 760 1611 est.

608 1513 727 1554 Gens
748 1514 855 1555 dura
875 1522 1002 1569 atque
1019 1527 1168 1569 aspera
1188 1511 1305 1554 cultu

812 1571 925 1611 Ditis
947 1578 1086 1611 tamen
1106 1576 1204 1610 ante

1512 1512 1598 1554 730

150 1625 345 1668 Infernas
365 1626 521 1667 accede
542 1626 704 1676 domos,
726 1633 769 1668 et
789 1625 960 1667 Averna
980 1642 1056 1681 per
1076 1626 1160 1667 alta

153 1683 419 1738 Congressus
440 1689 553 1736 pete,
575 1689 687 1732 nate,
710 1697 840 1724 meos.
880 1683 983 1725 Non
1001 1698 1067 1724 me
1086 1682 1214 1737 impia
1232 1696 1412 1736 namque

151 1740 337 1782 Tartara
355 1738 528 1790 habent,
550 1740 689 1782 tristes
710 1741 894 1791 umbrae3
925 1741 1002 1783 sed
1024 1754 1189 1782 amoena
1209 1740 1374 1794 piorum

150 1918 252 1948 Panas
273 1919 348 1948 bene
373 1927 519 1956 responsa
537 1916 559 1946 i.
582 1927 608 1946 e.
634 1916 761 1947 consilia
775 1917 856 1956 (vid.

148 1958 226 1995 728)
235 1958 306 1987 dare
315 1957 436 1991 dicitur,
448 1967 516 1986 cum
526 1956 566 1985 sit
576 1956 730 1995 sapientiae
744 1956 812 1991 dea,
825 1962 855 1987 et

148 1996 275 2025 oraculo
289 1996 427 2035 delphico
437 1996 554 2033 praesit,
566 1996 628 2024 vid.
644 1996 804 2034 Spanhem.
815 1997 854 2026 ad

148 2034 269 2064 Gallim.
282 2036 347 2073 Hy.
357 2035 386 2064 in
398 2034 518 2064 Pallad.
531 2035 598 2063 121.
621 2034 682 2070 Que
693 2039 790 2064 autem
803 2035 856 2065 tali

149 2073 321 2111 repetitioni
335 2074 494 2106 inservire,
517 2077 644 2102 constat.
660 2075 698 2102 cf.
713 2073 855 2112 Hotting.

150 2112 189 2140 ad
205 2112 271 2178 Clizc.
293 2113 330 2141 de
346 2112 418 2142 Div.
434 2113 462 2141 Ι.
478 2113 526 2142 30.
556 2112 676 2142 Duker.
691 2113 727 2142 ad
743 2112 810 2142 Liv.
825 2115 855 2148 2,

190 2190 250 2217 710
264 2151 444 2226 >superanda
471 2189 565 2219 omnis
589 2191 713 2227 fortuna
733 2189 856 2227 serendo

149 2227 268 2266 plenius
295 2237 383 2264 quam
404 2228 529 2265 ferenda
551 2233 612 2264 θείς
635 2238 702 2257 cum
733 2227 852 2257 notione

151 2270 249 2295 tamen
262 2265 402 2303 adjuncta
416 2266 537 2296 virtutis
553 2271 584 2296 et
600 2267 688 2296 animi
702 2277 734 2296 se
749 2266 851 2304 depri-

150 2306 193 2334 mi
208 2304 342 2334 adversis
350 2314 384 2332 ac
398 2306 547 2343 prosterni
558 2306 638 2335 haud
648 2305 854 2344 passi.-—divi-

150 2354 196 2372 nae
216 2342 336 2381 stirpiffi
359 2352 424 2371 nam
451 2347 546 2373 mater
570 2354 638 2373 eum
661 2355 699 2374 ex
722 2344 853 2373 Crimiso

151 2382 272 2412 flumine
287 2385 479 2419 susceperat:
501 2391 532 2410 v.
552 2392 619 2421 sup.
641 2385 689 2413 38.
706 2383 853 2413 39.-713

149 2424 290 2460 superant
306 2419 357 2459 qui
375 2419 489 2448 (anissis
502 2421 621 2450 navibus
642 2427 710 2451 sunt
725 2426 855 2460 quatuor

150 2464 349 2489 crematarum
371 2459 489 2487 navium
509 2460 713 2497 copim—7¹18
733 2461 853 2495 Acesta,

152 2502 223 2528 nota
246 2498 317 2527 urbs
343 2497 456 2536 Egesta
478 2497 525 2526 vel
550 2498 686 2536 AEgesta,
712 2503 743 2528 et
765 2499 855 2537 vulgo

153 2537 283 2576 Segesta
296 2536 388 2570 dicta,
403 2546 490 2574 quam
500 2537 590 2574 poeta
603 2547 680 2566 nunc
696 2539 732 2567 ab
747 2538 855 2572 AEnea,

153 2576 327 2609 comitibus,
349 2584 424 2612 quos
448 2575 477 2603 in
501 2575 605 2603 Sicilia
631 2576 805 2614 reliquerat,
827 2576 857 2604 in

155 2624 220 2644 eam
234 2612 424 2652 conscriptis.
438 2613 589 2642 conditam
603 2619 701 2644 narrat
715 2626 722 2649 ς
742 2625 771 2644 v.
786 2625 857 2644 mox

154 2663 187 2682 v.
203 2654 261 2681 755
275 2662 320 2690 sq.
341 2653 459 2682 nomine
481 2656 590 2687 tamen,
612 2662 670 2681 non
692 2654 729 2682 ab
751 2654 858 2687 AEnea,

155 2691 209 2722 sed
224 2692 260 2720 ab
274 2692 388 2720 Acesta
398 2691 552 2730 imposito.

194 2729 243 2760 Ad
257 2740 286 2761 v.
299 2730 357 2759 720
371 2730 411 2759 cf·
428 2740 496 2770 sup.
509 2731 580 2760 701.
594 2730 663 2760 702.
686 2730 734 2759 De
756 2740 786 2760 v.
799 2730 858 2760 721

893 1928 959 1957 sup.
975 1918 1029 1947 lib.
1043 1915 1092 1952 11,
1105 1918 1134 1947 8.
1146 1919 1175 1947 9.
1197 1917 1302 1947 Poe'tis
1313 1916 1384 1948 Nox
1396 1918 1454 1950 iter
1468 1931 1522 1959 per
1535 1932 1596 1952 ‹2oe-

892 1957 955 1987 lum
968 1957 1080 1987 faciens
1092 1958 1158 1986 iude
1174 1958 1210 1986 ab
1224 1957 1390 1988 Occidente
1403 1960 1501 1989 media
1510 1965 1599 1990 nocte

893 1996 1008 2025 culmen
1022 1996 1091 2025 coeli
1111 2000 1202 2030 tenet,
1220 2000 1251 2025 ut
1265 1997 1314 2025 Sol
1331 1997 1427 2027 medio
1440 1998 1509 2035 die3
1530 2009 1602 2037 pro-

894 2044 931 2063 na
945 2035 1013 2063 inde
1028 2045 1135 2064 versus
1150 2035 1303 2064 Orientem
1316 2035 1436 2073 delata3
1458 2037 1510 2066 ubi
1531 2042 1598 2067 orto

896 2073 959 2102 sole
973 2073 1039 2112 ipsa
1052 2074 1217 2107 evanescit,
1236 2083 1372 2117 praeceps
1392 2074 1421 2103 in
1435 2076 1601 2106 Oceanum.

894 2112 991 2141 -722
1009 2112 1099 2147 Quod
1115 2122 1171 2140 non
1190 2112 1245 2140 nis»
1261 2112 1400 2141 Anchisae
1417 2114 1598 2144 auctoritate

895 2151 1054 2179 inclinatur
1067 2151 1104 2179 ad
1119 2151 1228 2179 Nautae
1239 2150 1405 2179 suasionem
1420 2152 1601 2189 amplecten-

896 2190 964 2218 dam
992 2189 1114 2223 AEueas,
1142 2189 1173 2217 id
1196 2188 1252 2217 toti
1278 2188 1403 2217 consilio
1432 2191 1598 2221 condendae

895 2228 1019 2257 coloniae
1046 2229 1181 2265 Trojanae
1198 2227 1408 2256 auctoritatem
1423 2238 1457 2256 ac
1473 2229 1602 2267 dignita-

894 2271 952 2296 tem
976 2276 1110 2305 magnam
1134 2265 1282 2294 conciliat.
1302 2266 1398 2303 facies·
1421 2269 1544 2303 εἴδωλον,
1561 2268 1601 2297 si-

893 2306 1071 2334 mulacrum.
1081 2305 1149 2333 coelo
1161 2304 1287 2343 delapsa,
1300 2304 1414 2333 dictum
1427 2305 1464 2334 ad
1476 2315 1598 2336 sensum

894 2349 1040 2377 nostrum,
1068 2343 1105 2372 de
1132 2343 1183 2377 iis,
1208 2353 1276 2381 quae
1304 2343 1404 2373 subito
1432 2350 1595 2382 apparent;

894 2393 960 2412 nam
979 2382 1044 2420 ipse
1068 2381 1216 2411 Anchises
1238 2381 1266 2410 in
1287 2381 1402 2420 Elysiis
1416 2384 1544 2421 agebat3
1564 2389 1599 2414 ut

894 2421 960 2460 ipse
982 2420 1142 2459 profitetur
1164 2430 1196 2448 v.
1219 2420 1287 2450 733.
1307 2421 1477 2450 734.—726
1490 2426 1553 2453 Διὸς
1569 2428 1599 2452 δέ

894 2474 935 2488 ’τοι
957 2464 1075 2494 ἄγγελός
1091 2462 1156 2494 εἶμι.
1182 2458 1270 2488 Iliad·
1290 2463 1321 2495 β,
1341 2459 1397 2488 27:
1420 2473 1450 2495 a),
1475 2462 1542 2491 173.
1557 2462 1596 2490 cf.

896 2509 962 2536 sup.
985 2498 1042 2532 IV,
1064 2498 1230 2527 268.-—730
1252 2497 1332 2526 Gens
1351 2498 1435 2532 dura,
1463 2499 1526 2528 vid.
1547 2500 1599 2529 inf.

895 2538 959 2571 IX,
974 2537 1138 2565 603-613.
1149 2546 1253 2574 aspera
1267 2536 1354 2571 cultu,
1368 2547 1436 2574 quae
1457 2538 1551 2571 cultu,
1568 2539 1598 2567 h.

896 2585 922 2604 e.
939 2575 1000 2603 vita
1015 2584 1130 2613 aspera,
1143 2575 1219 2610 sera,
1235 2574 1339 2604 utitur.
1371 2575 1421 2604 Sic
1436 2576 1473 2604 ad
1489 2577 1598 2607 Horat.

890 2614 954 2652 feri
967 2613 1058 2641 cultus
1073 2612 1213 2642 hominum
1231 2618 1374 2642 recentum
1388 2614 1461 2643 dicti
1478 2619 1596 2643 sunt.-

898 2653 1054 2681 731—737
1076 2651 1179 2689 Hujus
1198 2652 1235 2680 ad
1253 2652 1362 2681 inferos
1386 2652 1484 2682 aditus
1503 2653 1600 2690 prima

900 2691 1011 2720 semina
1027 2691 1090 2728 jam
1112 2690 1165 2720 lib.
1189 2691 1255 2725 III,
1274 2692 1332 2720 441
1355 2701 1420 2730 sqq.
1440 2691 1470 2720 in
1484 2691 1599 2721 Heleni

899 2729 1038 2760 vaticinio
1047 2729 1174 2768 jecerat.
1207 2729 1338 2765 Averna,
1353 2739 1397 2760 so.
1411 2733 1523 2768 stagna,
1534 2729 1597 2768 jam
