1796 3077
559 284 827 325 AENEIDOS.

128 405 347 460 Ingentem
364 406 486 447 remis
509 406 766 448 Centaurum
790 417 1029 462 promovet3
1061 408 1129 450 illc

888 287 986 325 Lm.
1021 288 1068 325 X.

1487 299 1515 342 Qu
1507 291 1512 294 .

1521 300 1548 343 Cn

1553 299 1581 343 Ὀ

1504 413 1584 453 195

128 462 263 504 Instat
283 478 419 517 aquae,
441 479 673 517 saxumque
695 465 818 505 undis
839 465 1017 507 immane
1034 466 1217 506 minatur

129 518 321 568 Arduus,
343 528 385 560 et
405 520 530 574 longa
551 520 684 561 sulcat
704 522 835 561 maria
855 521 939 562 alta
958 523 1113 563 carina.

187 575 261 616 Ille
282 577 406 617 etiam
427 577 573 630 patriis
595 592 746 630 agmen
768 578 849 618 ciet
872 578 1019 619 Ocnus
1040 580 1094 619 ab
1116 580 1213 625 oris,

128 631 331 673 Fatidicae
352 632 528 673 Mantus
547 641 590 674 et
611 633 743 674 Tusci
762 633 874 674 filius
895 636 1038 683 amnis,

128 688 217 734 Qui
236 704 378 729 muros
398 690 626 743 matrisque
647 690 765 730 dedit
778 691 866 739 tibi,
890 691 1085 740 Mantua,
1107 706 1272 740 nomen,

1502 693 1585 734 200

128 744 322 794 Mantua,
344 746 461 786 dives
482 746 569 786 avis
588 761 596 786 ε
630 747 706 786 sed
725 761 808 787 non
828 762 963 801 genus
985 749 1178 789 omnibus
1199 763 1342 788 unum.

131 801 251 842 Gens
272 801 330 842 illi
351 801 516 855 triplex,
540 802 687 855 populi
701 803 779 842 sub
792 811 918 856 gente
940 805 1156 857 quaterni3

128 857 227 911 Ipsa
247 865 375 911 caput
395 857 562 911 populis
583 874 591 906 3
623 858 768 898 Tusco
785 860 838 899 de
860 861 1062 913 sanguine
1084 861 1192 900 vires
1211 876 1219 900 :

126 913 240 955 Hinc
260 928 429 968 quoque
450 914 704 967 quingentos
726 915 767 954 in
789 929 833 955 se
857 915 1098 956 Mezentius
1116 924 1263 965 armat,

125 970 246 1016 Quos
264 976 385 1024 patre
407 969 582 1010 Benaco
603 969 764 1011 velatus
782 971 988 1011 arundine
1009 971 1160 1026 glauca

1502 975 1586 1015 5205

124 1026 310 1067 Mincius
332 1026 484 1067 infesta
506 1027 691 1067 ducebat
712 1028 754 1067 in
774 1042 946 1081 aequora
959 1029 1076 1081 pinu.

125 1082 165 1123 It
181 1083 320 1137 gravis
340 1082 554 1131 Aulestes,
577 1090 839 1137 centenaque
861 1085 1012 1125 arbore
1034 1085 1188 1126 fluctus

123 1138 334 1180 Verberat
354 1153 599 1193 assurgens:
633 1147 829 1193 spumant
846 1141 954 1180 vada
974 1156 1179 1181 marmore
1203 1156 1335 1182 verso.

125 1194 255 1236 Hunc
274 1195 390 1236 vehit
410 1195 598 1235 immanis
619 1195 774 1235 Triton
795 1203 837 1236 et
858 1196 1012 1237 caerula
1027 1197 1191 1238 concha

125 1251 361 1292 Exterrens
383 1250 509 1292 freta:
543 1251 610 1291 cui
625 1251 804 1292 laterum
821 1259 943 1292 tenus
965 1253 1133 1306 hispida
1154 1254 1270 1293 nanti

1501 1255 1585 1294 5210

124 1307 260 1349 Frons
280 1307 492 1348 hominem
512 1307 700 1362 praefert,
722 1308 764 1348 in
784 1309 934 1362 pristin
956 1309 1110 1350 desinit
1126 1309 1243 1350 alvus
1263 1326 1272 1358 ;

121 1439 223 1477 potius
238 1439 347 1478 aequali
362 1447 503 1467 numero:
526 1439 600 1468 alios
622 1442 773 1468 trecentos
793 1449 832 1467 ex

120 1487 150 1506 V.
167 1479 428 1507 182.-195—197
444 1478 522 1506 Cum
535 1477 604 1506 navi
615 1481 737 1506 vectum
749 1478 833 1506 dice-

123 1525 156 1544 re
174 1516 275 1552 vellet,
298 1526 365 1554 quae
391 1517 575 1546 Centaurum
598 1526 654 1553 pro
678 1526 834 1553 parasemo

121 1554 263 1588 habebat,
276 1554 412 1583 suaviter
422 1554 539 1592 insigne
552 1554 638 1583 navis
648 1555 685 1582 ad
698 1559 834 1583 ornatum

123 1593 266 1622 orationis
293 1593 457 1622 convertit:
489 1593 660 1622 Centaurus
691 1592 733 1621 ita
769 1598 834 1621 erat

122 1631 834 1669 sculptus,utsaxumevulsumterraprojiceret.

164 1671 221 1698 198
246 1681 312 1709 sqq.
332 1670 467 1699 Tandem
495 1669 653 1698 Mantuani
688 1670 836 1698 accedunt

123 1707 276 1743 Etruscis,
285 1708 397 1747 quippe
407 1708 579 1737 auctoribus
588 1707 745 1736 civitatum
754 1708 837 1737 XII.

123 1747 392 1785 transpadanarum
420 1747 549 1785 ideoque
577 1747 667 1775 etiam
691 1747 837 1776 Mantuae.

125 1784 230 1814 Ocnus
257 1786 332 1819 dux,
359 1785 483 1813 Mantus
522 1785 662 1822 nylnphae
690 1786 772 1823 <nam
800 1785 838 1814 de

122 1823 240 1857 Manto,
255 1824 383 1852 Tiresiae
393 1823 464 1858 filia,
475 1823 625 1861 cogitasse
635 1833 691 1851 non
700 1823 838 1859 videtur)

124 1862 280 1890 etTiberis
289 1862 371 1891 fluvii
386 1861 626 1895 filius‚diversns
641 1862 677 1890 ab
693 1871 727 1890 eo
737 1862 835 1895 Ocno,

123 1910 213 1937 quem
232 1901 333 1939 poe'tae
348 1900 377 1928 in
392 1900 495 1929 inseris
515 1899 710 1934 collocarunt,
733 1900 835 1928 condi-

120 1938 166 1967 dit
175 1942 204 1967 et
215 1948 232 1967 a
246 1942 340 1967 matre
355 1938 519 1977 appellavit
532 1938 730 1967 Mantuam.—
738 1939 835 1967 201-

123 1977 193 2006 202.
205 1978 264 2005 203
278 1977 403 2005 Mantua
417 1977 475 2005 suit
489 1977 566 2005 (lives
579 1976 653 2010 avis,
669 1986 724 2015 per
739 1986 812 2005 avos
827 1987 835 2012 ·,

122 2025 179 2053 pro
193 2015 323 2054 vulgari,
337 2015 451 2044 habens
466 2025 539 2043 avos
561 2014 659 2044 claros
680 2025 714 2044 ac
729 2018 837 2053 poten-

124 2057 190 2089 tes·‚
210 2054 341 2092 ideoque
367 2054 439 2082 urbs
461 2058 568 2092 potens
590 2053 673 2087 olim,
689 2054 837 2090 majorum

125 2095 230 2120 aetnte:
244 2092 324 2130 quod
331 2092 510 2121 monendum
520 2096 586 2120 erat
596 2091 755 2130 imprimis,
769 2102 836 2121 cum

122 2131 223 2168 poe‘tae
246 2134 381 2169 tempore
406 2130 458 2159 illa
483 2134 640 2167 tantopere
664 2140 681 2159 a
708 2129 837 2168 pristino

127 2168 288 2207 splendore
316 2168 508 2197 descivisset.
549 2168 717 2197 Constabat
739 2172 835 2197 tamen

123 2216 258 2244 agmene
281 2206 413 2235 diversis
436 2206 577 2244 populls:
599 2207 650 2235 sed
674 2217 836 2245 nonyenus

123 2244 256 2273 omnibus
275 2254 380 2273 unum:
402 2245 530 2274 omnibus
551 2254 607 2273 non
624 2245 662 2274 ad
683 2255 752 2274 avos
772 2249 836 2274 erat

122 2282 323 2317 referendum,
345 2283 426 2320 quod
445 2283 496 2311 vul
521 2292 538 2311 ο
570 2283 693 2318 faciunt,
705 2283 768 2312 'sed
797 2285 835 2312 ad

125 2331 239 2359 agmen,
249 2321 329 2359 quod
337 2321 441 2349 Ocnus
454 2321 491 2349 ad
517 2321 580 2350 ucit
590 2322 699 2359 patriis
714 2323 750 2351 ab
763 2321 835 2351 oris.

124 2359 316 2397 (Simplicior
334 2359 464 2387 omnibus
485 2359 634 2388 referendi
657 2360 735 2389 ratio
766 2370 834 2389 esse

127 2398 250 2427 videtur
274 2396 427 2435 vulgaris:
448 2397 562 2432 durior,
588 2408 648 2436 qua
675 2399 713 2427 ad
735 2409 835 2435 aymen

125 2446 187 2465 vox
201 2436 253 2465 illa
268 2439 394 2474 spectat.
434 2435 561 2464 Servius
576 2446 706 2474 quoque,
721 2437 772 2474 qui
789 2440 834 2465 to-

124 2477 190 2502 tum
203 2474 303 2503 locum
313 2473 386 2502 satis
397 2474 473 2502 bene
479 2474 663 2511 explanavit,
676 2485 733 2503 non
744 2485 832 2503 unum

125 2512 243 2545 Ocnum
258 2512 392 2541 Mantuae
408 2512 592 2540 conditorem
617 2514 760 2547 nominat,
782 2514 834 2542 sed

125 2550 228 2588 plures
247 2551 419 2580 conditores
431 2554 462 2578 et
480 2560 532 2579 eos
546 2560 625 2582 avos.
641 2555 729 2589 atque
744 2552 771 2579 in
788 2552 834 2579 his

124 2589 294 2623 Thebanos,
322 2589 401 2617 unde
429 2589 519 2625 po'e'ta
541 2589 698 2625 quominus
730 2590 836 2618 M'anto

125 2627 206 2655 illam
238 2627 391 2660 sumserit,
417 2626 490 2654 nihil
521 2626 668 2663 impedire
704 2628 837 2656 videtur.

127 2665 203 2693 Nam
221 2665 279 2693 etsi
303 2665 403 2702 inepta
426 2665 465 2692 sit
490 2665 538 2693 illa
554 2664 721 2693 deducendi
747 2666 834 2699 ratio,

126 2707 223 2732 tamen
236 2707 341 2741 regnat
350 2704 378 2731 in
393 2702 511 2731 urbium
525 2702 690 2740 originibus
707 2703 805 2732 Italiae
820 2714 836 2732 e

127 2740 246 2770 Graecia
259 2742 445 2779 repetendis,
458 2751 513 2770 nec
525 2742 645 2778 poetam
666 2741 702 2769 ab
719 2741 771 2769 illa
786 2742 837 2769 ab—

129 2779 273 2809 stinuisse
290 2779 447 2818 quisquam
465 2783 546 2808 recte
563 2779 761 2808 contenderit.
778 2779 836 2818 R.)

873 1439 1000 1477 Pergit:
1022 1440 1160 1478 Namque
1180 1440 1305 1469 Mantua
1318 1440 1410 1468 trinas
1431 1445 1536 1477 gentes
1559 1444 1587 1469 et

873 1478 1026 1507 duodenos
1049 1479 1179 1516 populos
1200 1479 1350 1507 habebat:
1375 1478 1455 1507 Gens
1476 1479 1589 1508 illim-1·-

869 1516 938 1555 plex
954 1523 1013 1546 etc.
1030 1517 1109 1546 Gens
1123 1521 1276 1555 tamquam
1292 1517 1381 1545 latius
1402 1518 1458 1545 sub
1471 1527 1504 1546 se
1518 1528 1588 1546 con-

874 1556 948 1584 tinet
970 1556 1113 1593 populos:
1135 1556 1216 1594 quod
1240 1559 1341 1583 notum
1363 1559 1422 1588 est,
1445 1556 1587 1593 quodque

874 1593 921 1622 Io.
950 1594 1004 1622 Fr.
1030 1595 1161 1622 Gronov.
1185 1594 1222 1622 ad
1238 1593 1307 1622 Liv.
1333 1593 1372 1627 V,
1398 1594 1445 1623 34.
1474 1595 1590 1624 docuit.

875 1632 987 1670 Populi
1006 1632 1099 1670 igitur
1120 1636 1206 1661 erant
1220 1632 1301 1660 XII.
1325 1632 1353 1660 in
1378 1632 1471 1660 trinas
1487 1637 1589 1671 gentes

875 1670 979 1699 divisi.
1020 1671 1144 1699 Mantua
1157 1681 1230 1699 vero
1242 1671 1348 1699 horum
1363 1669 1444 1698 XII.
1458 1671 1587 1708 populo—

876 1718 954 1743 rum,
968 1709 1019 1747 qui
1035 1709 1156 1738 Etrusci
1171 1713 1264 1743 erant,
1277 1709 1306 1736 h.
1319 1718 1347 1737 e.
1360 1708 1442 1736 XII.
1456 1709 1588 1738 colonia-

877 1756 943 1775 rum
955 1748 984 1776 in
1000 1747 1082 1776 dicta
1094 1747 1231 1785 postlla-c
1240 1747 1338 1775 Gallia
1351 1747 1507 1785 Cisalpina
1518 1748 1592 1776 sita-

878 1795 955 1820 rum,
968 1790 1060 1824 caput
1074 1789 1148 1819 erat,
1170 1786 1248 1814 unde
1272 1785 1351 1813 Plin.
1366 1785 1432 1819 111,
1449 1787 1486 1814 19
1501 1796 1525 1814 s.
1540 1787 1590 1815 23.

878 1823 1005 1852 Mantua
1030 1825 1188 1852 Tuscorum
1206 1828 1288 1853 tra-ns
1303 1823 1420 1852 Padum
1443 1824 1505 1853 sola
1519 1825 1587 1853 reli-

875 1862 1071 1900 qum—vires,
1086 1862 1195 1900 copiae.

914 1902 972 1929 204
993 1901 1074 1929 Hinc
1086 1901 1115 1928 in
1128 1911 1158 1929 se
1172 1904 1268 1928 armat
1277 1900 1430 1937 eleganter
1442 1900 1478 1928 de
1491 1901 1588 1939 copiis

875 1938 1036 1968 adversum
1051 1938 1236 1968 Mezentium
1258 1938 1329 1966 odio
1351 1940 1417 1975 ejus
1439 1938 1588 1967 ductis.—

874 1978 943 2006 205.
962 1979 1021 2007 206
1033 1977 1140 2010 Navis,
1162 1987 1221 2015 qua
1235 1976 1355 2005 vehitur
1376 1977 1490 2011 Ocnus,
1503 1986 1588 2015 para-

879 2025 993 2043 semum
1017 2025 1068 2044 seu
1083 2016 1198 2053 insigne
1214 2015 1307 2043 habet
1322 2014 1350 2043 in
1364 2024 1456 2052 prora
1476 2015 1588 2044 Minci-

878 2063 927 2081 um
945 2053 1080 2082 ssuvium.
1121 2054 1155 2082 Is
1172 2053 1228 2082 Ge.
1252 2053 1318 2087 111,
1334 2054 1382 2081 15.
1398 2057 1497 2081 tenera
1507 2064 1587 2091 prce-

877 2091 947 2119 lexit
959 2092 1099 2120 arundine
1110 2091 1202 2128 νὶριιε,
1222 2091 1273 2119 ubi
1291 2100 1321 2119 v.
1337 2094 1399 2119 not.
1415 2095 1445 2119 et
1461 2091 1499 2119 ad
1523 2092 1591 2120 Ecl.

878 2131 907 2163 1,
932 2131 980 2158 52.
1007 2134 1091 2168 patre
1116 2129 1250 2157 Benaco:
1284 2129 1368 2156 ducit
1392 2129 1469 2157 enim
1490 2133 1590 2158 ortum

877 2168 1009 2196 Mincius
1033 2168 1176 2205 (lisenzo)
1197 2177 1235 2196 ex
1263 2167 1385 2195 Benaco
1409 2166 1476 2195 lacu
1493 2167 1590 2206 <La90

876 2206 906 2234 di
920 2206 1039 2243 Garda)
1049 2210 1099 2234 aut
1114 2205 1215 2243 potius
1230 2215 1269 2234 ex
1284 2204 1415 2242 Alpibus
1427 2209 1512 2233 ortus
1525 2215 1589 2235 me-

875 2244 958 2273 dium
983 2254 1051 2273 eum
1081 2244 1196 2272 transit.
1224 2244 1301 2271 conf.
1318 2243 1356 2272 ad
1381 2243 1437 2271 Ge.
1454 2243 1501 2277 ΙΙ,
1521 2245 1590 2273 159.

876 2282 1128 2320 160.-,-8ε(]ιιίῐιιτ
1149 2292 1178 2310 ν.
1192 2283 1249 2310 207
1266 2281 1413 2315 Aulestes,
1438 2281 1515 2310 Ocni
1529 2282 1589 2311 fra-

875 2325 920 2350 ter
945 2326 977 2349 et
1003 2320 1142 2349 Perusiae
1169 2320 1318 2353 conditor,
1340 2319 1440 2357 yravz's
1464 2324 1589 2358 propter

874 2369 981 2388 navem
1005 2359 1084 2387 mole
1101 2368 1155 2386 sua
1164 2368 1295 2396 gravem,
1315 2357 1346 2385 in
1360 2357 1429 2386 navi
1443 2357 1479 2386 C.
1493 2368 1589 2387 remo-

875 2408 952 2432 rum,
966 2402 1024 2430 νηῦς
1033 2400 1219 2431 ὲκατόνζυηος,
1243 2396 1281 2425 Il.
1295 2410 1319 2429 υ,
1333 2396 1410 2433 2473
1431 2395 1486 2424 hoc
1500 2402 1589 2426 extu-

873 2436 910 2465 lit
929 2436 1097 2474 magnifice:
1119 2436 1254 2463 Aulestes
1278 2444 1433 2471 assumens
1455 2435 1587 2463 verberat

867 2476 977 2511 flnctus
991 2479 1109 2503 centena
1123 2473 1236 2507 arbore,
1252 2474 1384 2501 centenis
1399 2472 1499 2501 remis.
1541 2474 1587 2502 Si-

874 2513 934 2541 lius
946 2513 1011 2547 XJ,
1024 2514 1081 2540 4233
1094 2522 1099 2538 ε
1123 2516 1237 2539 centeno
1252 2521 1366 2539 ververe
1381 2511 1471 2539 dixit.
1487 2522 1587 2539 assur-

872 2562 950 2589 yere,
970 2551 1131 2587 insuryere,
1144 2560 1326 2588 consuryere,
1341 2553 1418 2578 uotae
1432 2549 1587 2587 elegantia}

877 2589 1031 2622 voeabula,
1046 2590 1082 2616 de
1097 2589 1161 2616 nisu
1175 2589 1251 2625 ejuS,
1266 2588 1317 2625 qui
1333 2596 1437 2623 inagna
1454 2588 1482 2615 vi
1495 2589 1586 2615 ictum

876 2627 978 2659 infert,
991 2626 1148 2660 incumbit,
1164 2626 1325 2663 protrudit.
1368 2626 1416 2654 De
1431 2635 1585 2658 marmore,

879 2675 1009 2703 aequore,
1033 2664 1174 2692 monitum
1192 2665 1229 2692 ad
1250 2665 1305 2692 Ge.
1318 2663 1449 2698 Iken.
1490 2663 1585 2691 Navis

877 2704 967 2740 hujus
989 2712 1162 2740 parasenxon
1177 2702 1205 2730 in
1227 2712 1316 2740 prora
1329 2702 1435 2730 Triton
1455 2704 1499 2728 est
1514 2701 1586 2728 buc-

877 2740 972 2769 cinam
1000 2741 1212 2769 inssans.—210
1227 2742 1316 2777 frons
1350 2740 1468 2768 laterum
1495 2743 1587 2773 tetrus,

879 2779 1029 2817 exquisite
1052 2789 1125 2817 pro:
1149 2779 1213 2817 ipse
1229 2789 1245 2808 a
1263 2780 1361 2807 fronte
1383 2787 1477 2816 usque
1496 2777 1531 2805 ad
1546 2777 1587 2805 la-
