1796 3077
565 221 906 262 GEORGICON.
963 222 1066 261 LIB.
1095 223 1165 261 IV.

1493 230 1582 276 193

143 341 286 385 Tanta
305 355 408 385 meae
428 343 464 384 si
482 348 522 384 te
543 350 746 398 ceperunt
766 343 894 385 taedia
912 343 1062 386 laudis.

143 399 205 441 At
226 409 356 442 mater
376 401 555 442 sonitum
574 400 757 441 thalamo
779 402 856 442 sub
878 401 1058 443 fluminis
1077 401 1150 444 alti

144 457 297 498 Sensit.

358 457 467 498 Eam
487 459 642 499 circum
664 457 832 499 Milesia
850 459 1003 501 vellera
1022 459 1236 516 Nymphae

143 513 399 568 Carpebant,
420 514 533 568 hyali
554 522 695 557 saturo
715 515 861 556 fucata
879 516 1033 566 colore,

1501 516 1586 556 335

143 569 403 626 Drymoque,
424 571 697 626 Xanthoque,
721 571 953 627 Ligeaque,
974 573 1331 630 Phyllodoceque,

142 627 367 670 Caesariem
389 629 535 670 effusae
555 630 730 670 nitidam
748 644 826 683 per
844 631 1025 672 candida
1045 630 1151 672 colla
1169 649 1179 681 3

141 683 309 734 Nesaee,
333 686 533 741 Spioque,
554 685 805 740 Thaliaque,
829 686 1167 742 Cymodoceque,

141 740 435 797 Cydippeque,
457 751 500 784 et
518 742 626 784 flava
646 743 847 797 Lycorias
864 760 872 784 :
905 744 1035 786 altera
1055 746 1186 800 virgo,

141 797 292 840 Altera
311 808 400 841 tum
418 801 573 854 primos
595 799 772 841 Lucinae
791 809 967 854 experta
987 801 1152 843 labores
1168 820 1176 853 3
1504 801 1589 842 340

140 854 317 910 Clioque
338 864 380 898 et
400 856 541 898 Bero'e
562 871 692 905 soror,
714 856 984 899 Oceanitides
1006 859 1152 908 ambae,

140 910 293 953 Ambae
315 928 430 962 auro,
450 913 572 968 pictis
591 913 782 954 incinctae
800 912 980 967 pellibus
1001 916 1148 962 ambae,

140 967 286 1023 Atque
308 970 500 1025 Ephyre,
521 977 647 1024 atque
670 969 791 1024 Opis,
814 977 856 1011 et
877 970 982 1012 Asia
1003 971 1211 1026 Deiopea,

141 1025 201 1067 Et
220 1027 390 1068 tandem
409 1028 555 1082 positis
575 1026 697 1067 velox
715 1025 936 1068 ‘Arethusa
958 1030 1134 1083 sagittis.

138 1081 256 1124 Inter
275 1098 380 1138 quas
401 1099 543 1125 curam
564 1083 764 1137 Clymene
785 1086 982 1126 narrabat
1002 1087 1166 1127 inanem

1504 1086 1587 1125 345

140 1138 334 1190 Vulcani,
358 1141 595 1195 Martisque
615 1140 735 1181 dolos
756 1149 799 1181 et
819 1140 959 1182 dulcia
979 1142 1091 1183 furta
1108 1160 1117 1192 ;

140 1194 285 1251 Atque
308 1197 427 1239 Chao
448 1199 602 1239 densos
621 1197 763 1239 divum
785 1199 1033 1240 numerabat
1053 1213 1231 1240 amores.

136 1252 331 1296 Carmine
351 1270 436 1309 quo
457 1262 593 1310 captae
613 1253 714 1295 dum
734 1254 837 1295 fusis
856 1254 995 1296 mollia
1014 1270 1147 1310 pensa

140 1309 395 1362 Devolvunt,
418 1313 569 1353 iterum
589 1320 798 1352 maternas
818 1312 981 1366 impulit
1003 1327 1126 1354 aures

140 1365 304 1409 Luctus
323 1368 507 1419 Aristaei,
531 1368 756 1423 vitreisque
778 1368 979 1410 sedilibus
1001 1384 1144 1410 omnes

1508 1368 1561 1409 ἓξ

1565 1369 1590 1408 0

138 1423 437 1480 Obstupuere3
462 1427 537 1468 sed
557 1432 654 1466 ante
676 1426 776 1467 alias
798 1424 1016 1467 Arethusa
1037 1440 1201 1467 sorores

175 1552 233 1582 333
240 1554 372 1588 sonitum,
380 1555 548 1587 confusum,
559 1555 689 1584 nondum
701 1554 842 1583 disertam

136 1600 252 1627 vocem,
265 1602 324 1631 qua
337 1593 431 1622 filium
446 1603 606 1631 agnoscere
618 1597 733 1632 posset.
767 1592 842 1620 Ver-

138 1639 191 1658 sus
211 1631 320 1660 ductus
333 1642 373 1661 ex
387 1632 426 1660 11.
440 1645 468 1665 σ,
481 1634 531 1661 35.
543 1633 605 1664 36.,
625 1632 677 1660 ubi
697 1630 803 1660 Thetis
826 1640 842 1660 e

135 1668 229 1698 fundo
254 1670 344 1699 maris
373 1671 511 1709 querelas
539 1670 666 1700 Achillis
696 1668 843 1698 resciscit.

136 1706 217 1743 Quae
231 1713 406 1747 sequuntur,
420 1720 436 1738 e
450 1710 513 1738 vita
525 1709 691 1747 priscarum
707 1708 843 1737 hemina-

136 1755 203 1774 rum
217 1748 393 1776 adumbrata
408 1749 585 1777 sunt—334
607 1748 644 1776 M
646 1747 726 1776 ilesia
739 1746 844 1776 vellera

137 1793 167 1812 v.
178 1785 234 1814 Ge.
251 1786 319 1819 ΙΙΙ,
328 1786 559 1816 soa—Vellera
570 1786 734 1826 carpebant,
748 1786 844 1814 lanam

135 1822 285 1853 ducebant
296 1825 376 1859 fuso,
390 1826 467 1864 Ang.
482 1826 600 1854 carded.
622 1825 754 1854 S.—335
768 1823 847 1861 hyali

135 1861 238 1898 colore,
261 1863 290 1892 h.
306 1864 434 1902 hyalino,
449 1864 528 1893 vitro
541 1864 643 1898 simili,
657 1863 757 1892 viridi.
772 1863 842 1901 hya-

131 1899 190 1934 lus,
203 1904 299 1936 ὕαλος,
312 1912 366 1940 pro
378 1902 456 1931 vitro
469 1912 544 1932 nove
555 1903 669 1932 dictum
680 1913 688 1939 3
703 1903 841 1935 fortasse,

136 1948 206 1967 cum
220 1940 361 1969 Graecum
381 1941 514 1979 aliquem
532 1943 653 1980 poetam
667 1944 844 1980 sequeretur

136 1977 194 2006 Vir
216 1978 223 1984 '
239 1979 296 2008 'us.
334 1979 432 2008 Simili
442 1989 517 2009 ausu
531 1990 548 2009 a
563 1977 685 2010 Lacr-et.
697 1980 755 2013 IV,
768 1980 844 2008 1120

136 2019 149 2043 t
198 2017 296 2046 assina
307 2019 396 2047 vest'm
410 2019 501 2048 dicta.
539 2019 618 2048 Sunt
634 2019 728 2058 igitur
739 2018 845 2047 vellera

129 2055 248 2091 fucata,
273 2056 338 2086 lana
359 2057 463 2092 tincta,
483 2056 577 2087 colore
600 2057 690 2096 hyali,
713 2057 793 2091 vitri,
815 2057 844 2085 h.

136 2093 237 2123 colore
259 2095 359 2131 viridi,
379 2101 491 2130 saturo,
511 2097 542 2125 h.
563 2107 623 2135 quo
645 2097 714 2135 ipsa
733 2096 847 2125 vellera

138 2135 270 2161 saturata
278 2138 346 2163 sunt
359 2145 367 2171 3
383 2145 451 2164 nam
464 2136 586 2173 proprie
595 2135 661 2164 lana
675 2140 722 2164 est
733 2139 846 2168 satura,

138 2180 206 2208 quae
222 2172 294 2212 satis
310 2173 410 2203 colore
423 2174 537 2203 imbuta
550 2179 608 2203 est.
649 2174 711 2204 Ubi
723 2173 844 2202 vitreum

137 2218 229 2242 mare,
249 2215 357 2239 vitreus
374 2217 482 2250 pomus
503 2213 624 2248 dicitur,
652 2214 691 2242 ad
713 2213 844 2242 colorem

137 2248 301 2290 caeruleum
324 2255 461 2288 spectare
486 2251 640 2289 epitheton
665 2252 796 2285 videtur,
819 2251 844 2279 si

136 2290 246 2330 vztreas
258 2288 340 2325 sons,
367 2289 405 2317 ad
424 2290 668 2327 pelluciditatem.
713 2290 845 2319 Vitream

139 2324 244 2353 Czrcen
258 2335 336 2354 nova
349 2327 472 2356 audacia
484 2329 563 2357 dixit
575 2329 724 2358 Horatius
739 2329 799 2358 Od.
815 2329 843 2363 I,

136 2365 185 2398 17,
208 2365 256 2393 20.
276 2374 332 2403 pro
354 2366 475 2394 marina.
514 2367 683 2397 Praeiverat
703 2368 842 2401 Corinna,

139 2412 208 2440 quae
222 2406 333 2432 ὑάλινου
346 2407 432 2432 παῖδα
444 2414 497 2442 pro
509 2406 622 2435 marino
634 2410 842 2444 usurpaverat.

139 2441 200 2470 vid.
226 2442 324 2480 Toup.
349 2443 489 2480 Append.
513 2444 551 2472 ad
575 2445 727 2474 Theocrit.
750 2455 781 2484 p.
794 2445 843 2474 20.

137 2480 286 2509 21.—336
305 2481 341 2509 In
355 2481 525 2519 hujusmodi
540 2483 757 2512 enumeratione
769 2483 847 2512 mul-

139 2522 238 2547 torum
256 2520 407 2548 nominum
430 2529 470 2548 ex
492 2521 631 2558 mythicis
652 2523 744 2550 rebus
765 2522 846 2560 peti-

140 2560 238 2585 torum
248 2557 389 2588 videntur
401 2559 459 2587 sibi
471 2558 556 2587 valde
566 2559 715 2597 placuisse
726 2565 846 2590 veteres

139 2596 250 2638 ppetae,
271 2597 371 2626 nullus
397 2602 495 2626 tamen
520 2597 628 2636 magis,
658 2608 747 2636 quam
770 2599 845 2628 Ovi-

140 2633 218 2662 dms.
257 2635 398 2665 Ceterum
419 2636 467 2665 hic
488 2636 571 2665 locus
594 2640 626 2665 et
648 2636 713 2665 haec
727 2637 847 2667 nomina

140 2681 179 2700 ex
195 2672 329 2703 Homero
343 2675 437 2712 petita
449 2674 488 2703 Il.
503 2687 531 2709 σ,
546 2675 595 2704 37.
610 2684 676 2713 sqq.
696 2675 847 2705 Memorat

141 2714 240 2740 autem
254 2712 399 2750 Virgilius
419 2714 579 2751 Nymphas
598 2713 694 2742 omnis
717 2714 845 2752 generis,

140 2749 180 2777 cf.
191 2750 262 2779 383.
275 2759 329 2779 nec
349 2752 438 2781 modo
452 2752 484 2781 M
488 2752 584 2781 urinas
599 2752 646 2781 vel
661 2752 843 2786 Potamidas,

884 1562 989 1582 verum
1009 1553 1144 1583 Oreadas
1159 1561 1279 1590 quoque
1292 1554 1324 1580 et
1335 1550 1467 1589 Napaeas
1482 1551 1590 1589 (vena-

884 1592 975 1621 trices
991 1602 1021 1620 ν.
1035 1592 1199 1620 342-344.
1254 1591 1333 1618 Sunt
1343 1589 1390 1618 hae
1404 1589 1490 1619 Jovis
1504 1590 1591 1625 filiae3

883 1630 1008 1669 reliquae
1021 1630 1182 1665 Nereides,
1217 1639 1263 1658 11ae
1274 1628 1387 1658 Oceani
1401 1628 1470 1657 filiae
1482 1639 1512 1657 v.
1523 1629 1592 1657 341.

883 1668 999 1698 Versus
1013 1670 1092 1704 338„
1106 1669 1157 1707 qui
1172 1668 1242 1697 AEn.
1253 1668 1294 1702 V,
1307 1668 1375 1696 826.
1387 1667 1509 1705 legitur,
1522 1678 1591 1697 cum

885 1707 922 1736 ab
952 1708 1075 1746 optimis
1102 1712 1133 1736 et
1158 1707 1296 1745 pluribus
1320 1705 1476 1735 codicibus
1502 1706 1591 1741 absit,

884 1756 972 1776 mauu
983 1746 1078 1775 aliena
1090 1747 1148 1775 huc
1160 1746 1263 1774 illatus
1274 1744 1369 1773 videri
1384 1746 1592 1782 μηδι-339

878 1785 960 1822 flam
978 1785 1132 1824 Lycorias,
1153 1784 1233 1812 haud
1249 1783 1341 1812 dubie
1356 1783 1442 1811 flavis
1463 1783 1592 1821 capillis.

884 1824 1102 1853 —342Ambae
1124 1823 1234 1852 cinctae
1255 1822 1365 1851 auratis
1386 1825 1415 1851 et
1439 1821 1541 1860 pictis,
1561 1822 1593 1851 h.

881 1862 984 1897 variis,
1010 1862 1154 1901 pellibus,
1188 1865 1297 1899 utpote
1324 1860 1476 1898 Nymphae
1503 1870 1594 1890 vena-

882 1901 974 1930 trices
988 1912 996 1938 3
1017 1902 1056 1930 cf.
1081 1901 1118 1930 ad
1136 1911 1166 1929 v.
1182 1900 1349 1929 336.-343
1370 1899 1448 1928 Asia
1463 1908 1480 1928 a
1494 1903 1592 1928 tractu

882 1939 1002 1978 Lydiae,
1023 1939 1088 1969 vid.
1102 1949 1169 1977 sup.
1185 1939 1241 1968 Ge.
1253 1939 1281 1974 I,
1295 1939 1365 1968 383.
1386 1937 1516 1966 Versum
1529 1948 1593 1967 me-

883 1979 968 2009 tieris
992 1979 1046 2013 sic,
1067 1983 1102 2007 ut
1122 1978 1228 2007 ultima
1247 1977 1278 2006 in
1290 1976 1413 2016 Ephyre
1429 1986 1485 2005 nou
1499 1976 1593 2005 elida-

883 2020 944 2053 tur,
965 2021 1000 2046 ut
1020 2018 1052 2046 in
1073 2017 1203 2046 Graeco:
1225 2019 1264 2048 ἧδ’
1287 2018 1383 2052 Ἐφύρη
1403 2015 1445 2047 ἠδ’
1463 2017 1593 2045 Ὦπις.-

884 2057 942 2086 344
957 2056 1109 2086 Arethusa
1126 2055 1216 2089 velox,
1231 2055 1380 2088 venatrix,
1401 2064 1469 2082 cum
1481 2054 1549 2083 Clio
1563 2057 1594 2083 et

886 2095 996 2130 Beroe,
1028 2104 1104 2133 quas
1132 2093 1250 2123 mireris
1278 2093 1308 2121 iu
1331 2101 1475 2130 aquarum
1499 2092 1593 2120 fundo

885 2134 961 2163 inter
974 2133 1130 2172 Nymphas
1142 2132 1268 2161 marinas
1283 2130 1594 2168 memorari—positis

883 2173 1011 2211 sagittis,
1032 2182 1099 2210 quae
1114 2176 1177 2200 tum
1197 2171 1379 2209 deposuerat
1396 2169 1592 2198 arcus—345

883 2221 981 2240 curam
1002 2211 1117 2239 inanem
1140 2209 1274 2242 Vulcani,
1294 2208 1429 2237 studium
1443 2207 1473 2236 in
1487 2208 1593 2237 obser—

884 2252 980 2279 vando
1002 2249 1139 2279 adultero
1160 2253 1191 2277 et
1211 2247 1323 2276 ultione
1346 2247 1501 2280 sumenda,
1523 2256 1593 2275 cum

883 2294 946 2318 rete
967 2288 1173 2322 fabricaretur,
1195 2296 1254 2325 quo
1281 2286 1413 2315 Martem
1441 2294 1509 2314 cum
1532 2286 1593 2314 Ve-

883 2338 952 2357 nere
968 2327 1160 2366 opprimeret.
1196 2324 1351 2363 Respexit
1362 2324 1464 2353 locum
1477 2323 1592 2362 Odyss.

884 2369 910 2400 θ,
930 2368 1000 2396 266.
1023 2366 1188 2404 sqq.-346
1200 2363 1312 2393 Martis
1329 2362 1388 2392 doli
1406 2363 1487 2392 haud
1502 2362 1593 2391 dubie

881 2405 962 2434 idem
980 2409 1093 2439 notant,
1112 2403 1193 2442 quod
1208 2402 1301 2431 dulcia
1314 2403 1413 2439 furta,
1433 2411 1501 2430 cum
1515 2401 1591 2430 clam

884 2444 1017 2473 Vulcano
1040 2443 1157 2476 fierent,
1184 2446 1219 2470 ut
1243 2441 1317 2470 ibid.
1344 2450 1374 2469 v.
1393 2441 1461 2470 268.
1482 2441 1591 2469 269.-

884 2483 940 2511 347
964 2483 1227 2514 demos—unwres,
1248 2480 1382 2515 crebros,
1409 2488 1516 2517 magno
1537 2488 1591 2507 nu-

884 2531 968 2550 mero
980 2521 1129 2559 longaque
1145 2518 1323 2547 narrationis
1344 2517 1421 2547 serie
1441 2518 1591 2556 Nymphae

884 2557 1182 2598 pertexendos.--H.
1205 2558 1274 2586 348.
1313 2556 1478 2594 Dnmsusis·
1498 2555 1592 2584 mollia

881 2608 972 2637 pensa
994 2597 1178 2632 Devolvunt;
1201 2595 1373 2625 Devolvere
1389 2599 1437 2624 est
1458 2593 1591 2623 volvendo

884 2638 1030 2671 deducere,
1053 2636 1118 2665 scil.
1134 2645 1151 2664 e
1165 2634 1231 2664 colo
1245 2634 1332 2663 fusis.
1371 2634 1510 2667 Pensum,
1526 2641 1589 2660 cer-

884 2680 948 2705 tum
976 2675 1052 2705 lauae
1081 2673 1209 2712 pondus,
1242 2673 1323 2712 quod
1360 2672 1477 2702 mulieri
1509 2674 1591 2698 certo

884 2719 1018 2752 tempore
1032 2713 1159 2742 nendum
1173 2712 1232 2741 assi
1274 2715 1351 2741 atur.
1371 2711 1407 2740 S.
1570 2747 1577 2751 ι

923 2755 981 2782 350
1000 2752 1120 2786 Luctus,
1141 2761 1215 2790 quer
1247 2750 1291 2780 ae!
1315 2755 1349 2779 ut
1371 2760 1400 2779 v.
1424 2749 1481 2778 353
1500 2757 1591 2785 yemz-

1290 2803 1358 2830 CC
