1796 3077
160 293 256 337 500

584 289 627 324 P.
660 285 891 323 VIRGILH
924 284 1175 322 MARONIS

167 408 354 462 Spumea
374 406 567 448 semifero
588 405 666 445 sub
687 411 860 458 pectore
879 412 1112 446 murmurat
1132 405 1258 446 unda.

169 464 258 504 Tot
277 464 372 505 lecti
394 475 590 516 proceres
611 468 676 502 ter
689 461 808 502 denis
824 462 1002 502 navibus
1022 462 1140 502 ibant

168 521 367 561 Subsidio
388 519 549 572 Trojae,
571 525 614 558 et
634 532 803 571 campos
825 517 920 558 salis
942 533 1026 558 aere
1048 519 1262 559 secabant.

221 577 402 629 Jamque
423 575 513 615 dies
535 573 643 615 coelo
663 581 943 623 concesserat,
967 573 1159 627 almaque
1180 588 1307 614 curru

1534 575 1560 612 20

1568 573 1582 611 μ

1593 571 1618 610 ὓ(

166 633 405 685 Noctivago
425 630 592 671 Phoebe
612 631 797 671 medium
813 630 1010 684 pulsabat
1031 630 1261 684 Olympum
1279 646 1287 669 :

166 688 329 730 AEneas
350 691 503 741 (neque
516 687 626 727 enim
646 687 842 727 membris
864 687 937 727 dat
961 701 1064 727 cura
1081 687 1282 740 quietem)

165 746 263 799 Ipse
285 744 436 785 sedens
457 743 705 796 clavumque
727 743 836 796 regit
856 742 1043 796 velisque
1059 743 1279 783 ministrat.

162 802 308 854 Atque
321 800 379 840 illi
394 800 533 840 medio
550 800 591 839 in
608 800 744 853 spatio
765 799 934 848 chorus,
957 813 1068 848 ecce,
1091 814 1259 839 suarum

161 857 362 898 Occurrit
377 857 596 897 comitum:
630 855 859 909 Nymphae,
882 871 986 909 quas
1004 855 1111 896 alma
1131 855 1306 909 Cybebe

1537 852 1621 892 5220

160 914 334 954 Numen
353 913 512 954 habere
533 913 672 961 maris,
696 912 1005 966 Nymphasque
1026 927 1048 952 c
1069 912 1246 952 navibus
1268 926 1360 952 esse

159 970 367 1018 Jusserat,
381 970 583 1010 innabant
603 969 773 1023 pariter,
795 969 1035 1021 fluctusque
1054 969 1266 1018 secabant,

161 1026 281 1073 Quot
300 1027 417 1080 prius
437 1032 577 1066 aeratae
599 1031 803 1065 steterant
822 1025 877 1064 ad
898 1024 1021 1064 litora
1042 1039 1195 1078 prorae.

160 1082 415 1136 Agnoscunt
433 1081 558 1135 longe
578 1095 734 1135 regem,
755 1080 1020 1133 lustrantque
1041 1080 1221 1121 choreis.

160 1138 368 1187 Quarum,
389 1152 485 1192 quae
506 1138 622 1178 fandi
642 1137 894 1186 doctissima,
918 1136 1189 1190 Cymodocea

1537 1133 1592 1173 ἐξ

1595 1133 1620 1170 :a

159 1195 278 1236 Pone
299 1209 478 1248 sequens
499 1195 652 1235 dextra
671 1194 848 1247 puppim
869 1200 997 1242 tenet,
1018 1194 1194 1246 ipsaque
1215 1192 1342 1233 dorso

160 1251 348 1299 Eminet,
369 1264 417 1290 ac
438 1249 543 1290 laeva
563 1250 700 1290 tacitis
722 1249 981 1302 subremigat
1000 1249 1141 1289 undis.

156 1307 271 1347 Tum
293 1308 350 1347 sic
371 1307 563 1360 ignarum
583 1305 834 1358 alloquitur:
867 1304 1101 1358 Vigilasne,
1123 1305 1248 1345 deum
1269 1318 1388 1358 gens,

160 1363 334 1403 sEnea?
365 1361 505 1416 vigila,
527 1369 569 1401 et
589 1361 690 1401 velis
711 1362 885 1401 immitte
905 1361 1122 1401 rudentes.

158 1419 252 1459 Nos
274 1433 416 1458 sumus
430 1418 558 1458 Idaeae
581 1431 700 1457 sacro
721 1417 774 1456 de
795 1417 950 1456 vertice
967 1416 1106 1470 pinus,

156 1475 287 1515 Nunc
307 1473 447 1528 pelagi
467 1472 698 1526 Nymphae,
722 1472 864 1513 classis
887 1480 973 1512 tua.

1531 1414 1615 1453 230

1038 1471 1237 1513 Perfidus
1259 1476 1307 1510 ut
1323 1483 1399 1510 nos

157 1525 538 1584 Praecipites-ferro
561 1528 744 1569 Rutulus
765 1529 1016 1583 flammaque
1037 1529 1271 1583 premebat,

154 1587 367 1641 Rupimus
385 1586 526 1626 invitae
547 1593 619 1626 tua
638 1585 816 1634 vincula,
839 1595 966 1639 teque
986 1600 1064 1640 per
1084 1599 1230 1638 aequor

156 1644 412 1690 Quaerimus.

474 1642 600 1683 Hanc
623 1641 834 1683 Genetrix
854 1642 1004 1682 faciem
1024 1642 1220 1682 miserata
1240 1639 1402 1689 refecit,

156 1699 216 1740 Et
236 1700 354 1740 dedit
370 1714 463 1740 esse
485 1699 599 1747 deas,
622 1713 841 1752 aevumque
863 1699 1025 1753 agitare
1047 1699 1125 1739 sub
1147 1697 1285 1739 undis.

1528 1698 1555 1737 20

1557 1696 1613 1736 ἐξ

155 1757 216 1797 At
236 1770 343 1809 puer
364 1755 573 1796 Ascanius
594 1770 714 1796 muro
735 1755 942 1809 fossisque
963 1762 1132 1795 tenetur

155 1812 264 1853 Tela
279 1813 387 1853 inter
406 1813 544 1853 media
564 1819 691 1865 atque
713 1811 934 1853 horrentes
957 1811 1099 1852 Marte
1122 1810 1314 1852 Latinos.

153 1895 227 1924 tera,
254 1900 306 1919 seu
328 1890 460 1918 medinm
476 1891 696 1927 corpus—212
717 1889 863 1918 suavissi„

155 1939 211 1956 mm
223 1928 434 1957 modulationis
448 1938 554 1956 versus
567 1938 603 1955 ex
615 1927 775 1965 Apollonio
789 1928 862 1955 duc-

156 1971 205 1994 tus
220 1970 265 1995 est
280 1966 332 1994 lib.
353 1967 381 1999 l,
399 1968 467 1994 542.
487 1966 694 2003 543.—-T1·0ja›
710 1970 863 1993 novae—et

156 2015 270 2042 campos
283 2004 354 2031 salis
366 2013 423 2032 (ere
436 2005 579 2037 seccdmnt,
592 2007 623 2032 ut
633 2005 695 2041 jain
708 2003 760 2031 lib.
770 2004 784 2031 I
793 2026 800 2037 ‚
814 2005 862 2032 35.

196 2043 253 2070 215
270 2042 434 2080 Utrumque
452 2043 554 2076 docte,
573 2047 606 2070 ut
621 2043 740 2079 poetam
756 2042 861 2078 decet3

153 2082 260 2109 clavam
276 2081 368 2117 reyit:
390 2081 512 2118 proprie
524 2090 628 2109 navem
644 2080 778 2114 regimus
801 2081 863 2108 cla-

157 2130 194 2147 vo
209 2130 214 2146 z
239 2124 300 2146 tum
316 2118 385 2146 velis
398 2119 555 2149 ministrat.
569 2128 624 2155 pro
639 2118 797 2152 ministrat,
809 2119 863 2146 mi-

154 2157 307 2185 nisterium
322 2162 447 2194 praestat
462 2157 621 2190 nauticum,
638 2157 675 2184 ad
687 2156 763 2185 vela.
780 2157 817 2185 cf.
827 2157 863 2185 ad

153 2196 210 2228 VI,
236 2196 304 2223 302.
345 2195 395 2223 Sic
419 2195 505 2223 Luna
529 2195 678 2223 ministrat
700 2195 780 2232 equis
815 2205 863 2232 ap.

157 2234 298 2271 Propert.
310 2233 375 2265 ΙΙΙ,
390 2235 438 2265 1-1,
452 2235 499 2262 15.
515 2238 545 2262 et
561 2233 685 2266 Statius,
707 2243 796 2270 quem
812 2233 863 2261 alii

154 2271 324 2303 laudarunt,
357 2272 393 2300 de
422 2271 561 2309 Apolline
592 2271 693 2299 currui
715 2271 861 2300 insidente

154 2309 205 2338 lib.
220 2310 296 2342 VII,
310 2311 362 2338 751
382 2319 387 2336 :
409 2309 477 2347 Ipse
499 2310 598 2337 sedens
611 2309 676 2337 telis
690 2310 861 2347 pariterque

153 2348 298 2375 ministrat
310 2347 437 2375 habenis.
478 2348 667 2376 All‘ectarunt
688 2357 757 2375 mox
781 2347 859 2375 idem

156 2386 320 2422 scriptores
342 2385 371 2413 in
397 2386 497 2414 soluta
517 2385 661 2419 oratione,
684 2389 715 2413 ut
735 2386 859 2414 Tacitus

156 2424 256 2451 Germ.
271 2425 320 2455 44,
334 2424 387 2452 ubi
399 2434 428 2452 v.
442 2428 503 2453 not.

193 2462 251 2489 219
265 2462 354 2490 medio
367 2462 594 2500 inspatio.Nam
612 2461 677 2495 IX,
693 2462 760 2489 121.
772 2470 859 2489 novae

153 2499 318 2537 Nymphae2
346 2505 491 2538 pontoque
510 2502 670 2537 feramur,
700 2500 751 2537 qui
778 2503 859 2528 totus

153 2538 239 2565 locus
253 2537 308 2564 huc
321 2538 418 2566 animo
433 2538 631 2567 revocandus.
644 2547 761 2566 suarum
775 2538 858 2565 comia

153 2580 211 2603 tum
222 2585 232 2602 .-
254 2575 324 2612 quia
337 2585 402 2603 cum
418 2586 452 2604 eo
469 2580 613 2605 venerant
628 2586 730 2604 naves.
770 2576 857 2604 Serv.

152 2614 191 2641 cf.
208 2612 272 2645 IX,
293 2613 332 2640 80
346 2623 390 2649 sq.
407 2613 528 2651 Cybebe,
545 2616 669 2649 Kvssr‘yssn.
685 2624 751 2651 quae
766 2614 857 2651 vulgo

151 2651 369 2687 Κυβέλη.-221
390 2661 491 2679 numen
513 2652 614 2679 habere
633 2652 735 2685 metris,
750 2653 857 2689 exqui-

153 2691 210 2718 site
222 2698 293 2727 pro:
309 2688 427 2716 numina
439 2699 517 2717 esse.
534 2690 597 2722 IX,
615 2691 680 2718 101.
693 2691 764 2718 102:
780 2700 857 2728 may-

150 2728 236 2764 m'que
248 2724 353 2763 jubebo
367 2726 518 2764 AEqnoris
531 2738 591 2756 esse
604 2728 779 2756 deam—224
798 2728 854 2755 lus-

151 2769 230 2793 trant
252 2764 372 2798 choreis,
385 2768 501 2799 ornate,
516 2775 569 2801 pro
586 2766 783 2798 circnnnlant,
799 2767 855 2795 cir-

147 2807 327 2831 cunmatant⁴

941 1890 999 1918 228
1025 1890 1108 1918 deum
1131 1900 1212 1928 fyens,
1240 1894 1327 1924 γένος,
1348 1892 1440 1924 γενεά.
1460 1888 1523 1921 ΙΧ,
1538 1889 1611 1918 642:

904 1928 962 1955 Dis
976 1930 1082 1965 yenite.
1105 1929 1339 1963 eumenem—*229
1352 1927 1421 1956 velis
1435 1927 1552 1956 immitte
1566 1938 1615 1955 ru-

902 1966 1009 1999 dentes,
1023 1970 1054 1994 ut
1072 1967 1137 1994 vela
1151 1967 1291 1995 laxentur
1310 1967 1347 1994 ad
1361 1970 1481 1994 ventum
1496 1965 1611 2002 excipi-

902 2005 1020 2032 endum.
1061 2005 1112 2032 Sic
1143 2005 1239 2038 VIII,
1260 2005 1338 2032 708:
1368 2004 1440 2041 Ipsa
1463 2003 1616 2031 videbatur

901 2043 993 2070 ventis
1010 2042 1111 2079 reglina
1124 2042 1231 2070 vocatis
1248 2041 1321 2070 Vela
1333 2042 1401 2070 dare
1415 2046 1442 2069 et
1458 2041 1609 2078 laxosjam

893 2080 1015 2118 jamque
1028 2080 1181 2108 immittere
1192 2082 1293 2117 funes,
1308 2084 1339 2108 ut
1356 2079 1505 2107 immittere
1526 2079 1612 2108 hube-

902 2128 964 2152 nas,
983 2119 1085 2155 frena,
1106 2117 1196 2148 alibi:
1218 2118 1258 2146 cf.
1283 2118 1323 2152 V,
1348 2119 1414 2146 146.
1436 2119 1502 2146 147.
1544 2118 1611 2147 Nec

904 2161 1001 2185 tamen
1013 2156 1165 2184 inuuittere
1181 2165 1236 2193 per
1247 2166 1279 2184 se
1292 2160 1343 2184 aut
1357 2166 1424 2184 esse
1435 2159 1537 2194 potest
1548 2156 1613 2184 lax-

903 2204 963 2227 are,
981 2195 1033 2223 sed
1051 2198 1097 2222 est
1110 2194 1254 2222 incitare:
1278 2195 1329 2223 nbi
1345 2198 1442 2222 autem
1460 2195 1527 2223 vela
1542 2194 1609 2223 lax-

902 2237 999 2265 antur,
1023 2233 1164 2261 rudentes
1188 2242 1244 2261 non
1266 2232 1418 2267 laxantur,
1435 2233 1489 2261 sed
1515 2232 1610 2261 inten-

902 2272 1024 2299 duntur.
1065 2271 1192 2308 Proprie
1226 2275 1325 2299 ventus
1347 2270 1513 2299 immittitur
1528 2271 1609 2305 velis,

902 2309 935 2336 lit
948 2309 1003 2337 linc
1023 2309 1118 2337 multo
1137 2309 1229 2347 magis
1247 2309 1324 2338 velis
1339 2309 1495 2347 expansis,
1514 2313 1544 2337 et
1556 2319 1606 2337 ru-

898 2347 1038 2375 dentibus
1069 2347 1175 2375 solutis
1204 2353 1255 2375 aut
1278 2347 1407 2383 laxatis;
1439 2347 1607 2376 inversione

900 2385 1014 2414 solenni
1027 2386 1181 2422 poetarum
1192 2385 1526 2414 imnziltidicunturvela
1538 2394 1604 2413 ven-

899 2423 948 2457 tis,
973 2424 1089 2451 tandem
1112 2424 1245 2452 rudentes
1269 2424 1339 2462 ipsi.
1367 2423 1446 2458 velis,
1473 2422 1605 2451 velorum

899 2462 1167 2499 expandendorum
1179 2472 1281 2490 causa.
1322 2462 1466 2490 Similiter
1478 2460 1609 2489 innm'tti-

899 2504 948 2527 tur
961 2510 1049 2537 equus·
1063 2510 1154 2528 cursu
1175 2501 1334 2534 concitato,
1350 2500 1461 2527 habena
1481 2498 1581 2527 laxata
1594 2510 1601 2535 ;

901 2542 962 2566 tum
977 2538 1091 2565 munim·
1105 2539 1246 2566 dicuntur
1261 2538 1335 2575 ipsae
1357 2537 1482 2570 hahenae,
1505 2542 1538 2564 ut
1560 2537 1604 2565 in-

896 2576 1005 2604 citetur
1028 2586 1134 2605 cursus
1161 2576 1229 2613 equi
1256 2581 1286 2604 et
1310 2576 1375 2612 ipse
1399 2576 1602 2611 equus.—-231

892 2614 1034 2652 perfidus:
1057 2614 1298 2652 quandoquidem
1313 2613 1425 2640 foedere
1440 2613 1503 2649 jam
1525 2613 1604 2642 inter

898 2653 1022 2680 Latinos
1046 2654 1251 2689 Trojanosque
1271 2651 1349 2679 sacto
1368 2650 1477 2678 bellum
1500 2660 1602 2680 move-

898 2690 1179 2727 tat.—·.¹3.1rrsecit,
1200 2689 1338 2717 mutavit:
1363 2688 1433 2715 nihil
1459 2689 1600 2726 amplius,

896 2728 982 2760 «ledit,
999 2728 1082 2761 feeit,
1095 2732 1128 2756 ut
1147 2731 1227 2755 ἔδωκε
1242 2726 1358 2754 Homer
1373 2727 1467 2755 -237
1480 2727 1599 2755 horren-

897 2771 938 2793 tex
953 2767 1052 2794 stlat-te
1067 2766 1206 2794 Latinos:
1228 2769 1274 2792 est
1297 2765 1389 2801 igitur
1405 2774 1459 2801 pro
1480 2765 1600 2793 horren-

896 2805 951 2837 dis,
981 2804 1031 2841 quvi
1049 2804 1194 2832 horrorem
1216 2803 1341 2839 faciunt,
1369 2802 1459 2837 bello,
1482 2812 1600 2839 pugna,
