1796 3077
184 249 279 294 628

187 363 309 404 Illum
331 365 474 405 turbat
496 377 623 410 amor,
646 362 824 416 figitque
840 360 881 400 in
897 357 1065 412 virgine
1078 357 1242 407 vultus3

625 240 670 277 P.
702 237 933 275 VIRGILII
966 238 1216 278 MARONIS

186 419 322 461 Ardet
338 421 379 461 in
397 435 511 460 arma
531 419 678 472 magis,
700 418 929 470 paucisque
953 415 1107 455 affatur
1127 414 1325 455 Amatam
1344 431 1352 454 ε

186 475 270 524 Ne,
293 491 451 529 quaeso,
474 489 525 515 ne
546 489 611 514 me
633 474 825 521 lacrimis,
848 486 952 512 neve
973 472 1108 512 omine
1130 478 1247 510 tanto

187 531 452 584 Prosequere
474 531 517 570 in
538 530 633 571 duri
655 529 884 570 certamina
906 527 1059 568 Martis
1081 534 1264 575 euntem,

188 587 229 626 O
251 594 407 627 mater:
439 601 577 640 neque
599 587 708 626 enim
728 585 879 626 Turno
900 598 1017 624 mora
1037 582 1170 623 libera
1190 582 1350 624 mortis,

188 642 374 682 Nuntius
396 642 489 683 haec
510 642 660 683 Idmon
683 641 872 699 Phrygio
902 654 995 680 mea
1014 639 1126 679 dicta
1147 646 1325 691 tyranno

188 697 319 738 Haud
335 698 540 752 placitura
562 698 696 739 refer:
732 699 876 743 (guum
899 697 1078 750 primum
1096 694 1277 734 crastina
1294 692 1403 735 coelo

190 753 387 795 Puniceis
408 755 572 795 invecta
592 755 693 795 rotis
717 752 888 794 Aurora
907 752 1116 792 rubescit:

190 809 293 850 Non
316 810 509 851 Teucros
524 817 629 864 'agat
650 811 690 850 in
712 808 911 852 Rutulos.

190 865 246 905 Et
268 866 489 907 Rutulum.

973 808 1190 848 Teucrum
1211 821 1326 847 arma
1347 806 1565 859 quieseant

551 867 713 907 Nostro
735 866 978 905 dirimamus
1000 864 1203 918 sanguine
1228 862 1393 904 bellum.

189 922 267 962 Illo
289 929 503 975 quaeratur
525 923 681 976 conjux
705 920 882 961 Lavinia
904 935 1065 973 campo.

248 977 356 1018 Haec
379 979 451 1018 ubi
472 979 585 1019 dicta
606 979 737 1026 dedit,
760 977 1018 1030 rapidusque
1039 976 1080 1014 in
1099 982 1209 1015 tecta
1230 974 1402 1014 recessit
1420 989 1429 1014 :

192 1033 334 1075 Poscit
352 1049 497 1087 equOS,
519 1035 763 1087 gaudetque
785 1041 906 1072 tuens
929 1040 1024 1071 ante
1043 1046 1115 1070 ora
1136 1031 1375 1079 frementes,

192 1090 387 1130 Pilumno
404 1106 509 1144 quos
529 1092 620 1143 ipsa
642 1090 772 1129 decus
794 1089 913 1128 dedit
935 1087 1131 1140 Orithyia
1150 1104 1159 1135 ;

194 1146 282 1192 Qui
305 1147 488 1186 candore
510 1148 626 1186 nives
647 1146 870 1193 anteirent,
892 1144 1084 1184 cursibus
1107 1157 1243 1183 auras.

194 1202 479 1242 Circumstant
501 1202 673 1254 properi
692 1202 864 1253 aurigae,
886 1200 1163 1252 manibusque
1185 1198 1395 1239 lacessunt

1596 1196 1632 1235 ῳ

1630 1196 1650 1235 §1

194 1257 376 1297 Pectora
398 1258 544 1310 plausa
564 1258 688 1304 cavis,
711 1264 752 1295 et
769 1256 876 1296 colla
895 1256 1103 1295 comantia
1124 1262 1309 1307 pectunt.

193 1312 291 1366 Ipse
313 1313 467 1353 dehinc
489 1327 591 1353 auro
614 1311 876 1365 squalentem
897 1310 1078 1362 alboque
1101 1309 1312 1350 orichalco

195 1369 441 1409 Circumdat
462 1368 632 1408 loricam
654 1368 838 1406 humeris
856 1383 865 1413 3
899 1365 1019 1405 simul
1038 1372 1157 1418 aptat
1174 1365 1373 1406 habendo

194 1424 439 1478 Ensemque
461 1424 727 1478 clipeumque
748 1429 789 1463 et
809 1423 948 1462 rubrae
970 1435 1127 1462 cornua
1149 1421 1285 1462 cristae
1303 1436 1312 1462 z

194 1581 292 1605 autem
308 1578 382 1606 v.69
397 1576 493 1614 qualis
507 1580 569 1605 tum
583 1576 667 1605 color
677 1585 744 1604 esse
758 1575 848 1605 solet,
864 1579 906 1602 'a-

194 1616 233 1643 les
245 1615 331 1653 virqo
346 1615 432 1643 dabat
445 1625 494 1643 ore
508 1615 617 1643 colores
629 1625 638 1643 :
661 1614 730 1643 talis
746 1614 830 1642 color
842 1617 907 1641 erat

196 1654 225 1681 in
239 1654 284 1681 vir
308 1654 364 1681 inis
382 1663 444 1681 ore.

233 1692 273 1719 70
304 1691 326 1719 lt
344 1691 409 1728 ipse
424 1692 516 1719 rubor
533 1691 661 1719 decebat
674 1689 815 1727 puellam,
831 1689 906 1717 Tur-

195 1738 250 1756 nus
266 1729 400 1757 Laviniae
415 1739 515 1757 amore
529 1729 625 1766 magis
640 1729 827 1757 incenditur:
853 1737 907 1755 nec

196 1771 295 1795 tamen
319 1767 481 1804 alloquitur
500 1777 575 1800 eam,
600 1767 655 1795 sed
673 1766 770 1794 oculis
791 1766 819 1793 in
843 1775 907 1793 eam

197 1805 343 1842 conjectis
357 1805 443 1833 matri
459 1805 631 1842 respondet.
671 1805 773 1832 Aliter
785 1804 907 1831 heroum

196 1843 270 1875 vita,
279 1842 367 1871 aliter
379 1843 473 1870 nostri
482 1852 580 1871 mores
590 1843 697 1870 ferunt.
709 1842 804 1869 turbat
816 1851 909 1869 amor.

199 1881 299 1909 Cerda
314 1881 388 1908 bene
414 1881 517 1908 laudat
532 1880 606 1908 illud
628 1880 707 1908 Livii
730 1879 796 1913 111,
818 1880 855 1907 47
872 1879 910 1906 de

200 1919 319 1956 Appio:
358 1917 452 1945 Tanta
478 1917 521 1944 vis
543 1918 677 1945 amentiae
705 1916 800 1944 varius
825 1927 911 1954 qnam

200 1956 309 1983 autoris
319 1959 437 1983 mentem
447 1954 704 1983 turbat·erat.—72
718 1955 810 1982 omine
822 1959 914 1982 Innio:

202 1993 277 2031 ipsis
288 1993 418 2021 lacrimis
432 1993 573 2020 ominosis
595 1993 651 2030 (ef.
667 1993 738 2020 Not.
753 1993 789 2020 ad
802 1992 914 2020 Tibull.

200 2031 229 2064 l,
244 2032 273 2064 3,
287 2031 341 2067 13)
361 2030 389 2058 in
404 2030 488 2059 exitu
506 2032 543 2058 ad
559 2040 700 2068 pugnam.
723 2030 855 2058 Prorsus
872 2030 908 2057 ad

201 2067 328 2097 Homeri
349 2069 472 2096 ductum
496 2068 535 2096 Il.
558 2081 588 2102 ω,
609 2069 678 2097 218.
691 2069 760 2096 219.
775 2068 813 2095 ef.
831 2068 869 2096 11.
883 2072 907 2102 ζ,

200 2108 259 2136 486
275 2107 421 2144 sqq.-·7b'
432 2107 618 2144 Comparant
629 2107 669 2134 ΙΙ.
682 2120 710 2141 7,
726 2107 764 2134 (58
776 2116 842 2144 sqq.

240 2145 279 2173 83
298 2145 426 2172 Poetico
444 2154 526 2172 more
539 2153 684 2181 equorum
701 2154 795 2180 genus
813 2148 908 2172 ornat.

203 2183 279 2210 Sunt
291 2182 421 2210 hiTurni
431 2182 544 2219 equiex
553 2183 691 2216 Thracia,
705 2183 813 2210 Boreae
823 2182 906 2216 sede,

204 2222 291 2257 cujus
306 2229 384 2248 uxor
399 2220 541 2257 Orithyia
560 2230 598 2248 ex
615 2221 734 2248 Attica:
757 2221 797 2248 cf.
813 2221 907 2257 Apol-

203 2258 262 2286 los.
277 2259 305 2291 I,
318 2259 375 2286 211
391 2267 458 2296 sqq.
498 2259 524 2286 A
539 2258 648 2286 Boreae
662 2262 762 2286 autem
783 2267 855 2286 cura
877 2268 906 2286 e-

203 2306 330 2334 quorum
340 2296 447 2324 laudes
461 2299 602 2332 repetunt
612 2297 712 2333 po'e‘tae
725 2296 830 2329 3etiam
846 2295 912 2324 Ho-

204 2343 317 2362 merus.
378 2334 457 2362 Nam
485 2333 693 2367 Erichthonio,
721 2333 854 2362 Dardani
881 2334 914 2368 f.,

207 2376 291 2399 erant
315 2381 401 2409 equae
416 2382 433 2400 a
449 2371 561 2405 Borea,
576 2371 652 2399 adeo
675 2372 704 2399 in
725 2380 835 2408 equum
850 2381 915 2399 mu-

204 2412 279 2442 tato,
293 2413 464 2447 prognatae:
486 2409 525 2437 ΙΙ.
540 2422 563 2442 v,
584 2410 642 2437 223
671 2419 749 2446 sqq„
774 2410 915 2447 quemad-

206 2447 327 2474 modum
350 2447 479 2475 Achillis
502 2456 595 2485 equos
619 2457 657 2475 ex
676 2447 812 2475 Podarce
832 2447 912 2475 Har-

207 2484 277 2521 pyia
298 2489 474 2522 susceperat
496 2485 656 2523 Zephyrus
680 2485 718 2512 ΙΙ.
744 2498 774 2518 π,
792 2486 847 2513 150
867 2495 912 2522 sq.

207 2521 286 2557 Quae
303 2524 401 2551 omnia
413 2523 601 2551 celeritatem
610 2532 716 2550 cursus
724 2523 914 2551 adumbrant.

206 2559 350 2596 Antiquis
372 2561 449 2588 enim
464 2567 527 2589 erat
541 2561 717 2598 phantasma
732 2561 761 2588 iu
778 2571 913 2589 sermone

205 2597 334 2624 hominis
350 2600 549 2631 ἐνθουσιῶντα,
560 2604 593 2626 ut
608 2599 705 2627 ventis
717 2603 818 2627 natum
831 2599 909 2627 dice-

204 2638 253 2664 ret
272 2644 381 2672 equum
396 2635 752 2665 velocissimum—decas
773 2637 802 2665 h.
824 2637 844 2664 1.
865 2642 910 2670 γέ-

204 2685 264 2709 ρας,
280 2682 386 2703 munus
406 2673 525 2703 honoris
540 2684 631 2704 causa
644 2675 758 2704 datum.
774 2685 821 2712 ap.
845 2675 909 2704 Ho-

948 1584 1021 1603 mer.
1032 1580 1194 1609 &winath—
1202 1573 1260 1608 Qui
1268 1573 1401 1607 candore,
1410 1572 1527 1601 ornavit
1539 1572 1654 1602 Home-

948 1613 1041 1641 ricum
1066 1613 1104 1641 ll.
1126 1626 1150 1647 κ,
1165 1614 1234 1641 437.
1250 1613 1290 1641 cs.
1306 1613 1344 1640 Il.
1360 1625 1391 1645 π,
1408 1613 1480 1640 149:
1503 1625 1529 1643 τ,
1548 1612 1655 1640 415.-

947 1653 985 1679 85
1020 1652 1161 1678 lacessunt
1175 1650 1279 1688 plausa
1301 1654 1403 1678 ornate
1424 1659 1478 1686 pro
1500 1649 1656 1686 plaudunt.

948 1689 1028 1717 cons.
1043 1690 1099 1717 Ge.
1116 1689 1181 1722 Ill,
1204 1690 1271 1721 Iso,
1288 1690 1324 1716 de
1349 1698 1421 1716 voce
1436 1688 1576 1715 lacessere
1592 1687 1655 1714 vid.

948 1728 985 1755 ad
1003 1727 1048 1761 X,
1066 1728 1189 1755 10.-87
1204 1726 1378 1765 squalentem
1392 1736 1477 1758 auro,
1492 1725 1653 1762 splenden-

948 1770 1008 1793 tem
1023 1775 1027 1791 z
1051 1776 1079 1793 v.
1091 1765 1128 1792 ad
1142 1765 1185 1798 X,
1199 1766 1266 1793 314.
1280 1765 1343 1792 albo
1357 1763 1510 1791 orichalco.
1531 1763 1606 1790 Cum
1616 1763 1655 1790 (le

948 1803 1080 1831 metallis
1101 1803 1218 1831 omnino
1241 1802 1346 1837 multa,
1361 1802 1417 1830 tide
1429 1811 1533 1839 parum
1549 1800 1655 1837 explo-

949 1847 1022 1874 rata,
1036 1841 1199 1870 crediderit
1213 1845 1362 1869 vetustas:
1386 1841 1474 1868 etiam
1491 1838 1656 1876 pretiosum

953 1879 1073 1916 aliquod
1094 1884 1123 1907 et
1144 1888 1216 1906 auro
1238 1878 1409 1916 proximum
1425 1877 1578 1906 metallum
1590 1886 1657 1904 nar-

952 1921 1017 1944 rant
1040 1918 1140 1953 po'etae
1162 1920 1334 1950 ζιρείχαλκον,
1355 1926 1385 1944 v.
1407 1925 1434 1944 e.
1457 1916 1571 1952 Hymn.
1591 1914 1657 1942 Ho-

955 1964 1028 1982 mer.
1045 1955 1082 1988 V,
1093 1957 1123 1987 9,
1134 1956 1210 1983 male
1222 1965 1238 1983 a
1252 1954 1400 1982 nonnullis
1412 1953 1564 1982 redditum
1577 1952 1656 1980 auri-

956 1992 1101 2021 chalcum.
1116 1994 1157 2021 cf.
1178 1993 1207 2020 11.
1223 1993 1247 2020 1.
1263 1993 1368 2027 Serv.3
1390 1991 1485 2019 fuisse
1498 1990 1571 2018 illud
1587 1990 1656 2018 aeris

952 2040 1045 2065 genus
1061 2031 1181 2067 aliquod
1197 2030 1353 2068 pallidius,
1371 2038 1409 2056 ex
1424 2029 1477 2056 hoc
1489 2028 1656 2065 Virgiliano

949 2068 1018 2095 loeo
1033 2068 1198 2104 colligitur.
1215 2077 1241 2095 v.
1260 2068 1401 2095 Bochart.
1417 2066 1543 2094 Hieroz.
1561 2066 1656 2094 P.11.

949 2106 1008 2138 VI,
1021 2107 1146 2134 Iti—ss
1166 2109 1247 2143 aptat
1260 2104 1396 2138 habendo,
1421 2105 1458 2132 ad
1476 2104 1655 2137 habendum,

950 2147 982 2172 ut
993 2144 1092 2176 Serv.,
1108 2143 1137 2171 h.
1151 2154 1177 2170 e.
1194 2147 1225 2170 ut
1238 2143 1340 2171 haberi
1355 2142 1508 2170 commode
1522 2152 1656 2170 manuae

948 2181 1068 2209 tractari
1084 2181 1199 2218 possit3
1214 2180 1366 2218 explorat,
1380 2190 1415 2208 an
1431 2179 1539 2208 habilis
1556 2179 1596 2208 sit
1605 2190 1657 2208 en-

949 2220 990 2248 sis
1001 2229 1008 2254 ;
1021 2219 1172 2256 quomodo
1182 2218 1256 2246 alias
1271 2219 1378 2247 efferre
1392 2218 1448 2246 hoc
1460 2217 1575 2246 solebat
1589 2219 1657 2246 Ma-

949 2258 1072 2286 ro.—89
1085 2256 1179 2294 capiti
1195 2260 1277 2294 aptat
1293 2257 1417 2294 galeam.
1438 2265 1546 2284 cornua
1559 2256 1655 2284 crisloe

955 2305 1029 2323 nove
1049 2294 1164 2323 dixisse
1180 2295 1310 2323 videtur.
1349 2294 1474 2322 Servius
1495 2303 1594 2322 comas
1615 2293 1658 2321 in-

955 2336 1150 2370 terpretatur,
1165 2342 1274 2361 cornua
1287 2332 1363 2360 enim
1379 2331 1500 2369 proprie
1513 2341 1580 2359 esse
1595 2331 1656 2359 cin-

957 2371 1071 2399 cinnos.
1092 2370 1235 2399 Fortasse
1250 2371 1342 2399 verba
1356 2369 1515 2398 Diomedis
1530 2369 1615 2397 Iliad.
1627 2375 1658 2402 λ,

956 2410 1013 2437 385
1034 2409 1062 2436 in
1080 2408 1234 2441 Paridem,
1257 2412 1321 2442 κέρα
1335 2411 1435 2441 ἀγλαὲ,
1449 2408 1477 2435 in
1494 2407 1590 2435 animo
1604 2407 1654 2434 ha-

953 2447 1029 2475 buit.
1069 2446 1129 2475 Sed
1145 2456 1160 2474 a
1174 2448 1263 2484 po'e'ta
1275 2445 1425 2482 designari
1442 2446 1561 2473 videtur
1573 2444 1655 2482 galea

953 2484 1066 2522 duplici
1084 2485 1128 2512 vel
1142 2485 1253 2522 triplici
1268 2485 1480 2516 cristam-nata,
1490 2486 1654 2517 τρυφάλεια,

954 2533 1020 2561 quae
1033 2522 1177 2559 explicita
1192 2526 1221 2550 et
1235 2522 1435 2550 discriminata
1450 2521 1478 2547 in
1493 2524 1592 2548 ternas
1607 2521 1653 2548 di—

954 2570 1056 2589 versas
1069 2565 1168 2597 partes
1181 2561 1279 2598 vergit
1294 2570 1327 2588 ac
1342 2563 1435 2587 nutat.
1456 2557 1544 2585 Tales
1558 2564 1654 2594 λόφοι,

950 2609 987 2627 ex
1009 2599 1092 2626 conis
1114 2609 1137 2626 s.
1159 2602 1259 2634 ψάλοις
1281 2598 1342 2625 suis
1365 2597 1559 2634 prodeuntes,
1575 2601 1605 2624 et
1626 2597 1656 2624 in

950 2637 1105 2673 obliquum
1121 2640 1278 2674 vergentes
1291 2646 1324 2664 ac
1339 2634 1549 2672 prominentes,
1563 2644 1655 2672 seque

952 2675 1145 2709 inflectenteS,
1166 2678 1291 2712 potuere
1304 2682 1358 2711 per
1379 2682 1484 2702 cornua
1499 2672 1655 2710 designari.
