1796 3077
243 222 298 267 12

668 214 707 252 P.
740 212 967 252 VIRGILII
999 211 1247 250 MARONIs

239 338 335 392 Ipse
366 351 445 392 ego
474 350 577 377 cana
594 334 728 388 legam
759 342 902 376 tenera
918 334 1111 389 lanugine
1130 334 1251 382 mala,

239 395 547 446 Castaneasque
574 406 714 439 nuces,
746 407 837 431 mea
856 406 958 444 quas
979 390 1201 444 Amaryllis
1219 390 1409 438 amabat3

238 450 409 491 Addam
427 464 547 491 cerea
564 462 710 502 pruna,
727 447 859 487 honos
877 448 954 487 erit
972 448 1070 488 huic
1089 461 1257 501 quoque
1276 462 1400 500 pomo
1416 463 1426 496 3

238 507 299 547 Et
316 522 400 556 vos,
435 522 459 546 o
489 505 605 552 lauri,
641 519 820 558 carpam,
850 511 892 544 et
908 512 964 553 te,
997 505 1187 558 proxima
1216 510 1376 556 myrte3

238 565 307 604 Sic
328 564 473 617 positae
502 561 694 615 quoniam
715 575 860 601 suaves
879 562 1059 602 miscetis
1078 561 1242 600 odores.

1616 558 1640 597 01

1644 556 1670 597 C}

237 619 436 660 Rusticus
456 633 512 667 es,
545 617 753 671 Corydon,
785 631 862 657 nec
881 632 1053 657 munera
1069 624 1187 657 curat
1208 615 1354 656 Alexis
1371 631 1381 663 ;

238 676 345 725 Nec,
378 677 411 715 si
440 675 678 716 muneribus
699 680 845 721 certes,
866 673 1070 713 concedat
1088 672 1213 713 Iolas.

237 732 350 780 Heu,
370 731 467 779 heu,
487 731 588 784 quid
608 729 719 770 volui
736 730 885 770 misero
915 729 1043 770 mihi?
1075 729 1248 769 floribus
1268 727 1472 768 Austrum

237 789 431 830 Perditus
451 794 493 828 et
511 786 676 840 liquidis
706 786 854 826 immisi
872 785 1055 825 fontibus
1075 800 1214 838 apros.

236 845 375 891 Quem
396 844 517 897 fugis
549 842 603 882 ah
624 843 824 883 demens?
854 841 1098 882 habitarunt
1127 842 1169 881 di
1189 854 1357 894 quoque
1388 839 1521 888 silvas,

775 897 926 947 Pallas,
945 913 1048 952 quas
1069 898 1269 947 condidit,
1300 911 1416 937 arces

235 901 560 952 Dardaniusque
583 898 714 938 Paris

1615 839 1671 879 60

235 957 334 1011 Ipsa
351 956 473 1003 colat,
495 956 613 995 nobis
640 954 832 1009 placeant
851 961 947 995 ante
969 956 1104 995 omnia
1126 954 1250 995 silvae.

234 1013 378 1054 Torva
406 1013 536 1053 leaena
554 1011 697 1065 lupum
719 1012 919 1064 sequitur,
939 1011 1061 1065 lupus
1083 1012 1171 1065 ipse
1203 1008 1428 1065 capellam3

233 1070 470 1110 Florentem
487 1069 662 1122 cytisum
682 1069 868 1121 sequitur
886 1067 1038 1108 lasciva
1057 1067 1216 1121 capella
1232 1085 1241 1117 ς

234 1126 300 1167 Te
320 1126 530 1179 Corydon,
557 1140 582 1165 ο
602 1123 752 1174 Alexi3
783 1124 911 1164 trahit
931 1139 1005 1165 sua
1025 1138 1233 1179 quemque
1264 1121 1468 1177 voluptas.

231 1244 273 1268 ra,
285 1238 317 1262 ut
328 1233 435 1266 Eetv,
448 1233 502 1261 38:
524 1232 708 1266 VI‚53.-51
725 1236 933 1260 cana—tenera

231 1272 362 1307 lanuqiue
376 1272 459 1300 mala.
474 1271 548 1299 mala
561 1271 685 1309 cydonia
698 1280 722 1299 s.
739 1275 869 1303 cotonea,
883 1280 933 1298 no-

232 1311 279 1339 bis
290 1305 416 1345 Qnitten,
437 1309 651 1345 (Quinces.S.)
666 1319 731 1347 qua}
745 1319 816 1338 cana
830 1310 893 1337 lana
910 1318 934 1336 s,

231 1348 365 1385 lanugine
387 1348 495 1376 obduci
520 1348 591 1376 satis
614 1352 738 1375 constat.
762 1349 800 1376 οἵ.
824 1347 935 1376 Alcimi

231 1385 410 1425 epigramma
421 1386 538 1414 Anthol.
555 1386 658 1413 Burin.
672 1387 707 1414 T.
723 1386 748 1413 Ι.
770 1397 797 1414 η,
811 1387 878 1414 211.
895 1395 933 1414 ex

230 1425 286 1454 hoc
303 1425 368 1453 loco
380 1434 564 1468 expressum,
584 1424 723 1462 Calpurn.
738 1425 804 1453 Ecl.
819 1425 864 1459 ΙΙ,
886 1425 935 1452 90.

230 1465 279 1497 91,
296 1467 325 1491 et
339 1463 457 1491 Martial
472 1462 515 1496 X,
526 1463 628 1499 42,3.3
653 1463 688 1491 de
703 1463 777 1491 dono
790 1463 855 1501 ipso
871 1463 930 1491 vid.

228 1501 294 1529 infr.
309 1501 376 1530 Ecl.
390 1501 454 1535 ΙΙΙ,
468 1502 518 1529 70.

269 1540 317 1567 52.
338 1539 475 1576 Respicit
488 1539 563 1567 hunc
573 1547 691 1567 versum
706 1539 796 1567 Ovid.
809 1540 874 1568 Aut.
887 1538 932 1567 11.

228 1579 298 1611 267,
313 1578 361 1606 (53.
391 1576 466 1611 1ΙΙ.,
487 1578 642 1605 183.-53.
655 1586 736 1604 cerea
746 1587 852 1614 pruna,
870 1577 932 1604 sive

231 1617 318 1649 flava,
330 1616 393 1643 sive
402 1619 523 1644 matura.
532 1615 575 1643 H.
589 1614 678 1643 Prius
686 1625 786 1643 verum
796 1625 872 1648 esse,
881 1616 930 1643 de-

230 1658 373 1683 monstrat
390 1653 491 1682 Ovidii
510 1654 594 1681 locus
612 1653 735 1681 Metam.
749 1653 848 1687 XIII,
864 1653 931 1683 817.

233 1693 352 1730 Prunaq
356 1702 388 1720 ue
395 1701 542 1730 generosa,
549 1701 689 1729 novasque
695 1691 835 1719 imitantia
841 1701 931 1720 cerus.

235 1731 283 1760 W.
311 1732 357 1759 Ne
370 1734 469 1758 autem
486 1730 582 1758 hiatus
597 1729 734 1761 offendat,
751 1729 888 1766 aspiratio
904 1730 931 1758 in

230 1769 318 1797 honos
329 1768 434 1796 fortius
447 1770 493 1795 est
507 1766 660 1794 efferenda.
700 1767 741 1794 Et
759 1767 868 1804 aliquid
882 1768 932 1795 tri-

230 1807 379 1835 buendum
402 1809 447 1833 est
469 1814 604 1832 caesurae.
624 1803 668 1832 H.
707 1804 766 1832 Sed
781 1805 867 1832 etiam
887 1805 929 1833 sic

232 1845 301 1872 mihi
312 1843 418 1877 hiatus,
430 1843 465 1871 ab
480 1842 529 1870 illo
541 1842 643 1876 111,6.
658 1842 805 1877 diversus,
815 1843 855 1870 ita
869 1843 929 1872 dis-

230 1882 333 1920 plicet,
354 1886 387 1909 ut
399 1881 553 1910 lectionem
566 1885 592 1908 et
607 1881 695 1908 Itonos
707 1881 808 1909 reduci
822 1881 930 1909 malim.

232 1920 370 1958 Et-—quo
392 1929 424 1947 ue
433 1919 510 1956 apud
519 1919 609 1948 Ovid.
621 1918 677 1956 Ep.
687 1918 780 1950 XVI.
791 1920 839 1947 92.
865 1919 928 1947 Ad-

231 1958 273 1987 dit
295 1963 321 1986 et
345 1930 489 1994 (αἵ-[κεῖσε
511 1957 583 1984 hunc
602 1967 711 1995 quoque
736 1958 823 1994 Troia
847 1957 929 1985 diem.

231 1996 422 2024 constructio
437 2005 508 2024 vero
522 1995 633 2023 variata
650 2005 715 2032 pro:
753 1995 868 2024 Addam
885 2005 929 2023 ce-

232 2044 284 2062 rea
293 2044 401 2072 pruna,
415 2038 443 2062 et
464 2034 514 2061 hoc
532 2043 642 2071 quoque
653 2043 766 2071 pomum
778 2033 932 2064 honorabo.

237 2073 363 2102 W.—54
384 2072 517 2109 proxima
544 2075 645 2109 myrta,
675 2082 742 2109 quae
769 2072 797 2099 in
819 2072 932 2101 calatho

233 2111 369 2149 proxima
379 2109 486 2139 laureis
500 2110 651 2138 frondibus
664 2114 804 2147 ponetur,
824 2114 852 2139 et
864 2111 933 2148 jun-

233 2154 341 2185 guntur
363 2150 432 2177 fere.
456 2159 486 2177 v.
506 2148 612 2177 Horat.
633 2147 691 2176 Od.
707 2149 771 2183 ΙΙΙ,
794 2149 822 2177 4.
844 2149 931 2177 19.—

234 2186 350 2215 Laurus
362 2196 433 2215 vero
450 2196 505 2214 non
525 2190 572 2215 est
589 2186 758 2224 accipienda
777 2187 814 2215 de
834 2197 868 2215 eo
883 2198 931 2226 ge-

234 2235 313 2259 nere,
327 2225 405 2262 quod
420 2225 586 2252 accuratius
602 2224 798 2253 lam-ocerasns
812 2225 931 2260 dicitur,

233 2267 264 2292 et
277 2273 380 2291 versus
396 2262 479 2291 finem
490 2262 593 2291 sarculi
606 2263 685 2291 XVI
698 2273 735 2291 ex
749 2265 932 2301 Trapezunte

233 2305 264 2329 et
284 2300 534 2338 Constantinopoli
557 2301 593 2328 ad
618 2300 669 2329 has
693 2305 785 2330 terras
811 2301 930 2331 allatum

233 2340 301 2373 suit,
336 2339 388 2367 sed
413 2339 449 2367 de
472 2349 507 2367 ea
524 2338 617 2372 lauro,
651 2349 717 2382 quae
739 2340 767 2368 in
795 2340 876 2369 Silvis
901 2346 931 2370 et

235 2378 367 2416 smpibus
392 2376 501 2414 passim
545 2387 575 2405 er
600 2377 716 2406 Italiam
744 2378 861 2407 visitur.
885 2379 929 2407 H.

235 2416 318 2444 Bene
331 2416 366 2443 ad
376 2415 501 2453 nyx-estin
526 2425 579 2443 ona
590 2424 618 2444 v.
631 2416 757 2444 45—55.
771 2417 929 2455 descripta.

235 2454 386 2492 Propertii
403 2453 500 2481 locum
519 2453 697 2482 simillimum
716 2454 778 2489 ΙΙΙ,
802 2456 837 2483 13
851 2457 931 2494 (ss),

234 2493 361 2520 ‘AY—33.
382 2491 564 2528 comparavit
576 2491 621 2529 H.
632 2493 767 2523 Vossius.
786 2493 831 2522 W.

272 2530 312 2558 56
350 2529 505 2558 Retractat
531 2539 605 2557 nunc
635 2530 713 2559 dicta
744 2541 796 2559 sua
822 2535 932 2569 pastor.

234 2567 373 2597 Rusticus
387 2578 428 2602 eS,
450 2568 568 2596 stultus.
589 2567 678 2603 Iohzs,
698 2570 831 2599 dominus
846 2571 930 2607 pueri

235 2607 324 2644 hujus
335 2605 463 2635 delicati.
503 2605 642 2634 Fluctuat
656 2611 751 2635 antem
774 2607 803 2636 in
823 2618 886 2646 sqq.
901 2612 929 2637 et

235 2644 326 2673 variis
341 2644 420 2673 euris
431 2645 560 2681 jactatur
574 2644 671 2672 miseri
686 2647 807 2674 amantis
817 2646 929 2675 animus

237 2683 272 2710 ad
285 2683 403 2711 diversa
416 2682 728 2720 abreptus.—Versum
741 2685 780 2713 58
795 2684 835 2713 ita
845 2685 929 2713 intel-

235 2720 312 2758 ligo:
334 2731 379 2751 me
400 2720 552 2750 miserum!
575 2721 626 2760 qui
648 2731 798 2753 munerum
813 2723 933 2754 mentio·

971 1240 1035 1259 nem
1047 1231 1115 1266 feci,
1131 1231 1238 1271 quibus
1249 1235 1278 1259 te
1293 1240 1461 1268 expugnare
1477 1234 1505 1258 et
1520 1229 1589 1257 mihi
1604 1239 1673 1257 con-

972 1270 1070 1298 ciliare
1084 1271 1188 1299 vellem
1200 1280 1208 1305 3
1221 1280 1307 1308 quani
1322 1280 1394 1297 mean
1409 1279 1507 1297 causa&
1522 1268 1595 1296 male
1610 1267 1675 1305 ipse

973 1309 1116 1343 consului,
1132 1319 1210 1341 cum,
1224 1312 1257 1337 ut
1270 1318 1420 1336 nnmerum
1433 1307 1573 1335 rationem
1586 1307 1674 1335 habe-

974 1356 1031 1378 res.
1045 1351 1074 1375 te
1087 1347 1230 1376 hortarer!
1255 1347 1344 1376 habes
1359 1346 1433 1374 enim
1454 1346 1556 1374 herum
1578 1349 1673 1378 tuum,

972 1390 1141 1421 amatorem,
1155 1386 1205 1425 qui
1220 1386 1311 1414 inulto
1325 1385 1483 1423 majoribus
1498 1388 1527 1412 te
1540 1393 1674 1412 corrum-

972 1433 1041 1461 pere
1066 1425 1170 1462 possit.
1192 1424 1234 1453 H.
1277 1425 1346 1452 Duo
1369 1423 1525 1461 proverbia
1545 1422 1673 1451 rustico-

971 1471 1037 1490 rum
1052 1463 1099 1491 hic
1118 1463 1187 1501 legi,
1209 1462 1311 1491 statuit
1323 1462 1365 1491 H.
1384 1461 1520 1495 Vossius,
1534 1462 1571 1489 de
1593 1461 1674 1489 Aus-

970 1503 1027 1533 tro,
1050 1506 1137 1530 vento
1157 1502 1186 1529 in
1206 1501 1293 1530 Italia
1315 1500 1490 1538 pernicicm,
1512 1499 1596 1528 hodie
1609 1498 1674 1527 Sci-

971 1548 1052 1567 rocco
1068 1540 1226 1577 appellato,
1246 1539 1338 1577 perite
1362 1548 1460 1577 agens.
1480 1537 1516 1567 W
1518 1538 1673 1567 .-Per‹1i-

970 1580 1027 1610 tus,
1047 1587 1076 1606 n.
1091 1588 1198 1613 amore,
1213 1587 1321 1606 amens.
1335 1577 1401 1606 Ecl.
1417 1577 1512 1610 VIII,
1528 1578 1576 1606 88.

1008 1616 1047 1643 60
1071 1616 1237 1644 habitarunt
1257 1616 1286 1644 ch·
1298 1626 1408 1654 quoque
1423 1616 1520 1644 silvas.
1561 1615 1674 1644 Notum

970 1662 1053 1682 exem
1077 1653 1137 1682 lum
1162 1655 1279 1683 Phoebi.
1313 1654 1402 1683 Ovid.
1428 1654 1494 1683 Art.
1524 1653 1572 1688 II,
1606 1654 1677 1682 239.

970 1691 1056 1720 Tibul
1072 1714 1078 1720 .
1093 1692 1139 1726 II,
1160 1693 1190 1721 3.
1209 1694 1256 1721 ll.
1296 1693 1343 1721 De
1363 1692 1470 1721 Paride
1487 1695 1605 1730 pastore
1627 1702 1675 1720 res

971 1729 1099 1767 vulgata.
1113 1741 1142 1759 v.
1159 1732 1281 1760 Lucian.
1298 1732 1336 1760 D.
1349 1731 1389 1759 D.
1406 1732 1451 1760 16.
1491 1730 1590 1759 Pallas
1602 1739 1674 1758 vero

971 1771 1080 1798 πολιὰς,
1094 1773 1251 1803 πολιοῦχος,
1273 1770 1344 1797 satis
1364 1773 1441 1798 nota.
1459 1779 1489 1798 v.
1517 1768 1674 1806 Spanhem.

970 1805 1005 1846 ad
1021 1805 1136 1834 callim.
1158 1808 1229 1835 Lav.
1251 1807 1327 1835 Pall.
1341 1809 1408 1843 53.;
1428 1817 1495 1835 cum
1510 1811 1605 1836 tamen
1621 1807 1672 1835 ad-

968 1842 1012 1869 dit
1024 1853 1097 1880 quas
1116 1845 1249 1877 condidit,
1269 1845 1397 1873 Athenas
1411 1845 1438 1872 in
1459 1845 1562 1882 primis
1580 1845 1674 1882 respi-

969 1890 1035 1908 cere
1054 1883 1142 1919 poessta
1154 1882 1265 1911 debuit.
1305 1882 1430 1911 Habitet
1441 1883 1576 1911 Minerva
1590 1893 1671 1911 suam

968 1919 1129 1957 acropolim
1150 1931 1216 1958 quae
1237 1921 1265 1948 in
1286 1921 1351 1958 ejus
1373 1921 1465 1948 tutela
1478 1925 1534 1949 est.
1574 1921 1671 1950 Etiam

967 1956 1032 2000 haec
1054 1958 1152 2001 paullo
1174 1959 1318 1992 doctIOra,
1342 1969 1428 1997 quam
1451 1968 1506 1997 pro
1521 1962 1673 1997 pastorum

968 2004 1091 2034 ingemo.

1009 2035 1047 2062 63
1069 2035 1117 2063 Ex
1132 2035 1256 2064 Theocr.
1277 2035 1322 2070 X,
1343 2036 1392 2063 30.
1411 2036 1460 2064 31.
1500 2035 1562 2064 Hic
1578 2036 1671 2073 Cory-

970 2071 1027 2100 don
1039 2072 1114 2102 inter
1128 2074 1198 2102 alias
1212 2073 1299 2103 animi
1320 2074 1474 2102 aestuantis
1485 2083 1572 2102 curas
1587 2074 1672 2102 ardo-

970 2110 1012 2138 ris
1035 2111 1080 2139 sui
1099 2112 1299 2141 incredibilem
1315 2112 1375 2140 vini
1398 2116 1428 2140 et
1448 2112 1588 2150 impetum
1609 2112 1672 2141 sive

971 2158 1117 2186 exponere
1144 2151 1207 2179 sive
1222 2160 1366 2179 excusare
1384 2151 1531 2188 putandus
1554 2154 1617 2179 est:
1639 2161 1672 2179 se

972 2187 1036 2215 scil.
1050 2197 1106 2216 non
1120 2189 1214 2217 minus
1227 2189 1311 2227 pueri
1324 2199 1421 2217 amore
1435 2193 1571 2222 mstuare,
1584 2199 1671 2227 quani

970 2224 1082 2254 leonem
1101 2227 1173 2264 lupi,
1186 2227 1290 2265 lupum
1304 2227 1436 2265 capellae,
1452 2228 1597 2265 capellum
1621 2238 1672 2265 cy-

970 2263 1019 2291 tisi
1033 2264 1340 2302 cupiditate—Torva
1355 2269 1401 2294 est
1418 2266 1592 2299 truculenta,
1604 2265 1672 2303 ipso

971 2307 1093 2340 aspectu
1117 2304 1266 2337 terribilis,
1287 2307 1422 2340 βλοσυριὶ.
1462 2304 1551 2342 Sequi
1574 2308 1671 2333 autem

970 2349 1025 2368 non
1051 2351 1105 2370 uno
1131 2351 1218 2370 sensu
1239 2343 1376 2380 ponitur',
1403 2342 1459 2371 alio
1483 2343 1559 2371 enim
1583 2342 1671 2371 modo

969 2378 1105 2417 Corydon
1119 2379 1226 2409 Alexin
1246 2381 1389 2418 sequitur,
1409 2391 1495 2419 quam
1512 2381 1600 2419 lupus
1621 2390 1670 2408 ca-

968 2419 1137 2454 pran1.-—G4
1159 2418 1276 2457 Cytisus
1292 2419 1407 2448 fruticis
1427 2429 1528 2457 genuS,
1551 2419 1670 2447 rhamno

973 2455 1077 2489 simile,
1091 2455 1188 2485 colore
1202 2457 1354 2491 albicante,
1373 2459 1461 2486 ramis
1480 2458 1542 2487 fere
1556 2457 1670 2485 cubita-

970 2493 1059 2528 libus,
1074 2495 1207 2532 jucundo
1229 2496 1363 2524 fohorum
1381 2497 1471 2525 odore
1498 2499 1528 2524 et
1555 2504 1672 2533 sapore,

971 2532 1075 2574 apibus
1091 2537 1120 2561 et
1133 2534 1230 2571 capris
1249 2538 1373 2573 gratum.
1412 2535 1590 2563 Nostrorum
1610 2532 1669 2570 Cy-

969 2574 1040 2599 tzsus
1056 2570 1214 2601 Marantoe.
1234 2583 1262 2600 v.
1282 2572 1359 2602 Plin.
1373 2571 1470 2602 XIII.
1482 2572 1530 2600 24.
1553 2572 1608 2600 Ge.
1621 2571 1670 2607 ΙΙ,

968 2610 1034 2637 431.
1056 2610 1111 2638 etsi
1131 2610 1179 2639 alii
1204 2615 1373 2650 repugnant.
1412 2609 1570 2639 Fluctuant
1592 2609 1669 2638 enim

968 2647 1042 2676 inter
1055 2648 1160 2677 doctos
1182 2649 1331 2679 hotanices
1345 2653 1480 2678 auctores
1501 2649 1560 2677 fere
1573 2648 1668 2676 omnia

969 2685 1043 2720 lure,
1063 2697 1129 2725 quae
1144 2688 1180 2716 de
1194 2688 1407 2727 comparatione
1420 2691 1553 2716 veterum
1574 2686 1667 2715 nomi·-

971 2734 1039 2755 num
1053 2735 1119 2756 cum
1130 2726 1339 2758 recentioribus
1347 2727 1506 2766 jactantur.
1517 2725 1562 2756 H.
1583 2724 1668 2756 Geis-
