1796 3077
580 200 850 243 AENEIDOS.

907 200 1008 242 ΜΒ.
1039 203 1054 240 1
1063 198 1111 241 V.
1490 206 1584 252 335

127 324 314 368 Confieri
333 324 479 381 possit,
502 324 664 379 pauciS‚
685 325 874 374 adverte,
897 324 1075 366 docebo.

127 381 340 425 Venatum
361 381 524 423 AEneas
544 397 712 436 unaque
732 382 963 423 miserrima
985 381 1102 422 Dido

125 439 176 481 In
196 454 340 481 nemus
361 440 422 480 ire
443 445 608 494 parant,
628 439 702 480 ubi
722 439 879 493 primos
899 438 1105 479 crastinus
1127 443 1245 477 ortus

126 495 342 537 Extulerit
362 495 506 546 Titan,
526 496 739 550 radiisque
761 495 963 536 retexerit
983 495 1142 535 orbem.

124 553 208 594 His
229 568 309 607 ego
330 554 566 607 nigrantem
587 553 811 594 commixta
831 551 1035 606 grandine
1057 551 1258 599 nimbum,

125 609 242 650 Dum
263 610 477 664 trepidant
498 609 587 659 alae,
610 609 824 663 saltusque
845 608 1043 662 indagine
1064 607 1250 661 cingunt,

125 664 327 721 Desuper
347 666 578 716 infundam,
606 674 649 707 et
669 667 827 707 tonitru
847 664 1000 706 coelum
1021 679 1143 705 omne
1165 664 1300 705 ciebo.

124 723 366 778 Diffugient
385 724 571 772 comites,
592 730 635 763 et
655 730 779 763 nocte
800 729 996 776 tegentur
1018 736 1173 775 opaca:

124 779 381 834 Speluncam
401 780 518 820 Dido
538 779 627 819 dux
647 794 670 820 e
695 778 910 832 Trojanus
930 778 1121 818 eamdem

124 836 378 878 Devenient.

124 893 348 934 Connubio
362 892 540 946 jungam
561 890 707 953 stabili
719 891 1019 945 propriamque
1041 890 1206 931 dicabo.

124 949 210 990 Hic
231 949 489 1003 Hymenaeus
510 948 602 989 erit.

124 1006 301 1055 Annuit,
323 1013 450 1059 atque
472 1004 578 1046 dolis
599 1005 690 1045 risit
711 1004 925 1058 Cytherea
945 1005 1137 1058 repertis.

182 1063 403 1104 Oceanum
422 1063 584 1103 interea
604 1076 780 1116 surgens
801 1060 972 1101 Aurora
991 1060 1203 1114 relinquit.

124 1120 165 1160 lt
185 1120 331 1174 portis,
349 1119 502 1173 jubare
523 1127 688 1166 exorto,
711 1117 875 1158 delecta
889 1119 1114 1171 juventus3

126 1176 254 1217 Retia
273 1190 380 1224 rara,
401 1175 552 1229 plagae,
572 1174 658 1215 lato
679 1173 887 1214 venabula
908 1174 1036 1222 ferro,

125 1232 386 1286 Massylique
406 1239 534 1272 ruunt
555 1231 733 1285 equiteS,
755 1237 797 1270 et
817 1230 950 1270 odora
970 1244 1119 1271 canum
1139 1230 1214 1269 vis.

125 1289 336 1343 Reginam
357 1288 541 1329 thalamo
560 1294 828 1328 cunctantem
849 1286 905 1326 ad
925 1286 1065 1327 limina
1086 1287 1208 1340 primi

124 1345 356 1387 Poenorum
377 1352 640 1399 exspectant,
663 1351 863 1396 ostroque
884 1342 1057 1396 insignis
1079 1351 1122 1383 et
1143 1356 1246 1382 auro

125 1403 219 1443 Stat
240 1403 418 1456 sonipes,
440 1417 488 1442 ac
506 1401 624 1442 frena
640 1400 762 1441 ferox
784 1401 1020 1453 spumantia
1038 1399 1212 1439 mandit.

1504 549 1584 589 120

441 835 600 883 Adero,
622 842 677 883 et,
700 842 774 875 tua
795 835 828 874 si
847 834 951 874 mihi
971 842 1086 875 certa.
1104 832 1309 882 voluntas,
1506 833 1584 873 125

662 947 765 988 Non
786 947 1006 988 adversata
1026 948 1188 1001 petenti

1507 1116 1585 1156 130

1503 1398 1582 1438 135

125 1459 321 1500 Tandem
340 1458 625 1513 progreditur,
645 1471 797 1511 magna
817 1456 998 1509 stipante
1020 1463 1201 1504 caterva,

126 1516 341 1556 Sidoniam
361 1515 474 1568 picto
496 1513 761 1567 chlamydem
779 1512 1037 1553 circumdata
1055 1511 1185 1552 limbo
1203 1528 1211 1560 ;

124 1572 205 1613 Cui
225 1572 425 1627 pharetra
445 1586 499 1612 ex
520 1586 635 1620 auro,
658 1570 792 1611 crines
812 1569 1024 1609 nodantur
1044 1569 1086 1610 in
1107 1582 1267 1616 aurum,

122 1684 266 1719 laborem,
288 1683 439 1714 Jovemin
464 1682 640 1712 sententiam
659 1691 742 1711 suam
785 1691 827 1711 er-

122 1723 262 1757 ducendi,
284 1723 452 1761 deposcere
473 1721 595 1750 videtur
607 1722 737 1751 Juno.—-
768 1724 830 1749 ete-

121 1771 189 1790 rum
204 1761 282 1799 quod
294 1762 383 1790 instat
398 1760 519 1799 proprie
531 1760 645 1789 dictum
658 1769 731 1798 pro:
751 1759 832 1796 quod

124 1801 328 1838 peragendum
342 1804 399 1833 est,
415 1803 448 1827 ut
463 1799 544 1836 apud
556 1798 667 1837 Nepot.
687 1798 792 1827 Them.
805 1807 833 1826 c.

126 1840 152 1867 l.
173 1839 206 1867 cle
230 1838 404 1867 instantibus
428 1838 573 1866 verissime
587 1835 750 1881 judicabat.
782 1835 830 1865 W.

123 1876 201 1905 Mox
216 1877 377 1906 miserrima
392 1876 484 1909 Dido,
506 1885 646 1914 quomam
668 1875 698 1904 iu
723 1884 830 1913 magno

123 1925 225 1944 amore
237 1916 358 1954 proprie
370 1914 481 1944 dicitur
491 1914 732 1943 miserum-120
747 1913 831 1953 Ergo

123 1953 269 1983 habemus
284 1959 313 1983 et
334 1954 383 1982 hic
397 1953 544 1983 Junonem
563 1956 775 1989 κεραυνοβόλου,
797 1956 831 1981 ut

124 2001 192 2030 sup.
214 1993 242 2027 1,
263 1993 302 2021 42
324 1992 599 2022 Minervam—121
620 1991 684 2020 alas
704 1990 828 2020 Servius

123 2031 161 2060 de
176 2031 326 2069 equitibus
340 2031 466 2069 accepit,
486 2040 575 2069 quem
597 2034 761 2068 sequuntur
780 2030 829 2058 alii

125 2069 183 2098 viri
204 2070 295 2104 docti,
319 2075 352 2099 ut
374 2070 419 2098 illi
441 2069 591 2108 trepident,
613 2068 768 2097 festinent:
791 2069 828 2097 de

124 2107 196 2142 illis,
221 2109 272 2146 qui
295 2109 462 2147 indaginem
485 2108 681 2140 constituunt,
705 2111 756 2136 aut
776 2107 827 2145 qui

127 2146 219 2175 silvas
247 2146 370 2185 agitant,
401 2151 436 2176 ut
458 2146 539 2175 feras
571 2146 738 2180 excutiant,
766 2146 828 2174 alii.

127 2184 205 2213 Mihi
225 2194 341 2223 semper
360 2185 475 2224 placuit
491 2185 542 2214 illa
560 2185 647 2218 ratio,
669 2189 702 2213 ut
720 2184 775 2213 uloe
789 2185 828 2214 de

127 2223 225 2261 pinnis
245 2223 276 2251 in
289 2224 447 2253 formidine
460 2224 516 2261 (cf.
530 2225 584 2253 Ge.
598 2224 665 2258 III,
686 2223 761 2261 372)
779 2233 827 2252 ac—

125 2261 669 2329 ⁰3222²¹255a55223512ffl33²²22¹¹³-0ffl
689 2262 827 2329 iamsi&

123 2310 139 2328 s
212 2312 216 2316 -
593 2311 636 2329 ειη
659 2311 695 2329 un
712 2322 720 2330 .
785 2311 828 2329 111

127 2312 335 2368 auctoilitatem
350 2311 427 2367 ’‘iluic
447 2311 685 2378 intperpgrletatioqni
712 2339 828 2368 laudari

127 2387 218 2415 posse
239 2382 313 2416 puto
331 2377 383 2406 lib.
399 2377 446 2412 ΙΙ,
465 2378 612 2413 417-19,
634 2378 686 2406 ubi
698 2378 726 2406 h.
744 2378 764 2406 l.
781 2388 828 2406 re-

127 2416 236 2454 spicit:
271 2417 295 2445 it
320 2417 428 2445 clamor
454 2416 493 2444 ad
517 2426 606 2445 αιιηιε
632 2416 830 2455 Latratusque

125 2465 238 2489 czmum,
254 2454 402 2494 subitoque
415 2455 555 2484 exterrita
568 2455 660 2484 nimbo
677 2454 829 2484 Occultum

127 2493 182 2522 alae
195 2501 346 2523 venantum
360 2501 482 2531 corpora
493 2493 583 2528 silvis,
603 2493 632 2522 h.
647 2503 673 2522 e.
690 2498 829 2522 venantes

123 2531 259 2562 latebant
277 2537 349 2571 post
361 2532 422 2561 alas
437 2531 716 2570 indaginum.-l2·2
728 2542 828 2561 move-

124 2570 166 2600 bo
186 2571 314 2600 tonitrua
333 2581 387 2609 per
409 2575 506 2599 totum
524 2570 684 2599 coelum.—
716 2570 827 2600 deveni-

125 2613 174 2637 ent
185 2610 255 2648 spel.
269 2609 530 2639 Constructionem
543 2609 637 2638 refert
651 2609 678 2636 V
712 2629 718 2636 .
733 2609 781 2638 Fl.
797 2610 826 2644 I,

124 2647 193 2676 843.
214 2647 302 2677 silvas
321 2659 336 2677 c
403 2659 489 2687 osque
502 2648 642 2677 devenire.
661 2648 826 2685 W.)—1·26

128 2686 243 2716 Versus
271 2687 349 2716 idem
398 2709 406 2721 ,
431 2689 480 2717 73.
509 2688 660 2718 Laudatur
686 2687 824 2716 honestas

124 2725 283 2755 verborum
300 2726 350 2756 tali
362 2725 390 2756 in
405 2736 448 2756 re.

909 1682 967 1710 129
980 1680 1180 1709 Homericum
1191 1682 1256 1709 Ἠὼς
1268 1682 1317 1713 μὲν
1329 1684 1515 1713 κροκόπεπλος
1529 1684 1578 1709 ἀπ’

870 1721 1009 1748 Ὠκεανοῖο
1031 1722 1120 1756 ῥοάων
1138 1723 1251 1753 ’Ώρνντο
1272 1719 1384 1755 passim
1405 1719 1576 1748 obvium.—

873 1759 1027 1786 130—132
1041 1758 1078 1786 cf.
1099 1758 1280 1795 interpretes
1298 1758 1334 1785 ad
1350 1757 1446 1786 Gratii
1460 1758 1577 1796 Cyneg.

871 1796 940 1832 223,
958 1796 1065 1834 jubare
1086 1796 1113 1825 h.
1130 1796 1151 1824 l.
1173 1795 1256 1824 solis.
1297 1795 1397 1824 Nimis
1424 1796 1579 1825 subtiliter

870 1834 993 1864 Servius
1008 1836 1044 1864 ad
1058 1834 1233 1863 Luciferum
1254 1834 1356 1863 refert.
1396 1834 1445 1871 (Si
1462 1835 1577 1872 Heynii

870 1873 1143 1912 interpretationem
1157 1872 1360 1911 amplecteris,
1382 1873 1575 1903 scribendum

869 1912 990 1941 videtur
1013 1911 1141 1950 reliquit,
1168 1912 1247 1950 quod
1271 1915 1301 1940 et
1324 1911 1354 1939 in
1377 1911 1531 1945 Mediceo,
1559 1923 1576 1941 a

871 1960 960 1980 manu
988 1951 1197 1980 emendatrice.
1217 1950 1472 1989 lisy—Massyli
1498 1950 1526 1978 h.
1555 1950 1576 1980 l.

869 1989 967 2028 simpl.
984 1990 1022 2018 de
1035 1989 1128 2019 Afris.
1144 1989 1232 2018 odora
1245 1998 1347 2017 cauum
1362 1989 1418 2023 vis,
1432 1993 1502 2017 nota
1516 1990 1575 2018 for-

868 2038 916 2056 ma
930 2028 1091 2057 Homerica
1110 2031 1158 2064 βίη
1173 2031 1324 2062 Πριάμοιο;
1346 2028 1470 2065 proprie
1487 2038 1574 2058 canes

867 2067 1065 2103 robusti.ficla
1075 2077 1175 2095 canum
1188 2066 1232 2094 vis
1241 2068 1303 2103 jam
1314 2065 1473 2094 Lucretius
1484 2067 1575 2104 praei-

867 2110 963 2134 verat.
976 2106 1015 2134 cf.
1030 2104 1216 2143 VVesseling.
1232 2105 1324 2132 Obss.
1338 2104 1386 2137 ΙΙ,
1403 2105 1451 2138 14,
1469 2105 1575 2133 odorus

867 2154 953 2178 nove,
976 2143 1026 2182 qui
1041 2144 1163 2172 odorem
1184 2143 1319 2180 sequitur
1334 2152 1436 2181 sagax.
1459 2142 1574 2181 (playae

866 2187 995 2211 —runnt
1008 2182 1127 2220 equites.
1159 2181 1248 2210 Retia
1261 2191 1343 2210 ruere
1358 2181 1499 2210 dicuntur
1518 2192 1575 2225 pro

866 2221 1004 2250 celeriter
1017 2221 1099 2250 ferri.
1123 2220 1248 2249 transire
1268 2219 1320 2248 illa
1337 2219 1411 2248 dicit
1423 2219 1572 2250 Horatius

867 2260 925 2298 Ep.
940 2260 968 2294 I,
984 2261 1013 2293 6,
1035 2261 1083 2288 58.
1126 2258 1186 2294 Qui
1207 2268 1288 2287 mane
1303 2258 1410 2296 playa-5
1434 2257 1574 2288 {senabula

866 2308 965 2327 servos
988 2298 1150 2335 Differtum
1177 2296 1302 2326 transire
1320 2298 1422 2334 forum
1439 2297 1572 2335 jubebat.

871 2337 1050 2375 W.)-133
1083 2340 1269 2365 cunctantem.
1309 2335 1432 2364 Servius
1466 2341 1572 2365 acute:

867 2376 1039 2405 morabatur
1055 2375 1155 2404 studio
1175 2374 1326 2413 placendi,
1347 2375 1573 2405 accommodate

869 2416 906 2444 ad
937 2415 1013 2443 illud
1041 2414 1250 2443 Terentianum
1264 2424 1271 2441 :
1304 2413 1371 2442 dum
1400 2412 1570 2449 moliuntur,

868 2454 933 2482 dum
946 2458 1106 2486 comuntur,
1127 2462 1218 2480 annus
1237 2456 1289 2481 est.
1329 2451 1443 2480 Vereor
1463 2455 1570 2487 tamen,

868 2496 902 2520 ut
929 2492 967 2520 de
995 2492 1049 2520 hac
1075 2491 1219 2529 elegantia
1246 2490 1427 2528 cogitaverit
1456 2490 1543 2519 Maro
1557 2502 1565 2528 ;

866 2534 1042 2559 cunctantem
1057 2540 1095 2558 ex
1115 2530 1234 2568 poetica
1253 2529 1366 2558 ratione
1381 2529 1501 2567 adjecit,
1523 2539 1570 2557 or-

865 2569 954 2598 nandi
969 2578 1084 2602 caussa,
1106 2578 1171 2597 cum
1186 2572 1351 2606 exspectant
1370 2567 1571 2605 posuisset.—

868 2608 1021 2637 137—139
1036 2607 1200 2645 Chlamyde
1217 2610 1264 2636 est
1283 2606 1388 2635 induta
1408 2615 1570 2644 purpurea,

865 2648 952 2684 cujus
965 2656 1032 2675 oras
1046 2646 1138 2674 ambit
1149 2646 1260 2674 limbus
1276 2655 1331 2674 acu
1346 2645 1394 2674 vel
1407 2644 1490 2673 radio
1506 2644 1570 2681 pic-

866 2690 913 2713 tus
929 2690 959 2714 ct
971 2685 1151 2723 variegatus.
1159 2684 1252 2713 mines
1266 2684 1409 2712 nodantur
1422 2683 1450 2709 in
1466 2692 1567 2711 (mrum

864 2724 982 2754 doctius
1007 2733 1094 2762 quam
1116 2733 1199 2758 auro,
1223 2732 1311 2752 aurea
1326 2721 1428 2754 fascia,
1453 2720 1515 2755 wel,
1537 2726 1569 2750 ut
