1796 3077
580 229 848 270 AENEIDOS.
906 231 1007 268 LIB.
1037 229 1107 269 VI.
1495 229 1590 275 403

137 368 278 400 eorum,
309 354 373 405 qui
398 353 497 392 bello
524 353 725 403 aliquando
755 352 977 397 claruerant,
1007 351 1135 390 multis
1172 352 1391 390 vulneribus
1421 349 1585 387 lacerum

136 409 330 459 conspicit,
360 409 535 457 necisque
565 407 646 457 ejus
674 407 873 456 indignum
902 405 1056 444 modum
1087 407 1134 443 ab
1165 406 1247 457 ipso
1275 402 1585 443 edocetur-534

138 462 285 499 Relicto
305 462 439 499 deinde
459 461 506 498 ad
522 461 656 497 laevam
677 460 850 504 Tartaro,
880 459 1223 509 sceleratorumque
1241 472 1374 510 poenas
1393 472 1415 495 a
1439 453 1585 503 Sibylla

138 515 437 559 edoctus—627,
466 514 514 551 ad
534 514 634 550 Ditis
664 514 782 563 ipsius
800 513 941 549 moenia
958 513 1160 557 contendit,
1191 525 1419 562 aureumque
1438 520 1584 546 ramum

138 568 176 605 in
195 568 278 617 ipso
297 569 412 618 regiae
431 568 557 604 limine
577 567 853 616 defigit—636.
911 565 1004 602 Post
1020 566 1102 602 haec
1117 567 1165 603 ad
1185 566 1460 603 fortunatorum
1479 561 1586 619 sedes

137 621 207 658 iter
226 621 398 666 instituit,
429 630 466 658 et
486 634 507 658 a
534 619 688 657 Musaeo
713 619 762 656 ad
790 628 936 669 patrem
968 632 1078 655 suum
1107 620 1469 669 perducitur—678.
1524 614 1585 650 Ibl

138 673 324 712 Anchises
357 674 515 711 AEneam
545 674 753 710 animarum
780 672 975 721 originem,
1003 673 1268 722 purgationem
1294 681 1331 709 et
1351 681 1587 708 consumma-

136 727 276 765 tionem
304 728 448 771 edocet,
479 727 716 763 Albanorum
746 725 1078 774 Romanorumque
1109 739 1240 776 regum
1259 738 1454 763 recensum
1484 722 1586 764 facit,

136 780 395 830 nobiliumque
415 780 559 829 aliquot
576 779 835 816 Romanorum
858 779 1010 815 nomina
1027 792 1261 827 percurrens,
1281 779 1328 816 ad
1347 777 1437 814 Julii
1458 775 1586 812 Caesa-

135 834 187 870 ris
203 843 240 870 et
254 835 419 883 Augusti
436 833 566 869 laudes
583 832 908 869 descendit—860
924 846 931 873 ς
955 830 1257 882 Marcellumque
1271 831 1442 868 Octaviae
1456 829 1586 873 filium,

134 887 335 923 immatura
353 894 473 924 morte
489 893 672 934 ereptum,
687 885 790 921 miris
810 884 846 920 in
863 883 1000 920 coelum
1020 884 1196 921 laudibus
1212 885 1463 922 effert—888.
1494 882 1588 918 Inde

135 953 201 988 per
221 941 421 976 eburneam
442 947 590 988 portam
625 938 673 974 ad
704 937 869 987 Superos
896 950 1082 986 egressuS,
1113 939 1233 976 socios
1263 938 1401 982 revisit,
1433 936 1588 974 relictis-

137 1005 210 1042 que
230 993 361 1030 Cumis
382 993 551 1042 Cajetam
569 991 673 1041 petit.

139 1099 215 1138 Sic
238 1099 349 1139 fatur
370 1098 602 1149 lacrimans,
626 1100 828 1154 classique
850 1100 1028 1140 inunittit
1050 1099 1250 1147 habenas,

139 1155 198 1195 Et
219 1156 389 1196 tandem
411 1156 614 1198 Euboicis
636 1157 863 1197 Cumarum
885 1156 1079 1197 allabitur
1100 1157 1195 1196 oris.

138 1211 380 1252 Obvertunt
399 1213 550 1268 pelago
570 1229 740 1267 proras3
773 1222 862 1253 tum
884 1214 1010 1253 dente
1035 1214 1174 1253 tenaci

137 1267 310 1309 Ancora
331 1268 538 1311 fundabat
558 1285 696 1320 naves,
719 1277 761 1311 et
781 1269 906 1310 litora
927 1284 1067 1310 curvae

139 1325 389 1366 Praetexunt
405 1342 598 1382 puppes.;
624 1328 826 1381 juvenum
846 1341 991 1367 manus
1013 1327 1164 1367 emicat
1184 1325 1335 1366 ardens
1564 1324 1589 1362 5

138 1381 260 1423 Litus
282 1383 323 1422 in
346 1383 602 1438 Hesperium
623 1401 631 1432 ς
664 1385 814 1437 quaerit
833 1398 931 1437 pars
952 1384 1108 1424 semina
1127 1382 1305 1422 flamniae

136 1438 349 1479 Abstrusa
365 1440 406 1480 in
427 1441 542 1481 venis
564 1439 687 1481 silicis
704 1457 712 1489 3
744 1455 843 1494 pars
864 1440 994 1480 densa
1011 1439 1194 1479 ferarum

142 1495 280 1536 Tecta
300 1497 422 1550 rapit,
445 1496 580 1546 silvas,
603 1498 854 1550 inventaque
870 1496 1040 1536 flumina
1060 1503 1276 1536 monstrat.

137 1551 199 1593 At
218 1553 313 1607 pius
334 1553 496 1594 AEneas
517 1569 649 1603 arces,
670 1554 823 1608 quibus
844 1552 951 1593 altus
972 1552 1128 1606 Apollo

138 1609 358 1658 Praesidet,
380 1610 689 1664 horrendaeque
708 1609 857 1664 procul
879 1618 1039 1650 secreta
1061 1607 1245 1662 Sibyllae,
1538 1607 1588 1647 lo

135 1665 321 1707 Antrum
341 1667 531 1717 immane,
553 1668 672 1721 petit,
694 1681 887 1720 magnam
908 1667 975 1706 cui
994 1674 1175 1707 mentem
1197 1666 1462 1719 animumque

138 1722 290 1764 Delius
310 1723 486 1778 inspirat
505 1732 635 1772 vates,
656 1724 875 1778 aperitque
896 1723 1050 1764 futura.

138 1781 237 1822 Jam
258 1780 443 1821 subeunt
463 1780 620 1822 Triviae
639 1780 756 1821 lucos
779 1788 905 1834 atque
928 1795 1056 1821 aurea
1077 1787 1202 1821 tecta.

177 1875 253 1904 1-8
267 1878 309 1905 Ὠς
331 1880 404 1913 φάτο
428 1880 578 1912 ὀακρυχέων
605 1876 844 1906 ῙῙΟΠῙΕΥῙΟῙΠΠ*

137 1912 259 1942 Novum
286 1914 405 1944 clavum
430 1916 468 1950 ei,
504 1926 591 1954 quem
620 1915 781 1944 Palinurus
814 1916 843 1944 in

137 1961 218 1981 mare
242 1963 380 1992 praeceps
403 1964 504 1983 secum
528 1955 670 1984 avellerat
697 1956 782 1992 (sup.
805 1954 843 1989 V,

138 1992 206 2019 858.
219 1992 306 2029 859),
328 1993 524 2022 substitutum
539 1994 632 2022 fuisse
649 2003 705 2021 nou
719 1993 842 2029 dubito3

139 2029 193 2058 sed
222 2029 278 2059 hoc
299 2041 356 2060 nou
383 2036 430 2061 est
455 2032 542 2061 classi
565 2032 681 2061 immisit
700 2032 824 2061 habenas
832 2042 842 2068 ,-

138 2077 241 2097 verum
263 2074 394 2108 excepto
409 2071 484 2100 velis
497 2071 640 2109 expansis
655 2075 754 2106 vento,
776 2081 844 2100 cur-

140 2115 205 2134 sum
228 2109 353 2146 urgebat
367 2110 473 2138 classis
487 2110 609 2139 AEneas.
649 2110 729 2138 Nota
751 2114 844 2139 meta-

139 2145 236 2182 phora
260 2147 296 2175 ab
323 2148 516 2187 aurigatione,
536 2153 570 2177 ut
591 2159 656 2186 sup.
678 2149 716 2179 V.
735 2149 793 2178 652
807 2149 844 2177 de

142 2183 258 2212 flamma
282 2184 429 2215 vidimus:
447 2187 527 2224 furit
549 2187 685 2216 immissis
703 2187 850 2216 Vulcanus

140 2221 266 2250 habenis.
287 2224 372 2252 1—2.
386 2225 523 2254 Euboicis
539 2226 694 2255 Cumarum
719 2226 789 2260 oris,
810 2226 846 2254 ad

140 2260 212 2289 litus
227 2261 402 2290 Cumanum.
424 2264 490 2292 Liv.
506 2265 604 2299 VIII,
625 2266 663 2293 22
680 2264 847 2293 Cnmaniab

144 2299 280 2328 Chalcide
313 2299 443 2330 Euboica
483 2303 621 2341 oriyinem
656 2303 784 2332 trahunt.
818 2314 847 2331 v.

143 2337 267 2367 Cluver.
288 2338 357 2366 Ital.
379 2344 438 2368 ant.
460 2340 514 2370 lib.
540 2342 597 2375 lv,
621 2352 652 2380 p.
668 2343 755 2370 1102.
796 2342 845 2370 De

142 2377 349 2406 conditoribus
370 2377 454 2406 locus
473 2379 616 2409 classicus
636 2390 683 2419 ap.
706 2381 847 2409 strabon.

142 2414 182 2448 V,
196 2425 227 2453 p.
243 2416 311 2444 243.
340 2416 433 2445 Urbis
447 2417 575 2455 origines
589 2420 788 2448 antecessisse
802 2419 848 2447 vi-

143 2453 251 2482 dentur
276 2455 406 2483 colonias
430 2455 552 2485 lonicas
575 2461 605 2485 et
639 2457 783 2491 AEo'dcas,
813 2468 843 2486 v.

143 2491 252 2521 Vellei.
267 2493 386 2522 Patere.
400 2495 427 2527 Ι,
442 2495 470 2522 4.
511 2495 539 2523 Α
555 2495 666 2524 seriore
677 2502 759 2525 certe
768 2500 843 2525 'tern-

144 2540 217 2568 pore
238 2531 361 2566 Cumas,
383 2542 399 2560 a
422 2532 671 2562 Chalcidensibus
696 2535 844 2568 conditas,

144 2569 182 2597 ad
209 2569 314 2598 AEneae
342 2575 463 2600 aetatem
486 2571 614 2600 retraxit
633 2572 792 2612 Virgilius.
807 2574 845 2602 cf.

147 2607 228 2636 Gell.
264 2608 309 2643 X,
344 2611 390 2639 16.
430 2612 458 2639 3.
503 2609 846 2650 (Obvertunt—proras:

146 2646 260 2684 puppis
274 2647 384 2686 quippe
399 2648 479 2678 litori
494 2649 634 2683 obversa,
651 2649 693 2678 ibi
705 2650 780 2678 enim
795 2660 847 2688 gu·

145 2685 336 2715 hernaculum
356 2687 413 2716 fuit
427 2692 457 2716 et
478 2688 569 2716 remis
583 2687 716 2716 inhibitis
734 2689 848 2727 puppis

146 2723 317 2761 appellitur.
360 2725 502 2765 Reniigcs
523 2736 639 2765 proram
661 2730 729 2764 post
744 2737 775 2756 se
799 2727 848 2756 ha-

884 1877 1003 1911 bebant,
1019 1887 1108 1916 quare
1124 1878 1300 1916 plerumque
1311 1877 1405 1915 puppi
1419 1876 1588 1915 appelleba-

885 1919 943 1949 tur,
964 1916 1110 1954 imprimis
1131 1921 1265 1954 tempore
1289 1917 1425 1945 heroico:
1448 1924 1537 1953 prora
1559 1915 1588 1943 in

883 1963 964 1983 mare
977 1956 1144 1993 spectabat,
1152 1960 1184 1984 ut
1195 1955 1311 1984 facilior
1320 1960 1402 1984 esset
1412 1955 1521 1983 abitus.
1529 1953 1588 1989 R.)

883 1993 964 2021 deute
986 1994 1088 2023 tenaci.
1111 2004 1177 2031 sup.
1195 1994 1223 2027 I,
1246 1995 1301 2022 169
1316 2004 1387 2022 unco
1409 2003 1465 2021 non
1486 1992 1589 2030 alligat

883 2042 992 2061 ancora
1005 2043 1111 2061 morsu.
1122 2032 1269 2066 fundabat
1281 2032 1464 2070 exquisitius
1481 2040 1587 2069 quam:

884 2069 1032 2105 firmabat,
1054 2072 1255 2100 tenebat.-ss.
1277 2072 1294 2099 7
1320 2072 1358 2099 cf.
1377 2070 1447 2100 AEu.
1472 2070 1499 2103 1,
1532 2069 1587 2098 174

884 2118 952 2147 Sqq·
982 2114 1015 2140 Εἰ
1039 2110 1095 2138 Ge.
1122 2109 1150 2143 I,
1171 2111 1239 2138 135.
1267 2113 1377 2143 σπέρμα
1401 2113 1507 2145 ‹fimo-,⁴139
1540 2117 1589 2145 ap·

884 2146 1010 2176 Homer.
1030 2158 1104 2186 pars
1126 2148 1212 2176 densa
1226 2149 1362 2185 ferarum
1387 2148 1474 2176 Tecta
1498 2147 1587 2184 rapit,

887 2185 986 2215 silvas.
1026 2187 1107 2222 Quid
1122 2190 1169 2215 est
1180 2186 1280 2224 rapit?
1300 2186 1336 2219 si,
1350 2185 1486 2224 corripit,
1506 2184 1590 2214 colli-

887 2225 941 2263 git,
962 2229 1142 2263 comportat,
1164 2224 1237 2252 nihil
1259 2229 1362 2262 potest
1376 2224 1509 2262 jejunius
1528 2224 1587 2252 dici

887 2264 1048 2301 grandibus
1063 2264 1129 2292 istis
1151 2268 1179 2292 et
1201 2263 1329 2301 turgidis
1357 2263 1478 2292 verbis:
1499 2263 1588 2291 densa

879 2304 1014 2339 serarum
1027 2307 1110 2331 tecta.
1150 2302 1252 2340 Igitur
1265 2303 1355 2339 poe‘ta
1366 2302 1537 2331 necessario
1548 2301 1591 2331 ila

885 2342 1019 2379 accepit:
1039 2341 1118 2379 rapit
1142 2350 1246 2374 cursu,
1273 2340 1376 2378 rapido
1403 2351 1493 2370 cursu
1518 2350 1589 2379 per-

886 2380 1015 2409 lustrant
1028 2380 1132 2414 silvas,
1154 2383 1188 2408 ut
1202 2379 1247 2407 vel
1263 2379 1371 2408 sontem
1385 2389 1470 2418 aquae
1486 2379 1589 2408 inves-

885 2419 991 2457 tigent,
1011 2419 1058 2447 vel
1072 2419 1198 2447 serarum
1214 2418 1347 2456 praedam
1365 2418 1404 2447 ad
1419 2418 1522 2456 epulas
1537 2428 1590 2447 ex-

882 2458 1009 2496 quirant,
1030 2462 1064 2485 ut
1085 2457 1137 2485 lib.
1154 2457 1183 2490 I.
1204 2456 1261 2484 192
1284 2466 1350 2495 sqq.
1389 2457 1440 2486 Sic
1458 2467 1587 2496 campum.

882 2506 983 2534 rapere
1018 2496 1128 2524 dicitur
1157 2505 1263 2533 equus,
1284 2499 1315 2524 et
1345 2506 1462 2534 aequora
1485 2506 1588 2534 rapere

883 2534 979 2563 navis.
1018 2535 1067 2563 Ita
1080 2535 1182 2563 eadem
1197 2538 1243 2562 est
1256 2536 1411 2569 sententia,
1432 2545 1498 2574 quae
1513 2536 1588 2564 infra

884 2583 915 2601 v.
928 2574 1001 2602 179:
1025 2573 1093 2601 Itur
1113 2573 1143 2601 in
1164 2572 1312 2612 antiquam
1335 2573 1448 2610 silvam,
1469 2574 1589 2603 stabula

885 2612 944 2640 alta
955 2612 1094 2640 ferarum.

924 2650 1021 2678 9—12
1036 2650 1084 2677 Ad
1098 2649 1242 2688 ternplum
1260 2649 1424 2688 Apollinis,
1445 2652 1524 2690 quod
1539 2661 1588 2679 an-

888 2688 1089 2727 tiquissimum
1109 2688 1166 2717 fuit
1182 2688 1212 2716 in
1234 2693 1333 2718 monte
1355 2690 1391 2718 ad
1415 2691 1536 2724 Cumas,
1557 2693 1588 2717 et

888 2728 956 2756 iude
980 2727 1015 2756 ad
1038 2727 1198 2765 subjacens
1216 2727 1342 2765 Sibyllae
1364 2733 1477 2757 antrum
1497 2728 1591 2757 tendit
