1796 3077
578 238 846 277 AENEIDOS.

903 240 1006 279 Lis.
1037 241 1068 280 1.
1495 246 1590 291 221

157 355 240 398 Per
260 357 393 398 varios
413 370 546 408 casus,
567 373 643 413 per
663 366 725 400 tot
745 359 981 401 discrimina
1000 373 1139 400 rerum

154 412 386 455 Tendimus
407 415 450 454 in
470 414 654 465 Latium,
675 416 797 457 sedes
817 417 891 457 ubi
911 416 998 457 fata
1015 417 1180 469 quietas

1508 419 1594 458 205

155 470 421 511 Ostendunt:
453 470 534 513 illic
548 472 612 513 fas
631 487 761 527 regna
780 487 1002 527 resurgere
1023 472 1063 513 T
1067 473 1184 527 rojae.

152 525 334 576 Durate,
356 533 399 568 et
417 536 577 569 vosmet
596 530 722 570 rebus
743 537 905 570 servate
934 529 1143 570 secundis.

207 583 305 624 Tali
325 598 425 625 voce
444 585 596 635 refert3
628 586 823 640 curisque
844 586 1084 640 ingentibus
1105 598 1218 639 aeger

151 637 282 693 Spem
301 640 418 681 vultu
439 641 617 691 simulat,
636 644 790 697 premit
809 642 937 683 altum
958 642 1085 683 corde
1106 641 1309 684 dolorem.

145 693 212 736 Illi
233 711 276 737 se
295 697 452 751 praedae
472 699 696 753 accingunt
715 699 979 753 dapibusque
1001 698 1153 739 futuris
1170 713 1180 738 ε

1508 699 1593 740 210

149 750 344 807 Tergora
363 754 576 808 deripiunt
594 757 733 805 costis,
751 763 793 796 et
810 756 970 796 viscera
990 755 1151 796 nudant
1167 771 1177 805 ;

150 807 255 850 Pars
275 811 317 850 in
335 809 469 851 frusta
488 819 642 861 secant,
664 812 916 865 veribusque
938 812 1158 852 trementia
1176 809 1337 864 figunt3

147 864 294 907 Litore
314 866 451 907 ahena
468 866 608 908 locant
628 867 710 916 alii,
731 868 1002 921 flammasque
1023 868 1274 908 ministrant.

149 921 264 962 Tum
282 923 394 963 victu
414 932 613 964 revocant
632 924 754 973 vires,
776 923 942 977 fusique
963 938 1040 977 per
1059 923 1237 963 herbam

145 978 379 1032 Implentur
395 981 548 1020 veteris
570 980 731 1021 Bacchi
750 981 1003 1034 pinguisque
1022 980 1182 1021 ferinae.

1505 982 1532 1020 20

1539 981 1555 1020 ρ..

1562 981 1588 1020 ΕΓ(

145 1035 377 1089 Postquam
397 1043 565 1077 exemta
584 1037 714 1077 fames
732 1036 880 1091 epulis,
901 1050 1141 1089 mensaeque
1161 1041 1345 1084 remotae,

144 1090 334 1133 Amissos
353 1092 478 1147 longo
499 1094 634 1134 socios
655 1108 843 1134 sermone
864 1094 1097 1147 requirunt,

147 1148 359 1203 Spemque
381 1157 620 1203 metumque
641 1151 749 1190 inter
766 1150 896 1198 dubii,
920 1165 995 1190 seu
1016 1149 1153 1190 vivere
1175 1149 1362 1196 credant,

145 1205 243 1246 Sive
264 1214 452 1247 extrema
471 1207 571 1261 pati,
593 1221 670 1247 nec
685 1207 774 1260 jam
794 1206 997 1248 exaudire
1018 1213 1201 1246 vocatos.

141 1325 301 1354 meminisse
305 1326 498 1364 juven—204
518 1328 579 1357 Per
588 1328 642 1357 hos
651 1327 735 1365 ipsos
744 1336 842 1362 casus,

139 1372 194 1401 per
222 1364 287 1393 haec
312 1375 409 1394 rerum
435 1365 619 1395 discrimina:
654 1366 843 1404 pleonasmus

139 1402 238 1439 poetis
262 1404 475 1441 frequentatus.
516 1405 651 1434 Possunt
676 1411 772 1433 tamen
797 1414 844 1433 res

141 1449 195 1477 pro
211 1441 299 1470 rebus
314 1442 460 1477 adversis,
475 1443 628 1481 periculis,
645 1443 750 1481 accipi,
766 1449 799 1471 ut
814 1453 842 1471 v.

142 1480 210 1507 178.
251 1480 294 1509 Η.
334 1480 404 1509 Hoc
422 1481 486 1510 fieri
506 1492 564 1510 non
591 1482 712 1519 poterit.
766 1482 844 1510 Nam

140 1516 293 1546 discrimen
304 1529 399 1547 rernm
413 1519 461 1548 vel
473 1530 567 1548 rerum
576 1520 698 1548 omnium
713 1520 794 1558 (Cic.
805 1520 843 1548 de

142 1556 228 1585 Orat.
243 1557 271 1591 1,
288 1559 314 1586 1.
328 1557 342 1596 ς’
361 1558 406 1593 3.)
422 1559 543 1596 proprie
557 1559 667 1587 dicitur
683 1558 843 1591 ‹lu-crimen,

140 1594 170 1623 in
193 1596 273 1633 quod
301 1601 410 1625 restuae
431 1597 569 1625 adducta}
593 1600 672 1624 sunt.
700 1596 842 1624 tri—205

138 1633 218 1661 sedes
228 1633 351 1671 ubifatcc
371 1635 482 1673 quietas
507 1635 676 1667 Ostendant,
691 1634 720 1662 h.
733 1644 758 1662 e.
776 1644 841 1663 ora-

140 1672 208 1700 cula
234 1676 265 1701 et
290 1673 414 1711 auguria
444 1673 623 1710 praedicunt,
657 1674 843 1710 promittunt.

140 1709 296 1739 ostendere
309 1712 427 1750 egregie
451 1712 480 1739 in
504 1712 609 1750 primis
624 1712 723 1749 poetis
745 1711 798 1739 hac
814 1711 843 1739 in

138 1758 172 1777 re
187 1749 307 1777 dicitur.
340 1750 498 1788 Iidemsas
512 1760 579 1779 esse
596 1750 698 1778 dicunt
711 1760 755 1782 ea,
772 1760 839 1787 quae

137 1786 206 1815 fatis
220 1787 390 1817 volentibus
400 1793 428 1816 et
440 1788 744 1817 oraculorummonitu
757 1788 840 1816 fiunt.

139 1827 239 1854 —207
270 1827 389 1854 Durare
415 1836 469 1864 pro
502 1828 608 1856 durare
634 1837 678 1860 se,
714 1826 842 1854 animum

139 1874 237 1898 suum,
258 1866 355 1902 poctae
368 1865 506 1903 primum,
520 1865 626 1893 deinde
641 1865 691 1893 alii
710 1864 840 1901 scripto-

136 1905 244 1936 res,'ut
259 1903 393 1932 Tacitus.
431 1908 528 1941 Τλῆτε,
546 1907 634 1940 φίλοι.
676 1903 714 1932 Il.
728 1907 759 1940 β.
773 1904 841 1932 209.

138 1941 177 1970 cf.
195 1941 304 1971 Cerda.

174 1981 244 2008 208.
264 1980 391 2014 Premit,
415 1980 553 2015 occultat,
575 1984 609 2009 ut
635 1990 727 2018 saepe.
748 1979 838 2008 allum

137 2018 268 2056 proprie,
283 2018 341 2047 alto
355 2019 455 2054 corde,
469 2019 498 2048 h.
514 2030 540 2048 e.
553 2019 667 2052 intimo,
682 2019 734 2047 sed
750 2019 840 2047 docte

137 2058 228 2093 poeta
248 2058 398 2095 epitheton
413 2058 552 2086 transfert
575 2058 611 2086 ad
638 2057 773 2092 dolorem,
789 2057 840 2095 qui

138 2104 175 2122 eo
190 2095 255 2132 ipso
265 2097 298 2124 fit
308 2096 428 2124 intimus
440 2100 469 2124 et
482 2096 558 2125 altus
569 2096 664 2124 dolor.
684 2096 728 2125 Η.
768 2096 840 2133 Epi-

139 2132 239 2161 theton
251 2134 339 2162 altum
359 2145 415 2163 non
431 2135 627 2173 repetendum
642 2135 677 2163 ab
693 2138 759 2163 actu
773 2145 839 2172 pre-

138 2171 242 2206 mendi,
266 2173 318 2201 sed
338 2183 392 2211 per
410 2183 439 2201 sn
459 2173 535 2202 altus
555 2173 635 2201 dolor
661 2178 709 2202 est
730 2173 767 2206 is,
788 2173 840 2209 qui

136 2210 256 2246 penitus
288 2211 410 2245 insedit,
445 2212 558 2250 ingens,
596 2212 706 2250 gravis·
744 2211 839 2240 Tacit.

136 2248 213 2277 Ann.
230 2248 323 2282 XVI,
336 2251 384 2278 29.
404 2249 586 2287 altaspavor.
616 2250 777 2279 Difficilius
793 2254 841 2278 est

136 2286 225 2314 altum
240 2286 373 2316 dolorem
390 2288 580 2323 abscondere,
595 2299 684 2326 quain
706 2289 838 2317 dolorem

138 2325 289 2354 occultare
310 2325 368 2353 alto
383 2325 488 2355 animo.
527 2327 573 2355 Cf.
587 2327 655 2355 val.
670 2327 716 2356 Fi.
729 2327 757 2359 I,
770 2327 838 2355 733.

133 2363 262 2402 talesque
278 2368 454 2401 prementem
476 2365 557 2393 corde
571 2370 670 2393 metas.
695 2364 835 2394 W.—2n

138 2402 178 2431 11.
191 2417 219 2436 a,
231 2403 298 2431 459.
315 2413 392 2441 sqq.5
417 2402 468 2431 ubi
482 2405 584 2437 ἔδειραν
597 2414 604 2440 ;
631 2403 679 2432 hio
694 2403 838 2432 ornatius.

136 2441 251 2470 corimn
274 2442 431 2470 detrahunt
456 2442 588 2469 artubus.
609 2442 729 2475 viscera,
751 2442 838 2479 quid-

159 2479 209 2508 uid
221 2480 278 2508 sub
292 2479 373 2508 corio
388 2483 445 2512 est,
461 2480 489 2507 h.
503 2489 530 2508 e.
544 2489 656 2509 carnes.
667 2498 705 2501 —
717 2481 776 2509 212
797 2480 837 2508 ef.

135 2490 210 2547 ibid.
227 2519 296 2547 465.
312 2517 473 2551 trementia,
496 2517 591 2546 adhuc
604 2518 790 2556 palpitantia,
806 2522 840 2546 ut

138 2560 171 2585 et
190 2557 276 2586 Serv.
315 2557 383 2586 Non
410 2555 550 2594 equidem
577 2566 701 2585 suavem
726 2557 755 2585 in
784 2557 839 2585 hoc

136 2595 268 2632 epitheto
289 2595 444 2634 imaginem
462 2594 563 2623 sensui
587 2594 677 2632 objici
702 2594 839 2623 dixerim.

136 2632 182 2662 H.
212 2633 417 2672 Cupiditatem
443 2632 548 2662 edendi
574 2636 604 2660 et
623 2632 840 2661 festinationem

137 2671 304 2709 significare
319 2672 416 2701 voluit
428 2671 571 2710 epitheto,
611 2670 681 2698 Alia
704 2674 751 2698 est
764 2671 840 2698 ratio

138 2708 196 2737 loci
209 2710 280 2738 AEn.
289 2711 354 2739 III.
370 2712 438 2740 627.
453 2708 676 2747 Quumstiepitli
689 2713 841 2737 tremerent

139 2747 190 2786 sub
212 2747 340 2777 dentibus
363 2754 454 2778 arcus.
479 2748 524 2780 W.
543 2766 580 2770 -
601 2748 657 2777 213
680 2747 785 2777 Alaena
801 2747 841 2776 Io-

882 1331 958 1355 cant.
986 1328 1147 1365 quorsum?
1178 1329 1261 1354 certe
1288 1333 1346 1353 non
1369 1323 1405 1352 ad
1434 1323 1591 1354 elixandas

882 1375 998 1398 carnes,
1022 1366 1130 1404 quibus
1155 1364 1274 1393 heroica
1287 1367 1423 1399 tempora
1433 1362 1520 1400 plane
1533 1373 1589 1392 non

882 1404 1053 1438 utebantur,
1063 1408 1096 1432 ut
1108 1407 1209 1432 notum
1223 1406 1280 1431 est.
1314 1401 1355 1429 Et
1367 1401 1473 1429 torreri
1485 1409 1589 1430 carnes

882 1442 912 1470 in
939 1446 1034 1471 antec.
1058 1452 1146 1471 versu
1176 1440 1368 1479 significatur.
1420 1439 1521 1475 Igitur
1543 1440 1590 1468 his

884 1481 983 1509 ahenis
1014 1490 1117 1518 aquam
1145 1479 1332 1513 calefaciunt,
1355 1477 1396 1505 cf.
1431 1477 1502 1506 AEn.
1528 1478 1588 1513 VI,

883 1520 952 1547 218.
978 1520 1058 1551 219„
1080 1523 1112 1547 ut
1141 1528 1172 1546 se
1200 1517 1298 1546 lavent
1321 1519 1388 1544 ante
1412 1515 1528 1553 epulas,
1547 1526 1587 1544 ex

883 1558 1175 1585 1110re.—Fl.1mmus
1203 1555 1379 1588 vanas-trane,
1413 1557 1526 1588 ornate,
1554 1558 1588 1583 ut

883 1596 980 1623 omnia
994 1596 1021 1623 in
1037 1596 1064 1623 h.
1079 1595 1111 1627 l.‚
1140 1604 1196 1631 pro
1210 1592 1361 1630 subjiciunt
1374 1591 1472 1620 ahenis
1484 1592 1589 1631 iynem.

882 1635 984 1662 *215
1006 1633 1121 1662 Satiant
1145 1642 1176 1661 se
1198 1636 1229 1660 et
1251 1641 1335 1660 carne
1350 1630 1443 1658 ferina
1461 1634 1491 1660 et
1507 1630 1586 1660 vino.

881 1671 948 1700 Jam
977 1676 1083 1700 excute
1101 1674 1273 1699 ornamenta
1295 1669 1465 1697 verborum.
1478 1686 1515 1690 -
1528 1670 1587 1698 216

884 1711 952 1738 Hoc
965 1714 1011 1739 est
1028 1709 1238 1739 Homericum:
1268 1708 1308 1736 cf.
1323 1708 1374 1735 inf.
1395 1707 1492 1741 VIII,
1518 1708 1586 1737 184.

880 1758 984 1776 mensae
998 1752 1115 1776 remutoe
1128 1751 1197 1775 noto
1212 1750 1315 1774 vetere
1330 1756 1423 1779 more,
1436 1755 1494 1783 quo
1506 1755 1588 1775 men-

882 1796 914 1815 sa
926 1796 992 1814 cum
1007 1786 1102 1824 epulis
1116 1785 1250 1814 convivae
1267 1785 1470 1822 apponebatur
1484 1788 1514 1812 et
1531 1795 1583 1813 au-

883 1826 1046 1854 ferebatur.
1087 1825 1128 1852 At
1147 1824 1176 1851 h.
1191 1824 1210 1851 ἶ.
1230 1823 1289 1850 fusi
1304 1832 1356 1860 per
1371 1822 1491 1850 herbam
1511 1832 1586 1861 epu-

882 1863 990 1892 lantur.
1030 1863 1136 1900 Itaque
1158 1860 1319 1899 improprie
1348 1860 1589 1891 dietum—217

881 1902 981 1939 Lonyo
995 1911 1134 1935 sermone,
1143 1910 1199 1928 non
1212 1905 1270 1928 tam
1282 1898 1379 1937 qualis
1390 1903 1458 1936 post
1472 1909 1587 1929 coenam

882 1950 948 1968 esse
968 1939 1055 1973 solet,
1080 1949 1167 1977 quam
1189 1938 1290 1976 potius
1311 1937 1412 1965 multis
1430 1947 1497 1965 cum
1514 1948 1586 1976 que-

879 1979 960 2007 reiis.
1000 1978 1127 2015 Vulgari
1150 1977 1302 2005 oratione:
1327 1975 1420 2004 multa
1437 1976 1474 2004 de
1496 1977 1585 2005 sociis

879 2017 998 2045 amissis
1023 2017 1099 2045 inter
1133 2025 1165 2044 se
1196 2018 1425 2052 conqueruntur.
1465 2014 1586 2043 Amissa

878 2056 1017 2084 sociorum
1030 2059 1115 2092 parte
1132 2052 1255 2082 dolentes
1266 2052 1418 2090 Multaque
1430 2053 1587 2091 conquesti,

881 2094 939 2122 Ov.
968 2094 1044 2122 Met.
1069 2092 1163 2125 KH,
1183 2092 1251 2119 zm.
1265 2108 1302 2111 -—
1316 2091 1466 2128 requirunt
1481 2091 1584 2127 socios,

880 2132 1033 2161 declarant
1045 2130 1229 2159 desiderium
1238 2129 1415 2157 amissorum
1423 2127 1583 2164 sociorum,

880 2174 1098 2208 conqueruntur
1124 2178 1174 2196 eos
1194 2168 1250 2195 sibi
1266 2171 1401 2204 ereptos3
1425 2166 1463 2194 cf.
1480 2167 1539 2196 Od.
1552 2181 1585 2203 μ,

880 2210 994 2238 3ϋ9.-
1014 2209 1071 2237 219
1094 2207 1135 2236 Η.
1151 2216 1177 2234 e.
1193 2206 1257 2234 sive
1273 2206 1335 2242 jam
1353 2214 1419 2233 esse
1441 2210 1585 2235 mortuos.

879 2247 1021 2275 Extrema
1029 2246 1093 2284 pati
1107 2244 1229 2283 proprie
1243 2244 1394 2278 dicuntur,
1406 2243 1456 2281 qui
1470 2245 1584 2273 crudeli

879 2286 1028 2323 supplicio
1044 2284 1142 2313 affecti
1159 2283 1282 2311 animam
1295 2281 1403 2315 efflant,
1422 2282 1450 2310 h.
1467 2282 1487 2310 l.
1513 2283 1584 2311 sim-

878 2324 1007 2361 pliciter,
1035 2323 1087 2360 qui
1123 2322 1289 2350 moriuntur
1318 2324 1413 2349 morte
1445 2320 1583 2357 violenta,

878 2363 1018 2391 fluctibus
1035 2359 1199 2394 submersi3
1219 2368 1268 2386 nec
1276 2359 1341 2396 jam
1356 2358 1489 2388 exaudire
1501 2370 1584 2389 voca-

877 2405 933 2434 tos,
948 2402 976 2429 h.
989 2411 1015 2429 e.
1038 2410 1105 2428 esse
1120 2402 1266 2431 mortuos,
1292 2407 1368 2434 quos
1393 2397 1525 2427 invocari
1545 2400 1583 2428 ab

879 2439 981 2467 amicis
996 2443 1026 2467 et
1049 2435 1227 2466 conclamari
1247 2439 1334 2463 notus
1356 2445 1420 2464 mos
1443 2441 1517 2471 erat,
1544 2438 1584 2466 cf.

877 2477 929 2505 inf.
956 2477 1021 2511 III,
1043 2478 1098 2505 07:
1132 2475 1189 2508 VI,
1217 2474 1285 2502 506.
1305 2474 1419 2512 Odyss.
1446 2475 1511 2509 IX,
1534 2477 1584 2505 65.

878 2516 928 2544 Ad
956 2515 1119 2553 prosaicam
1147 2522 1218 2541 sane
1242 2512 1453 2541 subtilitatem:
1476 2523 1511 2542 an
1529 2524 1582 2542 ex·-

878 2559 973 2582 trema
987 2563 1039 2582 cos
1049 2562 1153 2591 passos
1168 2560 1228 2579 esse
1250 2551 1381 2585 credant,
1396 2555 1427 2580 et
1435 2552 1497 2589 jam
1512 2561 1581 2580 con-

879 2593 1041 2621 clamatos?
1082 2590 1142 2619 Sed
1164 2590 1193 2618 in
1210 2590 1300 2627 poe'ta
1314 2589 1364 2618 illa
1378 2599 1436 2617 non
1455 2590 1582 2627 requiri-

879 2635 940 2659 tur.
966 2631 1010 2659 H.
1042 2629 1190 2657 Diversos
1206 2637 1302 2656 mores
1316 2627 1427 2666 passim
1441 2629 1581 2657 confusos

878 2669 994 2702 videas,
1018 2667 1153 2701 alterum,
1171 2665 1352 2695 solemnibus
1368 2666 1585 2704 sepulcralibus

880 2707 1018 2746 peractis,
1034 2704 1220 2738 acclamandi,
1241 2704 1324 2739 Vale,
1347 2705 1420 2738 vale,
1436 2704 1503 2732 AEu.
1517 2704 1584 2738 ΙΙΙ,

882 2747 930 2775 67.
951 2746 1008 2779 lv,
1032 2746 1112 2780 506„
1135 2743 1259 2774 alterum
1275 2741 1480 2777 conclamandi,
1495 2742 1521 2771 si
1533 2743 1587 2783 qui
