1796 3077
627 259 897 298 AENEIDOS.
950 259 1051 296 Llss.
1083 259 1153 296 XI.
1516 267 1609 311 593)

151 380 347 435 oppetiit
363 398 372 431 3

406 381 613 422 devictam
634 380 782 421 Asiam
805 379 995 421 subsedit
1017 379 1197 420 adulter.

148 438 355 479 Invidisse
378 438 493 487 deos,
516 438 662 492 patriis
683 445 731 478 ut
751 438 946 478 redditus
968 437 1050 477 aris

145 494 404 549 Conjugium
424 502 616 548 optatum
632 501 675 535 et
695 493 916 548 pulchram
939 493 1161 548 Calydona
1181 493 1390 534 viderem!
1528 496 1611 534 270

147 550 276 592 Nunc
297 552 424 592 etiam
445 551 638 592 horribili
653 550 744 591 visu
766 557 966 605 portenta
987 558 1238 604 sequuntur,

145 607 205 647 Et
226 608 328 649 socii
349 609 489 649 amissi
510 608 726 662 petierunt
746 607 909 648 aethera
929 608 1094 662 pennis,

144 663 494 719 Fluminibusque
517 672 724 719 vagantur
745 679 842 706 aves
874 663 977 716 (heu
997 664 1089 704 dira
1109 678 1299 704 meorum

146 720 366 774 Supplicia
384 722 412 774 Ξ)
433 730 475 763 et
497 721 694 777 scopulos
716 721 945 762 lacrimosis
967 721 1142 761 vocibus
1163 720 1353 775 implent

146 776 255 818 Haec
277 778 385 819 adeo
406 793 460 819 ex
480 778 550 819 illo
573 778 676 819 mihi
697 779 787 831 jam
810 792 921 831 spel
911 778 1021 818 anda
1042 777 1134 818 fuel
1138 785 1214 818 unt
1530 780 1556 816 :3
1588 805 1593 813 -

145 832 378 888 Tempore,
401 849 531 888 quum
553 835 666 876 ferro
684 834 874 875 coelestia
894 849 1073 888 corpma
1095 834 1268 875 demens

146 890 338 944 Appetii,
360 898 402 931 et
424 891 604 932 Veneris
626 889 776 931 violavi
797 890 970 931 vulnere
990 891 1198 931 dextram.

148 946 220 987 Ne
241 961 356 996 vero,
384 961 437 988 ne
458 962 524 988 me
546 949 601 988 ad
622 946 726 988 tales
748 946 952 1001 impellite
973 962 1152 1001 pugnas.

144 1002 241 1044 Nec
261 1003 363 1044 mihi
385 1019 480 1045 cum
501 1003 683 1045 Teucris
704 1003 834 1044 ullum
856 1011 951 1057 post
972 1011 1094 1044 eruta
1114 1002 1271 1045 bellum

145 1059 378 1114 Pergama3
410 1075 488 1102 nec
510 1067 701 1101 veterum
720 1060 889 1101 memini
910 1059 1082 1101 laetorve
1103 1060 1320 1101 malorum.
1529 1060 1612 1098 5380

147 1115 346 1165 BIunera,
368 1132 465 1170 quae
486 1117 633 1171 patriis
654 1117 709 1158 ad
730 1131 796 1158 me
816 1118 996 1171 portatis
1017 1117 1071 1157 ab
1093 1117 1192 1166 oris,

148 1171 318 1214 Vertite
340 1174 394 1213 ad
416 1173 602 1214 AEnean.

151 1228 502 1283 Contulimusque
522 1244 671 1270 manus
690 1245 698 1269 :

664 1173 870 1214 Stetimus
888 1172 972 1214 tela
993 1188 1144 1227 aspera
1164 1181 1326 1223 contra,

732 1236 912 1283 experto
935 1230 1110 1276 credite,
1132 1238 1317 1283 quantus

146 1284 198 1325 In
217 1285 399 1340 ellpeum
421 1292 628 1340 assurgat,
652 1300 737 1339 quo
758 1286 926 1326 turbine
947 1293 1145 1339 torqueat
1165 1286 1343 1327 hastam.

147 1342 194 1382 Si
216 1343 302 1384 duo
324 1350 533 1397 praeterea
560 1341 664 1383 tales
687 1342 803 1382 Idaea
825 1342 989 1382 tulisset
1534 1346 1615 1382 :355

150 1398 290 1439 Terra
312 1400 423 1440 viros
441 1416 449 1439 ε

482 1399 593 1439 ultro
614 1398 809 1439 Inachias
830 1399 1014 1438 venisset
1038 1399 1093 1438 ad
1113 1399 1241 1439 urbes

151 1455 395 1504 Dardanus,
418 1463 460 1496 et
481 1455 612 1496 versis
634 1454 800 1508 lugeret
823 1453 995 1494 Graecia
1016 1453 1127 1495 fatis.

154 1511 377 1565 Quidquid
399 1512 516 1567 apud
536 1511 656 1552 durae
676 1517 886 1552 cessatum
911 1517 975 1551 est
995 1511 1151 1551 moenia
1170 1510 1330 1565 Trojae,

155 1567 357 1609 Hectoris
379 1569 620 1622 AEneaeque
641 1583 767 1609 manu
787 1568 961 1609 victoria
984 1567 1163 1607 Graium

150 1623 302 1675 Haesit,
325 1633 367 1666 et
388 1626 433 1668 in,
452 1626 662 1666 decimum
683 1625 861 1679 vestigia
881 1623 1026 1664 retulit
1047 1639 1216 1664 annum.

1531 1626 1613 1665 290

149 1680 292 1724 Ambo
312 1682 472 1731 animis,
501 1683 626 1723 ambo
647 1682 831 1735 insignes
853 1681 1154 1736 praestantibus
1176 1681 1300 1721 armis
1318 1697 1327 1729 ;

151 1824 261 1852 aedium
276 1824 344 1852 loco
360 1824 558 1858 habebantur,
582 1824 658 1852 inter
682 1834 749 1862 quae
765 1834 863 1853 caesus

151 1862 203 1890 ille
219 1862 287 1891 fuit.
304 1873 332 1891 v.
349 1863 465 1900 Odyss.
491 1868 520 1896 λ,
542 1863 600 1891 408
616 1872 671 1900 sqq
678 1863 783 1891 .—268
802 1863 864 1891 vic-

151 1903 248 1929 torem
260 1901 361 1938 Trojae
377 1901 502 1930 subsedit
523 1901 544 1929 i.
560 1911 586 1929 e.
610 1901 734 1938 excepit
747 1901 864 1930 insidiis

152 1939 280 1968 adulter.
322 1939 485 1977 Magnifice
499 1939 601 1968 verbis
613 1939 766 1968 ornatum!
787 1940 864 1968 Sub-

151 1977 244 2006 sidere
266 1978 304 2006 de
326 1964 442 2006 insidiis
458 1978 578 2015 elegans
595 1978 794 2013 vocabulum3
826 1988 865 2006 ex

152 2016 263 2059 quibus
275 2026 314 2044 ex
331 2016 497 2053 improviso
513 2016 650 2045 adoritur
659 2025 739 2054 quis
754 2016 867 2044 invadit

151 2058 181 2082 et
195 2054 348 2092 intercipit
358 2055 542 2083 1em.-269.
562 2055 621 2083 270
634 2053 777 2083 Invidisse
787 2054 866 2088 cleos,

154 2102 197 2121 sc.
210 2102 245 2121 an
256 2093 388 2122 referam
398 2092 601 2137 ¹—Calydona
617 2092 697 2121 ndei
699 2103 751 2122 em
804 2093 866 2121 Hic

155 2130 202 2159 sui
223 2140 280 2159 non
301 2131 376 2160 satis
396 2141 510 2160 memor
532 2131 590 2160 fuit
609 2131 710 2160 Maro.
765 2132 865 2170 Argos

152 2168 252 2198 redire
267 2169 432 2199 Diomedes
444 2170 561 2204 debuit,
582 2170 693 2208 quibus
708 2171 865 2214 regnabat,

154 2207 235 2236 unde
264 2208 367 2245 copias
400 2208 559 2242 eduxerat,
591 2212 620 2236 et
648 2209 701 2237 ubi
728 2208 866 2247 AEgialea

153 2255 232 2274 uxor
252 2246 395 2290 degebat,
417 2256 475 2274 non
490 2246 646 2281 AEtoliam,
669 2247 747 2276 unde
773 2257 866 2285 genus

155 2284 304 2312 ducebat:
340 2284 369 2312 in
395 2284 501 2322 primis
525 2295 593 2314 cum
616 2287 733 2314 v.2-13
753 2286 869 2324 Αιρίιη

155 2327 252 2351 castra
266 2328 474 2352 memorasset.
505 2323 625 2361 (Quum
640 2323 790 2362 Virgilius
805 2329 868 2353 tum

155 2361 292 2399 Cyclicis
311 2366 341 2390 et
355 2361 489 2400 Tragicis
501 2362 602 2399 poe'tis
617 2371 690 2391 usus
707 2363 757 2397 sit,
784 2363 867 2392 ideo·

156 2409 215 2437 que
230 2409 289 2428 non
303 2400 332 2427 in
346 2401 486 2428 omnibus
502 2401 669 2429 Homerum
682 2403 795 2444 probav
800 2402 868 2435 erit,

157 2442 221 2466 tum
237 2438 339 2466 multis
361 2438 400 2466 de
415 2438 564 2468 Diomede
583 2439 766 2468 carminibus
788 2440 869 2468 aliis-

156 2486 215 2513 que
237 2476 370 2506 fontibus
390 2476 543 2514 mythicis,
571 2487 648 2506 nune
668 2488 794 2515 prorsus
817 2479 870 2507 de—

160 2514 290 2551 perditis
314 2515 358 2543 uti
381 2515 527 2553 potuerit,
554 2525 607 2544 nec
630 2517 796 2546 verisimile
819 2517 870 2552 sit,

160 2552 358 2582 Maronemh.
367 2553 388 2582 l.
404 2557 466 2582 toto
477 2553 565 2588 coelo,
579 2558 613 2582 ut
623 2554 715 2589 aiunt,
731 2565 869 2592 errasse3

160 2594 294 2620 statuere
313 2591 397 2626 licet,
420 2602 499 2627 eum,
520 2591 573 2620 illa
593 2592 630 2620 de
643 2592 714 2631 AEgi
707 2593 789 2623 'aleae
803 2604 871 2623 cum

161 2629 285 2658 Comete
311 2634 486 2668 perpetrato
514 2629 663 2659 adulterio
689 2632 767 2661 fama
794 2633 823 2661 h.
850 2633 871 2663 1.

161 2668 287 2711 rejecta,
321 2668 420 2703 aliam,
449 2669 601 2698 nescimus
629 2669 708 2699 unde
735 2671 870 2701 haustam

160 2706 357 2736 narrationem
372 2708 553 2745 praetulisse.
569 2708 626 2744 R.)

943 1824 1099 1853 271-274
1109 1823 1503 1857 AvesDi01nedeae,certnm
1517 1824 1616 1852 avium

907 1872 999 1900 genus
1018 1863 1048 1890 in
1070 1862 1176 1890 insulis
1195 1862 1368 1890 Diomedeis
1390 1863 1523 1899 conspici
1548 1863 1619 1890 soli—

907 1905 980 1935 tum,
1003 1911 1070 1938 quae
1099 1900 1193 1928 littori
1211 1900 1343 1937 Apuliae,
1367 1904 1470 1929 contra
1490 1906 1618 1929 montem

907 1939 1089 1982 Garganum,
1112 1939 1262 1976 objacent.
1317 1940 1363 1967 Ax·
1367 1949 1399 1967 es
1414 1939 1489 1967 has
1482 1949 1509 1966 m
1524 1939 1562 1966 iis
1576 1940 1619 1967 lo-

906 1987 949 2004 cis
979 1978 1076 2006 adhuc
1097 1978 1271 2015 frequentes
1300 1978 1432 2005 Artenas
1459 1977 1620 2015 appellant.

907 2015 1118 2044 Procellariam
1132 2016 1278 2051 Puffinum
1294 2016 1380 2044 Linn.
1403 2026 1470 2044 esse
1489 2017 1579 2044 aiunt.
1584 2033 1620 2036 —

907 2054 964 2081 275
992 2054 1145 2097 speranda,
1172 2054 1343 2087 metuenda,
1380 2057 1413 2082 ut
1441 2054 1545 2088 toties,
1574 2055 1622 2082 vel

909 2091 1011 2129 simpl.
1024 2092 1208 2128 cogitatione
1221 2091 1440 2129 praecipienda,
1455 2097 1620 2130 expectan-

907 2131 956 2164 da,
969 2130 1051 2159 conf.
1066 2130 1122 2164 lv,
1138 2131 1206 2158 419.
1247 2130 1364 2167 (Usum
1379 2130 1468 2168 hujus
1484 2130 1570 2158 verbi
1591 2131 1620 2159 in

907 2178 1095 2207 quacumque
1112 2169 1214 2205 lingua
1231 2178 1400 2202 occurrere,
1421 2173 1453 2197 ut
1469 2169 1498 2196 in
1513 2178 1622 2206 ἔντεσι,

907 2210 1011 2240 ὲλτϊειζ
1057 2213 1117 2235 etc.
1150 2207 1260 2245 cuique
1298 2191 1409 2236 obseri
1412 2207 1472 2235 anti
1507 2207 1622 2235 clarum

907 2256 974 2274 esse
1003 2249 1117 2283 potest.
1154 2246 1194 2274 R.
1200 2246 1323 2282 )--·28)-.
1358 2247 1416 2274 283
1455 2245 1622 2284 Congressi

910 2281 1074 2313 Diomedes
1097 2288 1128 2312 et
1151 2285 1262 2313 AEneas
1278 2284 1335 2328 (Il.
1356 2297 1380 2317 ε
1412 2284 1470 2312 239
1493 2294 1559 2322 sqq.
1582 2285 1622 2312 cf.

909 2324 946 2351 ad
977 2324 1046 2352 Ειι.
1085 2323 1141 2359 96)
1168 2322 1314 2360 singulari
1339 2322 1528 2359 certamine3
1568 2323 1623 2351 sed

908 2362 937 2389 in
952 2362 1067 2399 praeliis
1093 2362 1148 2390 hoc
1163 2361 1277 2399 saepius
1298 2361 1410 2389 factum
1424 2371 1538 2399 ponere
1552 2361 1624 2390 licet

907 2402 1018 2438 poe'tae.
1021 2401 1128 2429 —283.
1148 2401 1207 2428 284
1231 2404 1356 2437 quantus
1376 2400 1407 2428 in
1434 2400 1554 2438 clipeum
1575 2410 1623 2428 as-

909 2443 1022 2477 sur-,yut
1065 2439 1113 2467 De
1136 2448 1181 2471 eo,
1206 2439 1257 2475 qui
1277 2438 1377 2476 gladio
1391 2438 1483 2466 infert
1504 2439 1623 2473 vulnus,

910 2478 982 2506 alias
998 2478 1111 2506 dictum
1129 2477 1280 2506 vidimus:
1302 2486 1455 2514 assuryete
1467 2477 1538 2506 vel
1527 2487 1623 2505 tusar-

908 2526 988 2554 ρει-,ε
1003 2516 1090 2554 erigi,
1112 2516 1142 2543 in
1161 2515 1260 2550 ictum,
1280 2515 1309 2543 in
1325 2515 1451 2549 hastam,
1468 2515 1497 2544 in
1511 2525 1623 2550 ensem,-

911 2556 952 2583 At
966 2555 995 2584 h.
1010 2555 1031 2582 l.
1045 2555 1074 2582 in
1085 2554 1215 2591 clipeum,
1238 2554 1308 2591 quia
1323 2553 1423 2582 elato
1416 2564 1446 2582 ln
1463 2554 1555 2583 altum
1571 2554 1624 2581 cli-

912 2603 971 2630 peo
999 2593 1114 2621 hastam
1142 2596 1272 2621 rotatam
1296 2592 1416 2621 vibrat:
1444 2602 1572 2630 namque
1600 2592 1624 2619 is

912 2632 1056 2660 naturalis
1068 2634 1167 2659 motus
1183 2634 1240 2665 est,
1254 2635 1284 2659 et
1300 2631 1338 2659 ad
1350 2640 1465 2675 corpus
1479 2630 1624 2673 tuendum

915 2670 1015 2706 valet·
1051 2670 1132 2698 idem
1154 2676 1254 2698 motus
1276 2669 1410 2708 speciem
1435 2668 1570 2706 eorporis
1596 2671 1626 2695 ct

914 2709 1022 2738 virium
1037 2709 1072 2737 ad
1089 2708 1277 2746 phantasiam
1290 2713 1422 2738 revocat.
1424 2708 1522 2736 -258
1546 2706 1628 2743 quic-
