1796 3077
655 278 926 318 AENEIDOS.

176 397 315 441 Parva
333 406 488 441 manet.

977 279 1078 317 LIB.
1109 279 1181 318 IX.
1543 288 1637 333 527

549 399 683 441 Casus
701 399 860 442 factum
875 401 1130 455 quicumque
1150 409 1407 456 sequuntur:

175 456 262 498 Per
281 465 408 512 caput
428 457 510 498 hoc
529 457 641 512 juro,
663 472 740 512 per
761 459 877 512 quod
898 466 1020 513 pater
1041 466 1138 500 ante
1162 459 1351 502 solebat:
1551 461 1636 502 300

174 513 286 560 Quae
307 515 383 556 tibi
403 514 605 570 polliceor
625 516 785 564 reduci,
806 517 1020 570 rebusque
1042 517 1251 567 secundis,

171 570 280 612 Haec
302 573 450 613 eadem
475 572 681 626 matrique
702 579 788 614 tuae
803 573 1034 627 generique
1055 574 1300 615 manebunt.

172 627 243 669 Sic
263 629 321 670 ait
340 628 612 679 illacrimans3
643 629 821 671 humero
845 629 965 670 simul
985 631 1104 671 exuit
1123 645 1265 672 ensem

170 683 397 736 Auratum,
418 687 522 728 mira
542 701 667 741 quem
688 686 849 728 fecerat
864 694 954 728 arte
978 686 1154 741 Lycaon

170 741 374 793 Gnosius,
408 750 535 798 atque
554 743 740 785 habilem
759 745 910 798 vagina
930 751 1096 798 aptarat
1117 745 1292 786 eburna.
1551 746 1635 788 305

174 797 266 840 Dat
287 800 396 842 Niso
418 801 672 842 Mnestheus
693 801 847 855 pellem
868 802 1176 856 horrentesque
1197 801 1330 843 leonis

171 855 362 898 Exuvias
380 875 389 907 3
422 857 586 911 galeam
606 857 718 898 fidus
736 864 950 912 permutat
969 857 1133 899 Aletes.

170 912 382 955 Protenus
403 915 552 955 armati
571 915 771 955 incedunt
789 931 798 955 :
831 930 937 968 quos
959 916 1091 956 omnis
1113 922 1263 956 euntes

170 969 410 1012 Primorum
430 986 578 1012 manus
600 972 655 1013 ad
675 978 820 1026 portas
836 973 1126 1026 juvenumque
1147 987 1378 1026 senumque

168 1026 452 1082 Prosequitur
472 1029 593 1069 votis.

652 1028 749 1070 Nec
770 1044 855 1069 non
876 1036 919 1070 et
939 1028 1117 1083 pulcher
1138 1029 1270 1078 Iulus,
1547 1031 1632 1071 310

168 1084 284 1126 Ante
305 1100 436 1126 annos
458 1086 727 1140 animumque
747 1100 900 1140 gerens
921 1101 1149 1140 curamque
1166 1086 1340 1136 virilem,

171 1141 314 1183 Multa
335 1143 444 1197 patri
464 1143 676 1197 portanda
696 1143 828 1183 dabat
854 1143 1066 1184 mandata.

1127 1144 1214 1184 Sed
1235 1158 1349 1184 aurae

171 1198 326 1239 Omnia
347 1200 607 1254 discerpunt,
630 1207 673 1240 et
693 1200 878 1240 nubibus
898 1200 1016 1240 irrita
1035 1200 1208 1242 donant.

227 1256 405 1311 Egressi
426 1263 628 1311 superant
649 1258 796 1305 fossas,
818 1257 1039 1310 noctisque
1057 1272 1134 1310 per
1154 1257 1347 1298 umbram

171 1312 323 1354 Castra
343 1314 510 1354 inimica
528 1320 692 1368 petunt,
714 1313 855 1354 multis
877 1320 1018 1354 tamen
1038 1320 1136 1355 ante
1158 1314 1290 1355 futuri
1549 1315 1633 1354 315

168 1369 330 1411 Exitio.

393 1371 556 1411 Passim
579 1385 724 1411 somno
745 1371 926 1424 vinoque
947 1385 1024 1424 per
1055 1370 1234 1412 herbam

170 1426 365 1480 Corpora
386 1428 480 1467 fusa
495 1427 652 1476 vident,
675 1434 860 1468 arrectos
880 1426 1002 1467 litore
1023 1442 1188 1477 currus,

169 1482 288 1524 Inter
307 1483 397 1525 lora
417 1491 616 1537 rotasque
638 1484 760 1533 viros,
784 1483 905 1524 simul
926 1498 1052 1533 arma,
1069 1484 1229 1538 jacere,

168 1539 284 1581 Vina
304 1540 438 1582 simul.

167 1596 369 1652 Euryale,
392 1598 636 1639 audendum
656 1598 821 1639 dextra.

168 1653 266 1696 Hac
282 1656 361 1696 iter
380 1663 457 1696 est.

499 1540 623 1581 Prior
643 1540 904 1594 Hyrtacides
927 1541 984 1582 sic
1005 1555 1077 1582 ore
1098 1540 1266 1583 locutus
1288 1557 1297 1582 :

882 1598 1012 1639 Nunc
1033 1598 1126 1652 ipsa
1146 1607 1269 1640 vocat
1288 1613 1370 1640 res..
1543 1600 1628 1641 320

519 1655 602 1704 Tu,
625 1670 678 1695 ne
699 1670 783 1709 qua
802 1670 950 1695 manus
972 1669 1016 1695 se
1037 1654 1228 1697 attollere
1249 1656 1370 1697 nobis

168 1711 212 1753 A
233 1720 352 1767 tergo
374 1713 520 1767 possit,
543 1712 711 1753 custodi
732 1719 775 1752 et
795 1711 966 1753 consule
988 1711 1128 1767 longe.

167 1768 278 1809 Haec
295 1785 375 1823 ego
396 1777 514 1810 vasta
534 1769 658 1819 dabo,
681 1776 724 1810 et
743 1768 829 1809 lato
851 1776 891 1809 te
914 1768 1042 1810 limite
1059 1770 1226 1811 ducam.

168 1825 239 1867 Sic
260 1834 476 1875 memorat,
498 1841 729 1880 vocemque
749 1827 903 1881 premit
921 1844 930 1875 3
963 1826 1085 1867 simul
1103 1842 1202 1867 ense
1225 1827 1457 1881 superbum

167 1882 453 1924 Rhamnetem
474 1884 736 1938 aggreditur,
758 1884 831 1938 qui
850 1883 958 1924 forte
980 1885 1193 1937 tapetibus
1222 1884 1315 1925 altis
1544 1885 1630 1926 325

166 1939 427 1982 Exstructus
448 1948 538 1982 toto
558 1941 771 1996 proflabat
792 1948 964 1995 pectore
986 1955 1199 1991 somnum3

166 1996 267 2039 Rex
285 1998 411 2048 idem,
436 2006 479 2039 et
498 1999 589 2053 regi
608 1997 758 2039 Turno
779 1998 1039 2052 gratissimus
1061 2013 1197 2053 augur
1217 2014 1226 2038 :

165 2133 257 2163 debet
266 2135 303 2164 ab
317 2135 454 2164 omnibus
466 2136 537 2170 coli,
553 2147 621 2175 quae
634 2137 725 2167 talem
745 2136 871 2166 creavit.

167 2174 264 2202 —303
292 2184 337 2212 sq.
371 2175 450 2203 Haec
477 2185 516 2204 ex
538 2175 670 2205 heroicae
692 2176 764 2205 vitae
790 2185 872 2204 more

167 2215 236 2240 sunt
252 2211 439 2247 illustranda,
451 2223 511 2252 quo
529 2216 662 2252 propriis
679 2215 769 2244 armis
782 2215 872 2243 alium

164 2250 314 2279 instruere
337 2251 445 2280 summi
469 2253 594 2282 affectus
610 2255 719 2293 pignus
740 2259 815 2288 erat,
838 2253 876 2281 cf.

166 2289 207 2317 Il.
227 2302 253 2323 κ,
273 2290 330 2318 255
345 2299 402 2328 sq„
416 2290 495 2320 unde
516 2291 564 2320 hic
579 2292 662 2322 locus
677 2294 874 2322 adumbratus

169 2331 227 2363 est,
240 2332 273 2357 ut
285 2327 370 2362 alias,
392 2338 473 2358 arma
496 2335 677 2368 permutare,
703 2332 775 2361 fidei
795 2336 825 2360 et
846 2341 875 2358 a·

165 2367 260 2395 moris
293 2370 409 2395 tessera
441 2371 497 2396 est.
557 2369 674 2407 Vayina
706 2370 815 2399 eburna
849 2370 876 2397 in

165 2405 280 2444 Odyss.
302 2409 328 2441 θ,
343 2407 403 2434 404
419 2410 467 2435 est
483 2407 512 2435 in
537 2407 627 2437 simili
644 2410 872 2439 munera—308

164 2444 204 2473 of.
227 2445 268 2474 Il.
295 2457 321 2480 κ,
345 2445 405 2474 272
432 2455 498 2483 sqq.
520 2446 666 2483 primores
690 2448 873 2477 comitantur

164 2484 323 2513 abeuntes.
341 2501 378 2506 —
392 2485 450 2512 313
488 2484 629 2514 nubibus.-
662 2488 733 2516 daut
763 2488 873 2521 ventis,

165 2522 259 2558 auris,
272 2526 305 2552 ut
319 2522 421 2552 toties.

206 2562 265 2590 314
285 2561 373 2590 Cous.
388 2561 426 2591 11.
440 2575 465 2595 κ,
480 2562 539 2591 469
552 2564 715 2601 sqq.—315
725 2564 878 2602 Impedita

166 2601 326 2629 sententia.
353 2605 420 2629 ante
449 2601 579 2629 debebat
604 2610 686 2630 esse:
721 2608 878 2641 antequam

168 2642 268 2667 castra
280 2642 396 2677 petunt,
416 2639 645 2679 ingrediuntur:
676 2642 758 2679 atqui
784 2643 840 2671 hoc
862 2652 879 2670 a

169 2686 202 2706 re
228 2677 365 2707 alienum.
404 2678 488 2717 Ergo
510 2678 738 2716 intelligendum
761 2680 879 2709 inimica

170 2715 247 2753 ipsis
262 2716 382 2753 futura·,
404 2717 575 2756 perniciosa
595 2717 683 2755 ipsis,
700 2719 776 2748 unde
798 2720 879 2748 redi-

171 2755 231 2783 turi
245 2765 302 2785 non
319 2760 402 2786 erant
416 2766 424 2794 3
444 2760 479 2786 ut
491 2757 567 2787 bene
580 2756 685 2786 Serv.:
708 2761 742 2786 ut
752 2757 803 2787 inf.
813 2759 881 2788 355.

912 2135 961 2163 lux
975 2135 1100 2164 inimica.
1141 2134 1242 2171 Igitur
1254 2139 1320 2163 ante
1335 2136 1433 2173 quoad
1449 2137 1627 2166 sententiam

913 2184 951 2202 ex
976 2184 1011 2203 ea
1032 2184 1108 2203 voce
1137 2174 1356 2211 supplendum:
1393 2178 1547 2213 antequam
1572 2175 1629 2214 ipsi

909 2213 1051 2252 perirent.
1093 2214 1224 2241 Pru-stat
1243 2212 1291 2240 vel
1312 2212 1356 2241 sic
1375 2213 1496 2241 tertium
1510 2224 1519 2242 ·.
1545 2220 1627 2243 ante-

915 2262 1002 2290 quam
1020 2252 1058 2280 ad
1078 2252 1202 2280 sEncam
1218 2251 1409 2288 pervenirent
1432 2255 1462 2280 et
1486 2253 1626 2282 mandata

916 2286 1191 2329 perferre111.-3l7
1215 2294 1343 2318 arrectos
1366 2300 1471 2319 currus
1492 2292 1543 2329 (ut
1572 2292 1629 2322 inf.

915 2332 984 2359 455.
997 2334 1119 2358 arrectoe
1128 2330 1247 2365 limene),
1264 2329 1383 2357 sublato
1393 2330 1422 2357 in
1434 2329 1527 2358 altum
1537 2331 1627 2370 jugO,

917 2373 947 2398 ct
965 2369 1111 2407 depressa
1126 2368 1155 2396 in
1175 2372 1284 2396 terram
1299 2371 1385 2405 parte
1401 2378 1508 2397 currus
1522 2374 1625 2399 extre-

911 2418 969 2440 ma,
983 2408 1009 2436 si
1028 2408 1105 2435 binis
1120 2407 1193 2435 rotis
1206 2407 1385 2435 instructum
1402 2417 1523 2436 currum
1543 2409 1626 2448 cogi-

912 2451 971 2475 tes.
1012 2446 1118 2475 Erecti
1137 2455 1244 2475 currus
1271 2446 1350 2482 apud
1376 2446 1504 2474 Statium
1528 2447 1625 2476 Theb.

913 2486 980 2519 111,
1000 2486 1068 2514 414.
1091 2485 1135 2519 X,
1151 2485 1217 2512 169.
1239 2488 1411 2514 occurrunt.
1452 2485 1527 2514 Mox
1547 2486 1626 2521 vina,

913 2535 987 2554 vasa
1005 2524 1077 2558 vini,
1106 2527 1139 2552 ut
1159 2524 1236 2551 bene
1256 2522 1439 2552 Serva-321
1452 2524 1557 2553 Anteit
1570 2525 1627 2553 Ni-

917 2573 989 2592 sus:
1025 2562 1158 2599 Euryalo
1182 2561 1311 2595 mandat,
1331 2566 1365 2590 ut
1384 2567 1529 2601 sequatur
1552 2568 1582 2592 et
1611 2574 1628 2592 a

917 2607 1004 2640 tergo
1024 2601 1121 2629 omnia
1148 2605 1214 2628 tuta
1238 2604 1374 2638 praestet.
1394 2603 1517 2634 consule,
1539 2612 1626 2640 pros-

918 2641 999 2679 pice,
1016 2639 1154 2677 provide.
1176 2649 1203 2668 ν.
1243 2639 1349 2668 Bnrm.
1364 2640 1401 2668 ad
1414 2640 1481 2668 val.
1496 2640 1543 2669 Fl.
1559 2641 1625 2675 ΙΙΙ,

916 2680 965 2708 38.
979 2683 1061 2707 vasta
1074 2678 1154 2712 dare,
1177 2678 1330 2716 exquisite
1344 2688 1400 2717 pro
1416 2679 1514 2708 facere
1526 2689 1533 2714 3
1555 2689 1624 2707 vas-

917 2723 1126 2747 tare—vocem
1146 2717 1277 2756 premit:
1308 2723 1360 2746 aut
1381 2718 1530 2746 submissa
1552 2727 1626 2746 voce

919 2756 1066 2796 loquitur,
1091 2760 1141 2786 aut
1155 2760 1245 2791 tacet,
1269 2756 1364 2795 inquit
1384 2756 1528 2786 Servius:
1550 2766 1628 2794 prae-
