1796 3077
571 267 840 305 AENElDOS.

109 393 158 428 ab
177 391 324 428 Arunte
342 393 450 429 hasta
478 390 804 442 trajicitur—835.

880 267 981 304 Llss.
1012 267 1081 303 XI.
1467 274 1562 317 589

862 391 990 432 Quam
1010 400 1133 427 tamen
1164 403 1281 427 saerae
1301 390 1456 440 virginis
1486 405 1559 427 cae-

111 444 198 480 dem
219 444 346 481 Aruns
376 458 451 481 non
470 445 534 481 diu
560 444 646 481 tulit
669 444 848 481 inultam:
880 457 964 480 nam
986 452 1024 480 et
1054 443 1136 492 ipse
1153 443 1278 492 paullo
1297 454 1384 493 post
1407 444 1454 480 ab
1470 444 1559 493 Opi,

111 496 248 533 Dianae
270 497 452 542 ministra,
479 497 617 545 sagitta
637 496 814 545 trajectus
834 494 968 533 offensi
994 496 1157 532 numinis
1176 509 1309 545 poenas
1327 496 1561 546 persolvit——

110 551 202 586 867.

257 548 428 586 Camillae
460 563 552 586 nece
580 550 807 586 consternati
840 549 973 585 Rutuli
1005 548 1134 597 fugam
1164 549 1366 598 arripiunt:
1406 549 1561 598 Trojani

109 601 213 637 urbis
260 603 581 651 oppugnationem
623 604 901 650 parant—895.

960 600 1054 650 Ejus
1092 601 1313 637 calamitatis
1344 601 1476 638 nuntio
1513 603 1561 638 ab

109 652 225 697 Acca,
245 653 416 691 Camillae
437 654 584 698 comite,
615 654 663 690 ad
684 653 856 690 Turnum
872 652 1029 702 perlato,
1059 653 1210 696 relictis,
1238 667 1331 702 quas
1349 655 1562 698 obsederat,

110 705 304 754 angustiis,
325 707 402 743 suis
421 707 562 743 auxilio
590 706 765 743 occurrit.

823 705 971 742 Eodem
1000 706 1241 754 subsequitur
1260 716 1297 742 et
1315 705 1479 749 AEncas3
1512 715 1561 750 et,

108 758 286 806 quoniam
302 757 607 807 imminentejam
627 767 738 795 nocte
751 757 926 807 praelium
945 758 1129 795 committi
1144 771 1218 795 non
1233 767 1392 808 poterat,
1412 759 1562 807 utrique

107 810 239 858 positis
259 819 344 848 ante
364 812 498 848 urbem
518 811 649 847 castris
669 810 974 847 considunt—ad
989 811 1016 847 f.

110 1021 339 1063 OCEANUM
361 1023 523 1063 interea
544 1038 721 1078 surgens
739 1023 909 1064 Aurora
929 1024 1111 1078 reliquit.

109 1077 288 1127 AEneaS‚
310 1093 566 1133 quamquam
586 1087 628 1120 et
650 1080 771 1120 sociis
793 1081 895 1120 dare
918 1088 1083 1134 tempus
1104 1081 1328 1121 humandis

109 1133 385 1187 Praecipitant
406 1149 531 1183 curae,
553 1136 808 1188 turbataque
828 1135 976 1176 funere
997 1151 1113 1177 mens
1135 1145 1211 1186 est,

110 1189 227 1230 Vota
246 1191 373 1230 deum
393 1191 529 1244 primo
549 1191 682 1231 vietor
702 1191 893 1232 solvebat
911 1191 1021 1232 Eoo.

109 1244 330 1299 Ingentem
350 1260 552 1300 quereum
573 1247 724 1287 decisis
745 1247 932 1300 undique
958 1247 1083 1288 ramis

1539 1250 1565 1289 <R

109 1301 340 1342 Constituit
359 1301 532 1351 tumulo,
556 1302 845 1356 fulgentiaque
865 1303 1001 1343 induit
1022 1318 1150 1352 arma,

106 1357 300 1398 blezenti
320 1358 439 1399 ducis
460 1359 656 1407 eximi-<183
689 1359 778 1407 tibi,
799 1373 961 1412 magne,
982 1366 1207 1412 tropaeum,

110 1412 386 1467 Bellipotens.

446 1413 584 1467 Aptat
605 1422 796 1454 rorantes
820 1414 1023 1467 sanguine
1044 1416 1206 1463 cristas,

110 1469 305 1523 Telaque
326 1477 475 1510 trunca
496 1471 587 1518 viri,
611 1477 653 1510 et
674 1470 738 1510 bis
756 1484 830 1510 sex
850 1469 1026 1510 thoraca
1045 1471 1224 1524 petitum

108 1525 440 1579 Perfossumque
461 1525 588 1567 locis:
621 1525 885 1579 clipeumque
907 1540 960 1566 ex
983 1541 1065 1566 aere
1088 1527 1266 1567 sinistrae

1516 1529 1566 1568 10

110 1581 317 1636 subligat,
341 1590 468 1635 atque
488 1597 631 1623 ensem
650 1581 757 1622 collo
774 1583 995 1635 suspendit
1014 1583 1235 1623 eburnum.

112 1637 227 1678 Tum
249 1638 400 1687 socios,
421 1652 603 1691 namque
624 1639 756 1678 omnis
776 1652 872 1678 eum
893 1639 1046 1691 stipata
1067 1640 1240 1693 tegebat

112 1693 265 1734 Turba
284 1694 451 1742 ducum,
473 1695 531 1734 sic
552 1695 753 1747 incipiens
774 1693 969 1734 hortatur
988 1703 1158 1735 ovantes
1177 1712 1185 1735 ε

110 1749 302 1790 BIaXima
324 1765 390 1790 res
413 1749 579 1798 effecta,
601 1751 704 1799 viri3
737 1751 861 1790 timor
881 1751 1013 1790 omnis
1035 1752 1198 1800 abesto,

114 1806 246 1852 Quod
266 1814 459 1860 superest
479 1823 488 1855 ;
520 1806 612 1847 haec
633 1813 732 1846 sunt
751 1806 897 1859 spolia,
920 1814 962 1846 et
983 1807 1036 1847 de
1055 1821 1156 1860 rege
1176 1808 1362 1860 superbo

1519 1810 1569 1848 15

114 1862 340 1911 Primitiae;
372 1863 650 1916 manibusque
671 1862 773 1902 meis
796 1861 1037 1902 Mezentius
1058 1862 1127 1903 hic
1150 1871 1228 1904 est.

113 1917 244 1959 Nunc
266 1919 348 1959 iter
366 1919 421 1959 ad
440 1933 584 1971 regem
603 1918 724 1959 nobis
744 1932 971 1971 murosque
994 1918 1186 1960 Latinos.

112 1973 246 2014 Arma
266 1982 426 2028 parate,
449 1975 594 2015 animis
615 1981 657 2015 et
678 1989 753 2027 spe
773 1974 1015 2027 prae-sumite
1038 1974 1219 2024 bellum;

112 2030 184 2071 Ne
205 2044 290 2084 qua
309 2045 427 2072 mora
447 2031 633 2085 ignaros,
656 2031 730 2071 ubi
749 2030 930 2084 primum
950 2029 1104 2071 vellere
1124 2031 1244 2084 signa

151 2133 181 2161 2.
202 2133 220 2160 3
234 2142 312 2162 curce
323 2133 518 2171 proecipitant‚
538 2133 701 2171 potentius,
720 2143 825 2170 quam:

116 2174 213 2209 urget,
232 2171 343 2207 premit
363 2181 444 2205 cura,
468 2176 501 2199 ut
527 2172 682 2209 impendat
706 2176 825 2209 tempus

115 2207 433 2238 humatiouicaesorum
445 2209 707 2247 militum-fauere,
720 2210 826 2238 dolore

117 2257 155 2275 ex
172 2246 327 2275 funeribus
349 2256 482 2279 suorum,
500 2248 528 2276 in
543 2248 650 2285 primis
668 2248 825 2276 Pallantis.

117 2286 136 2314 4
148 2284 225 2320 Εου,
243 2285 394 2319 Lucifero,
412 2289 445 2313 ut
458 2285 522 2319 ΙΙΙ,
543 2287 612 2315 588.
652 2289 742 2324 Ἑῷος,
759 2288 827 2324 ἠῷος

118 2325 216 2356 ἀστήρ.
258 2323 307 2352 Ad
327 2323 434 2351 AEneae
458 2327 557 2352 autem
571 2324 750 2362 religionem
771 2325 828 2353 hoo

118 2365 249 2399 spectat,
279 2360 359 2398 quod
387 2365 452 2390 ante
477 2362 574 2390 omnia
598 2363 744 2400 persolvit
769 2363 828 2391 diis

119 2403 190 2428 vota
213 2402 296 2438 (vota
309 2398 453 2436 deorum),
479 2404 509 2428 et
531 2410 607 2429 nunc
623 2401 744 2439 quidem
766 2405 827 2429 tro-

119 2447 188 2475 paeo
199 2438 229 2466 in
247 2437 356 2466 Martis
371 2437 512 2466 honorem
529 2443 645 2468 erecto:
667 2449 699 2468 re
715 2449 730 2467 a
742 2439 827 2468 Grae-

119 2475 165 2503 cis
177 2476 281 2513 petita,
305 2478 336 2503 et
350 2475 387 2503 ad
401 2475 547 2513 Trojanos
561 2477 709 2506 traducta.
749 2478 827 2505 Nam

120 2513 267 2542 Italorum
283 2522 340 2541 non
354 2516 418 2541 erat
431 2516 577 2550 tropaeum
594 2519 726 2544 statuere
742 2524 750 2550 3
772 2515 830 2545 nisi

121 2552 203 2588 quod
229 2555 344 2580 tentata
365 2561 413 2579 res
432 2555 480 2579 est
499 2561 515 2578 a
534 2552 690 2591 Pompeio,
714 2557 775 2581 tum
792 2555 828 2582 ab

121 2589 200 2617 aliis.
215 2606 253 2611 ——
267 2592 284 2618 5
311 2589 462 2617 Truncum
482 2598 612 2626 quercus
642 2595 827 2629 amputatum

123 2627 230 2655 statuit
242 2627 354 2656 AEneas
374 2627 403 2655 in
425 2627 541 2661 tumulo,
567 2638 619 2656 seu
640 2629 830 2658 eminentiore

123 2665 199 2696 loco,
224 2675 276 2693 seu
293 2669 373 2693 terra
387 2669 518 2703 aggesta.
541 2676 645 2706 afluere
667 2678 831 2708 camporum

124 2703 214 2732 medio
227 2703 306 2733 dixit
328 2704 443 2733 Statius
466 2704 485 2732 1.
501 2715 528 2734 c.
550 2705 716 2734 mex-tela
730 2710 831 2734 trunca

865 2132 933 2166 viri,
954 2133 1063 2161 fractas
1079 2132 1225 2163 Mezentii
1243 2133 1357 2168 hastas,
1372 2135 1417 2168 X,
1431 2137 1490 2164 882
1506 2146 1574 2174 sqq.

865 2170 908 2198 bis
923 2181 983 2205 sex,
1008 2171 1075 2199 h.e.
1101 2173 1222 2209 saepius
1263 2173 1377 2201 Statius
1400 2174 1487 2202 ibid.:
1506 2185 1575 2212 per-

857 2211 999 2247 fossaque
1012 2210 1126 2238 valuere
1141 2210 1240 2239 crebro
1256 2221 1347 2239 arma.
1387 2211 1477 2240 Illata
1490 2213 1575 2241 fuere

865 2248 987 2276 vulnera
998 2257 1054 2285 per
1064 2252 1154 2276 totam
1166 2258 1306 2286 pugnam.
1317 2259 1345 2277 v.
1355 2249 1400 2284 X,
1414 2250 1482 2278 691.
1502 2252 1573 2279 692.

866 2286 933 2314 715.
947 2287 1015 2319 [16.
1031 2286 1194 2321 (eburnam,
1206 2292 1353 2324 qnatenus
1367 2288 1474 2325 capulo
1486 2290 1575 2317 ebur-

867 2333 922 2352 neo
938 2334 963 2352 s.
974 2324 1081 2359 vagina
1095 2325 1187 2353 ebure
1199 2325 1342 2354 distincta
1355 2331 1419 2354 erat
1430 2331 1572 2356 ornatus:

868 2363 972 2400 Odyss
995 2362 1088 2397 YIII,
1101 2363 1188 2400 404.)

908 2402 955 2429 1⁴.
977 2402 1012 2429 15
1036 2400 1120 2429 timor
1140 2401 1233 2429 omnis
1256 2401 1364 2436 abesto,
1384 2402 1464 2440 quod
1485 2403 1522 2431 ad
1543 2403 1574 2431 id

868 2439 986 2474 attinet,
1001 2439 1080 2477 quod
1090 2444 1231 2477 superest,
1246 2440 1350 2477 (κατὰ)
1368 2444 1400 2469 τὸ
1415 2444 1511 2469 λεῖπον
1528 2445 1576 2469 τοῦ

869 2481 1004 2511 πολέμου.
1027 2478 1105 2512 Quae
1119 2481 1303 2515 sequnntur:
1323 2479 1383 2507 haec
1392 2483 1458 2507 smil
1471 2479 1574 2516 spolia,

867 2515 1017 2544 illustrant
1031 2515 1098 2543 illa:
1122 2515 1245 2544 maxima
1259 2526 1306 2544 res
1318 2518 1575 2554 effecta.primitioe

869 2564 913 2582 sc.
929 2553 975 2581 vel
996 2553 1076 2586 belli,
1098 2557 1145 2581 vel
1166 2553 1342 2591 spoliorum,
1364 2558 1397 2583 τὰ
1417 2558 1575 2589 ἀκροθίνια,-

869 2597 899 2620 ut
914 2592 1032 2628 poetice
1047 2592 1198 2620 ornaverit
1214 2602 1277 2620 rein
1293 2597 1323 2621 et
1334 2593 1457 2630 propria
1471 2597 1502 2621 et
1521 2603 1574 2621 ex-

870 2630 981 2667 quisita
1002 2640 1088 2657 voce.
1113 2630 1146 2658 de
1170 2640 1235 2667 νᾶφε
1253 2628 1574 2669 superbosMezentim

870 2677 927 2695 non
950 2668 1062 2701 Tarm,
1087 2673 1118 2696 ut
1135 2668 1222 2696 Serv.
1241 2672 1271 2697 et
1294 2669 1435 2698 alitum
1449 2669 1495 2697 ubi
1510 2670 1575 2706 pri-

872 2716 959 2741 mum,
981 2716 1049 2735 cum
1073 2707 1214 2745 primum,
1237 2707 1336 2737 vellere
1356 2708 1439 2744 siqua
1468 2716 1575 2735 annuc—
