1796 3077
183 214 280 259 328
615 207 657 245 P.
689 203 921 243 VIRGILII
952 204 1200 243 MARONIS

185 331 355 375 AEneam,
376 327 612 377 mandatque,
629 335 680 370 ut,
701 325 830 364 relicta
845 326 986 370 Africa,
1007 326 1043 362 in
1059 325 1206 363 Italiam
1227 327 1522 377 naviget-—278.
1560 326 1628 364 Ille

182 385 289 422 Jovis
315 384 469 434 imperio
488 393 630 417 morem
648 392 794 427 gemm,
811 392 1047 428 quaecunque
1063 378 1111 415 ad
1131 380 1405 429 navigationem
1420 389 1543 418 essent
1564 393 1629 416 ne-

184 437 355 481 cessaria,
375 437 468 473 clam
487 447 553 483 per
573 432 694 469 socios
721 433 843 481 parari
872 432 1127 482 jubet—295.
1184 432 1237 469 At
1254 433 1368 478 Dido,
1389 434 1453 470 ubi
1473 433 1630 470 classem

185 489 381 528 instaurari
410 487 535 531 sensit,
555 485 743 535 suspicata
768 485 817 530 id,
838 486 941 535 quod
961 499 1019 522 res
1039 493 1129 530 erat,
1158 486 1321 534 graviter
1351 500 1434 523 cum
1454 487 1534 536 ipso
1561 500 1628 523 ex·

183 544 360 595 postulat,
377 541 626 591 precibusque
649 547 687 576 et
705 538 867 576 lacrimis
894 539 1056 589 primurn
1077 539 1157 588 ipsa
1175 552 1260 576 eum
1288 539 1336 575 ab
1355 539 1501 589 incepto
1520 553 1630 576 revo-

184 611 267 635 care
285 603 451 638 conatur,
471 602 551 631 tum
571 606 637 642 per
656 605 822 630 sororem
836 592 875 629 id
896 592 1027 630 saltem
1040 593 1241 642 impetrare
1256 599 1384 636 tentat,
1403 601 1444 629 ut
1458 592 1629 642 aliquan-

184 651 297 699 tisper
316 649 625 685 moretur—449.
657 644 825 683 Frustra.
881 645 1031 690 AEneaS‚
1061 659 1155 683 nave
1175 658 1388 690 conscensa,
1417 645 1562 690 iterum,
1592 646 1628 683 in

183 702 334 745 somnis,
353 714 375 737 a
395 699 588 736 Mercurio
607 698 832 744 admonitus,
853 699 1077 749 intempesta
1105 707 1215 736 nocte
1233 712 1387 736 ancoras
1408 698 1530 739 solvit.
1553 702 1628 735 554

183 759 325 792 —583.
381 753 452 790 Illa
483 761 592 790 nocte
611 752 752 801 regina,
772 766 872 802 quae,
892 752 1032 790 doloris
1051 752 1259 802 impatiens,
1289 753 1383 789 mori
1403 751 1630 798 decreverat,

182 810 417 851 cmo-473„
437 815 485 851 et,
507 806 631 843 celans
650 818 816 843 sororem
835 805 939 855 quod
958 804 1081 843 animo
1100 805 1361 850 meditabatur,
1381 813 1576 843 exstructa
1595 806 1633 843 in

181 862 338 899 editiore
350 860 490 897 aedium
508 867 613 909 parte
628 859 770 908 ingenti
789 872 892 909 pyra,
910 872 1057 896 sacrum
1076 859 1278 908 magicum,
1293 872 1369 908 quo
1387 873 1426 896 se
1443 861 1489 896 ab
1504 872 1631 896 amore

181 915 355 958 solveret,
376 921 572 963 paraverat
591 916 830 957 mit-521„
845 912 1129 950 recrudescente
1149 912 1278 949 dolore
1300 913 1392 949 furit
1412 916 1486 950 522
1497 916 1634 950 -5530

180 968 281 1005 Tum
309 980 418 1004 mane
433 966 620 1016 Trojanos
639 965 769 1002 videns
790 966 826 1002 in
845 965 964 1002 altum
983 974 1145 1007 evectos,
1167 965 1258 1001 diris
1278 965 1435 1003 AEneam
1455 966 1630 1011 devovet,

183 1023 416 1064 ,wi—629„
437 1019 682 1068 ablegataque
712 1018 842 1063 Barce,
871 1018 1021 1067 Sychaei
1049 1018 1205 1062 nutrice,
1236 1031 1282 1055 ne
1310 1019 1402 1068 quid
1435 1019 1631 1057 destinatae

182 1074 295 1113 morti
315 1072 570 1122 impedimenti
589 1072 752 1117 afferret,
772 1084 902 1109 necem
922 1071 994 1108 sibi
1012 1071 1227 1109 consciscit.

187 1199 258 1238 AT
278 1197 435 1252 regina,
458 1197 573 1251 gravi
588 1196 837 1249 jamdudum
859 1196 999 1236 saucia
1018 1210 1134 1244 cura,

188 1255 354 1295 Vulnus
373 1254 445 1294 alit
467 1253 593 1301 venis,
615 1260 658 1293 et
677 1266 790 1293 caeco
811 1253 997 1305 carpitur
1019 1252 1119 1306 igni.

188 1311 329 1352 Multa
349 1311 425 1350 viri
445 1310 574 1349 virtus
595 1309 745 1357 animo,
766 1308 1005 1361 multusque
1028 1315 1215 1349 recursat

189 1368 342 1408 Gentis
362 1367 495 1406 honos
513 1382 522 1414 3
554 1365 716 1405 haerent
734 1363 851 1404 infixi
870 1372 1042 1417 pectore
1063 1364 1214 1412 vultus,

188 1424 420 1476 Verbaque
438 1440 447 1471 3
478 1435 556 1463 nec
577 1421 660 1475 pla(
673 1421 783 1461 idam
802 1421 998 1460 membris
1019 1421 1092 1461 dat
1113 1435 1214 1462 cura
1234 1420 1428 1474 quietem.
1609 1424 1634 1464 5

189 1480 368 1521 Postera
389 1479 580 1520 Phoebea
602 1477 807 1518 lustrabat
827 1476 1020 1531 lampade
1041 1484 1173 1517 terras

190 1537 531 1589 Humentemque
552 1533 721 1575 Aurora
740 1533 837 1588 polo
857 1534 1087 1575 dimoverat
1107 1535 1320 1584 umbram;

192 1594 338 1641 Quum
358 1594 415 1635 sic
435 1592 670 1633 unanimam
692 1590 917 1645 alloquitur
936 1590 1042 1632 male
1064 1606 1163 1632 sana
1184 1605 1367 1632 sororem
1384 1606 1394 1632 ε

231 1724 304 1751 1-5
316 1720 557 1760 Splendidalibri
568 1720 658 1754 frons,
671 1724 699 1748 et
708 1719 815 1748 eximia
828 1730 893 1758 gra·

192 1762 307 1789 vissimi
335 1759 444 1789 amoris
469 1758 642 1787 declaratio.
702 1759 746 1786 At
773 1759 896 1796 respicit

194 1809 315 1827 versum
329 1799 383 1827 ult.
398 1796 465 1825 libri
478 1797 540 1824 III.
556 1796 665 1824 AEneas
681 1796 765 1824 tinem
780 1796 896 1824 dicendi

933 1719 998 1757 pari
1019 1719 1121 1749 docuit
1137 1719 1363 1748 Drakenborch.
1381 1720 1428 1748 ad.
1452 1717 1517 1746 Liv.
1531 1719 1578 1751 31,
1602 1719 1639 1752 l..

933 1763 963 1786 et
979 1769 1051 1786 usus
1062 1759 1203 1795 adjectivi
1214 1758 1357 1796 plurimus
1366 1758 1478 1787 accedit
1493 1758 1556 1791 XI,
1573 1759 1640 1786 312.

935 1797 1039 1824 Potuit
1060 1808 1124 1835 quoe
1146 1797 1274 1834 plurima
1297 1798 1389 1825 virtus
1416 1797 1589 1833 Esse,suit.
1604 1798 1642 1825 cl'.

195 1838 243 1865 hic
257 1838 325 1866 fecit
340 1847 348 1872 3
367 1835 473 1874 regina
486 1844 557 1863 vcro
571 1844 608 1862 ex
621 1835 787 1862 narratione
804 1834 897 1862 multo

196 1876 292 1911 magis
309 1884 408 1904 amore
425 1873 492 1905 viri,
508 1883 588 1905 cum,
602 1872 658 1900 fuit
671 1873 801 1901 incensa.
816 1872 899 1909 (Op-

197 1911 296 1951 posita
319 1912 391 1941 mihi
406 1911 544 1939 videntur
558 1911 641 1938 lucc:
664 1910 774 1938 AEneas
799 1919 900 1938 somno

195 1951 331 1989 quievit3
353 1954 382 1979 at
401 1950 480 1978 Dido
504 1959 601 1977 amore
616 1949 763 1977 concitata
784 1948 900 1986 placide

198 1990 352 2027 quiescere
367 1998 423 2016 non
439 1987 546 2026 potuit.
586 1987 672 2015 Hanc
689 1988 901 2015 sententiarum

198 2027 435 2065 conjunctionem
458 2026 505 2054 vel
532 2025 627 2053 oratio
650 2035 703 2063 per
723 2025 902 2071 particulam

199 2071 229 2094 ant
245 2066 398 2104 prioribus
414 2074 526 2093 annexa
540 2063 684 2101 postulat.
711 2063 778 2102 hs.)
791 2064 903 2098 vulnus,

199 2105 279 2142 quod
308 2104 382 2132 alias
414 2108 547 2140 pectore,
582 2102 715 2136 ossibus,
751 2102 901 2136 medullis,

200 2153 276 2172 nunc
289 2142 377 2171 aliter
393 2141 483 2175 venis,
504 2144 627 2179 propter
641 2140 813 2178 sanguinem
826 2144 901 2169 aestn

199 2181 308 2209 amoris
323 2180 512 2213 concitatum,
526 2183 557 2207 et
571 2179 799 2217 occultusiym's,
815 2189 903 2217 quem

199 2229 235 2248 ne
250 2219 376 2247 alienum
392 2222 478 2256 putes
490 2228 507 2246 a
525 2217 661 2252 vulnere,
678 2217 835 2255 Cupidinis
849 2220 904 2247 ἰοὺς

201 2262 350 2293 πυρφόρους
369 2257 484 2293 cogites
506 2266 628 2284 necesse
643 2260 708 2292 est3
730 2260 759 2284 et
782 2256 904 2294 Apollo-

202 2296 269 2323 nius
293 2296 346 2323 lib.
370 2295 436 2328 III,
459 2297 527 2324 286.
551 2295 622 2323 287.
645 2295 821 2323 obversatus
849 2298 904 2323 est.

201 2333 407 2371 subjiciuntur
432 2343 530 2362 causae
552 2332 679 2361 amoris:
709 2333 807 2366 multa,
829 2333 904 2361 mul-

201 2376 276 2405 tum,
291 2371 383 2400 atzimo
395 2377 522 2400 recursat
531 2371 623 2400 virtus
634 2371 749 2405 AEneae,
762 2375 792 2400 et
803 2371 904 2410 splen-

202 2410 306 2438 didum
321 2411 385 2447 ejus
401 2420 493 2447 genus
510 2421 526 2439 a
544 2410 660 2439 Venere
677 2411 811 2444 ductum,
825 2410 905 2448 quod

201 2448 300 2476 malim
325 2449 381 2485 <cs-
398 2450 443 2477 12.
456 2453 485 2477 et
509 2449 573 2483 XI,
593 2450 649 2477 305
663 2459 727 2477 cum
745 2453 826 2487 yeme
840 2448 905 2477 deo-

200 2496 274 2514 rum.
295 2486 359 2519 W.)
380 2487 426 2514 vel
442 2488 636 2525 Trojanorum
651 2487 763 2516 clarum
780 2497 903 2523 nomen3

203 2528 266 2553 tum
281 2524 412 2562 dignitas
429 2525 499 2559 oris,
520 2525 626 2559 vultus,
642 2529 672 2554 et
685 2535 752 2564 quae
777 2526 814 2554 de
829 2536 860 2554 se
875 2529 905 2554 et

201 2563 270 2591 fatis
295 2562 359 2590 suis
382 2568 569 2592 narraverat:
591 2574 628 2592 ne
656 2568 757 2593 contra
777 2564 907 2601 dignita-

204 2605 263 2630 tem
289 2601 341 2629 illo
368 2601 462 2629 teneri
490 2602 570 2630 Dido
592 2602 740 2631 videatur.
781 2603 906 2640 (Erunt,

204 2639 257 2677 qui
282 2638 372 2667 multa
394 2639 486 2667 virtus
507 2649 560 2677 pro
579 2650 684 2678 magna
705 2641 800 2669 virtus
830 2641 907 2670 acci-

204 2678 298 2715 piant.
337 2677 413 2706 Nam
437 2681 465 2706 et
486 2677 590 2706 multus
612 2688 666 2716 pro
685 2689 802 2716 mayuus
822 2689 907 2709 usur-

815 2723 838 2760 7

937 1834 983 1867 ΙΙ,
1013 1836 1082 1863 429.
1123 1836 1244 1870 Quibus
1270 1845 1326 1873 ego
1357 1836 1552 1871 sutl'ragabor.
1580 1834 1642 1869 W.)

939 1873 988 1900 Ad
1016 1883 1047 1901 v.
1062 1875 1091 1901 4.
1115 1875 1144 1900 5.
1158 1874 1236 1901 conf.
1256 1874 1396 1910 Apollon.
1412 1874 1479 1906 111,
1495 1875 1552 1902 453
1576 1883 1643 1910 sqq.

940 1911 1034 1938 Amor
1048 1915 1146 1939 autem
1163 1911 1211 1939 liic
1229 1912 1255 1939 is
1277 1915 1333 1944 est.
1347 1921 1406 1949 quo
1427 1912 1530 1940 Venus
1547 1916 1577 1940 et
1591 1913 1646 1940 sal-

941 1957 992 1976 sus
1009 1949 1155 1977 Ascanius
1171 1949 1317 1978 Didonem
1333 1950 1520 1978 incenderant
1532 1960 1598 1987 sup.
1617 1951 1643 1983 1,

941 1988 1009 2015 072.
1034 1989 1091 2016 712
1115 1989 1228 2024 sq.—fi.
1245 1989 1263 2016 7
1282 1987 1432 2016 Auroram
1450 1997 1504 2025 pro
1530 1989 1589 2023 «lie,
1611 1994 1644 2018 ut

943 2025 1076 2054 Homero
1088 2028 1151 2054 Ἠώς
1166 2026 1247 2054 dicta
1261 2029 1318 2059 est,
1331 2030 1453 2064 propter
1469 2026 1582 2064 reliqua
1596 2038 1643 2055 ac-

942 2063 1031 2101 cipio.
1070 2064 1209 2101 (Aurora
1223 2068 1342 2102 tempus
1364 2064 1537 2093 matutinum
1551 2070 1646 2099 notat,

943 2106 972 2130 et
986 2102 1122 2140 tempori,
1138 2103 1218 2139 quod
1233 2102 1274 2130 ibi
1290 2102 1332 2137 fit,
1344 2113 1424 2141 saepe
1436 2103 1590 2137 tribuitur,
1606 2105 1645 2133 cs.

943 2140 1010 2169 Val.
1031 2140 1078 2169 Fl.
1098 2141 1124 2174 Ι,
1148 2142 1215 2169 310.
1236 2142 1304 2169 311.
1344 2142 1393 2170 lta
1412 2151 1546 2170 auroram
1573 2142 1645 2171 lam-

944 2179 1021 2216 pade
1035 2179 1169 2208 Phoebea
1180 2179 1354 2208 lustrantem
1371 2184 1467 2209 terras
1482 2190 1537 2208 non
1557 2181 1645 2210 mira-

944 2218 1033 2248 beris.
1050 2216 1113 2253 W.)
1135 2218 1249 2246 Versus
1266 2218 1340 2247 alter
1353 2219 1415 2256 jam
1429 2219 1481 2248 lib.
1496 2219 1564 2253 III,
1578 2220 1646 2248 589.

944 2257 1129 2286 occurrebat.
1142 2256 1265 2285 lustrare
1279 2257 1308 2285 in
1326 2257 1373 2285 his
1395 2261 1425 2286 et
1439 2257 1586 2285 similibus
1600 2261 1646 2285 est

945 2295 1038 2323 obire.
1078 2294 1251 2332 Lampadem
1267 2305 1322 2333 pro
1336 2296 1399 2324 sace
1411 2297 1473 2334 jam
1488 2296 1645 2324 Lucretius

943 2332 1032 2361 dixit.
1072 2333 1245 2362 Humentem
1261 2334 1399 2369 umbram,
1422 2345 1451 2363 v.
1467 2343 1533 2371 sup.
1549 2333 1595 2367 II,
1614 2337 1643 2362 ὅ.

943 2382 999 2400 nox
1023 2371 1205 2400 humida—S
1226 2372 1297 2400 male
1319 2383 1402 2405 sana,
1415 2372 1528 2404 insana,
1549 2385 1646 2405 μαιιο-

943 2413 1020 2444 μένη.
1075 2411 1315 2440 Amantissimam
1339 2419 1470 2440 sororem
1493 2409 1647 2447 exquisito

944 2449 1090 2478 vocabulo
1111 2450 1274 2478 unanimam
1293 2449 1380 2479 dixit.
1420 2448 1508 2484 Quod
1530 2449 1645 2477 Annam

943 2497 1074 2516 sororem
1090 2487 1218 2517 Didonis
1234 2487 1359 2522 inducit,
1380 2496 1434 2515 non
1446 2485 1598 2519 nutricem,
1612 2492 1646 2516 ut

943 2525 1004 2555 sere
1031 2526 1130 2555 Graeci
1156 2526 1184 2555 in
1209 2526 1261 2554 tali
1288 2535 1321 2555 re
1354 2525 1460 2559 solent,
1486 2525 1645 2554 admodum

946 2564 1052 2602 placet.
1079 2565 1139 2593 Sed
1154 2565 1184 2593 id
1196 2564 1342 2603 Virgilius
1356 2563 1514 2602 Apollonio
1526 2563 1646 2592 Rhodio

946 2603 1048 2638 debet,
1066 2603 1116 2640 qui
1138 2603 1322 2640 Clialciopae,
1337 2602 1456 2630 Medeae
1480 2601 1585 2636 sorori,
1607 2603 1647 2630 si-

948 2641 1015 2670 mile
1037 2641 1165 2670 officium
1185 2641 1348 2676 tribueram
1369 2649 1386 2668 a
1411 2650 1470 2678 quo
1492 2640 1579 2668 etiam
1601 2641 1646 2668 in-

948 2680 1060 2710 somnia
1091 2680 1180 2709 habet
1214 2678 1339 2708 Didonis
1370 2682 1400 2707 et
1433 2678 1646 2708 confessionem
