1796 3077
566 220 907 259 GEORGICON.

148 343 403 386 Observant.

966 221 1064 258 ΜΒ.
1098 221 1166 258 η’.
1519 227 1606 271 185

465 344 587 400 Rege
609 345 817 394 incolumi,
839 360 954 387 mens
975 345 1167 387 omnibus
1189 360 1271 386 una
1291 351 1378 393 est3

149 400 330 450 Amisso,
352 416 506 456 rupere
527 403 654 444 fidem
675 410 1002 457 constructaque
1023 401 1147 443 mella

148 458 376 513 Diripuere
398 459 513 514 ipsae,
534 467 578 502 et
598 467 734 501 crates
754 459 915 501 solvere
937 460 1138 501 favorum.

145 514 222 556 Ille
241 530 418 570 operum
437 525 577 558 custos
597 534 606 567 ;
629 516 745 558 illum
766 517 1038 566 admirantur,
1060 524 1103 557 et
1124 531 1267 558 omnes
1522 516 1605 555 9215

149 571 433 614 Circumstant
452 573 621 615 fremitu
641 574 785 623 denso,
808 575 1048 629 stipantque
1069 573 1311 628 frequentes
1330 589 1339 623 ;

145 628 207 670 Et
227 645 341 684 saepe
362 630 559 672 attollunt
579 631 776 680 humeris,
798 638 841 672 et
861 646 1041 686 corpora
1059 630 1170 672 bello

148 685 393 740 objectant,
415 687 719 742 pulchramque
740 696 890 742 petunt
910 703 988 743 per
1007 687 1180 729 vulnera
1200 695 1390 729 mortem.

204 743 286 784 His
307 744 479 798 quidam
500 746 627 799 signis
649 753 776 799 atque
795 745 888 787 haec
908 744 1102 799 exempla
1122 746 1267 795 secuti,

145 799 255 841 Esse
277 802 427 855 apibus
448 810 613 855 partem
634 802 786 843 divinae
806 803 957 842 mentis
979 810 1021 843 et
1043 802 1218 843 haustus

146 857 369 898 AEtherios
390 858 536 898 dixere
553 874 561 898 :
585 859 711 898 deum
731 873 912 912 namque
933 859 992 899 ire
1012 874 1091 912 per
1111 874 1254 899 omnes

145 913 403 968 Terrasque‚
426 921 669 969 tractusque
690 915 827 964 maris,
850 914 1088 968 coelumque
1110 915 1391 969 profundu1n;

144 970 259 1012 Hinc
278 971 478 1026 pecudes,
501 980 701 1020 armenta,
723 973 845 1021 virus,
868 987 1001 1026 genus
1023 987 1145 1013 omne
1167 972 1364 1020 serarum,

148 1027 374 1082 Quemque
395 1029 474 1069 sibi
494 1036 641 1069 tenues
660 1036 901 1070 nascentem
921 1043 1133 1070 arcessere
1154 1030 1258 1070 vitas
1280 1047 1289 1078 ;

145 1084 315 1126 Scilicet
335 1085 419 1126 huc
440 1086 561 1126 reddi
582 1086 735 1127 deinde
755 1101 804 1127 ac
825 1085 1009 1127 resoluta
1029 1086 1177 1127 referri

1525 1084 1609 1124 {2525

146 1141 324 1192 Omnia3
346 1157 423 1184 nec
445 1143 569 1183 morti
589 1157 681 1184 esse
701 1142 853 1191 locum,
876 1143 951 1184 sed
975 1144 1065 1183 viva
1085 1143 1226 1184 volare

144 1199 304 1240 Sideris
325 1200 367 1239 in
387 1214 619 1248 numerum,
641 1207 768 1254 atque
789 1199 874 1240 alto
894 1201 1123 1241 succedere
1144 1199 1265 1241 coelo.

202 1256 249 1297 Si
269 1257 440 1311 quando
461 1257 605 1299 sedem
625 1265 850 1312 augustam
875 1264 1125 1312 servataque
1146 1256 1269 1298 mella

143 1398 249 1438 grapbi
278 1398 379 1428 silent.
430 1398 508 1429 Mihi
536 1401 626 1439 poeta
658 1400 780 1429 videtur
801 1401 853 1430 do-

143 1438 263 1475 signare
310 1437 471 1477 imperium
507 1444 642 1468 veterum
679 1440 852 1475 Persarum,

142 1479 231 1515 cujus
267 1476 338 1506 fines
364 1477 401 1506 ad
438 1477 535 1507 Indiae
559 1478 640 1507 illam
671 1482 800 1516 partem.
822 1480 851 1508 in

143 1525 203 1553 qua
219 1515 381 1554 Hydaspes
409 1521 465 1551 est,
506 1517 703 1555 pertinebant.
744 1518 854 1555 Itaque

142 1563 200 1592 pro
222 1555 355 1588 Persico,
376 1565 431 1584 seu
466 1555 572 1589 Persa,
600 1555 719 1584 Medum
745 1566 859 1584 amnem

143 1593 264 1659 poetico
296 1604 378 1623 more
403 1594 578 1631 appellavit.
604 1598 638 1622 ut
665 1593 775 1622 Horat.
798 1595 858 1623 Od.

166 1654 174 1666 ,
208 1633 238 1665 2,
277 1634 325 1661 51.
367 1636 397 1661 et
430 1633 467 1661 al.
482 1634 603 1661 —212.
645 1633 704 1661 213
746 1632 859 1671 Respi-

141 1670 186 1698 oit
223 1671 323 1700 locum
343 1672 459 1700 Seneca
489 1672 526 1699 de
550 1672 698 1700 Clement.
731 1671 759 1704 1,
788 1673 859 1699 4.—

141 1710 201 1738 214
226 1714 321 1738 crates
340 1712 490 1747 favorum,
519 1719 575 1748 pro
601 1709 718 1745 textis;
745 1720 774 1739 v.
801 1711 857 1739 Ge.

144 1748 211 1776 166.
236 1748 345 1776 faciunt
363 1748 471 1786 igitur,
497 1749 577 1786 quod
603 1758 684 1786 saepe
704 1749 857 1778 exercitus

142 1786 252 1815 fecisse
275 1787 415 1823 legimus,
440 1787 517 1816 duce
540 1786 651 1816 amisso
679 1786 799 1816 solvunt
823 1788 856 1816 f·-

144 1825 225 1859 dem,
241 1825 494 1854 deficiunt—216
506 1826 547 1853 V.
560 1825 647 1854 Varr.
662 1825 728 1856 III.
752 1827 799 1859 16,
814 1827 832 1854 ὃ
848 1837 854 1854 ;

144 1864 274 1893 Aristot.
300 1864 343 1892 H.
361 1865 399 1892 A.
421 1864 487 1898 IX,
512 1865 647 1893 40—217
669 1863 740 1891 bello
765 1864 855 1901 objec-

143 1907 218 1938 tant,
240 1903 330 1931 armis
346 1902 518 1938 hostilibus,
538 1903 744 1941 ingruentibus
758 1903 855 1932 hosti-

144 1942 213 1970 bus.

182 1981 352 2010 219—227
379 1980 428 2008 Ex
456 1980 718 2019 Pythagoreorum
743 1980 855 2019 discip-

143 2017 214 2052 lina,
246 2029 334 2057 quam
368 2019 476 2048 deinde
504 2019 654 2048 Platonici
687 2030 721 2048 ac
749 2020 854 2054 Stoici,

143 2067 322 2096 quamquam
333 2058 462 2087 diversis
474 2058 584 2096 quique
597 2058 694 2087 modis
705 2068 856 2087 commen-

143 2099 251 2129 tantes,
277 2097 408 2135 amplexi
431 2102 512 2130 sunt,
533 2097 598 2125 haec
621 2101 690 2126 sunt
709 2097 804 2136 petita
818 2098 856 2126 de

143 2135 239 2162 anima
267 2135 380 2169 mundi,
413 2136 442 2164 h.
473 2136 623 2174 principio
652 2141 768 2175 agente,
803 2146 857 2174 per

145 2182 259 2201 omnem
273 2178 406 2203 naturam
421 2175 497 2209 fusa,
519 2175 648 2203 omnium
665 2175 855 2204 animantium

145 2211 256 2240 animas
276 2212 529 2247 subministrante,
550 2217 580 2242 et
601 2214 736 2247 easdem,
758 2214 856 2242 disso-

144 2250 209 2278 luto
224 2260 362 2288 corpore.
384 2251 412 2279 in
428 2262 470 2284 se,
492 2257 526 2280 ut
540 2252 598 2280 sibi
613 2256 761 2287 συγγενεῖς,
782 2253 856 2281 reci—

146 2288 258 2326 piente.
303 2289 379 2317 Cum
393 2294 491 2318 autem
506 2290 557 2319 illa
570 2301 653 2319 mens
668 2291 857 2320 subtilissimi

148 2338 183 2356 nc
210 2327 365 2365 purissimi
393 2328 514 2357 aetheris
546 2333 596 2358 aut
623 2329 701 2368 iguis
723 2334 857 2359 naturam

146 2366 254 2395 habere
275 2367 460 2400 crederetur,
481 2367 607 2405 spiritus
623 2378 662 2396 ex
676 2378 710 2397 ea
721 2379 858 2397 emanan-

145 2410 192 2434 tes
208 2405 341 2434 aetherios
355 2405 474 2433 haustus
488 2406 577 2435 dixit.
608 2407 694 2435 Idem
713 2407 855 2444 placitum

145 2444 288 2482 exposuit
302 2444 371 2472 [En.
386 2443 445 2477 VI,
466 2445 534 2473 724.
556 2446 611 2473 751
626 2455 633 2481 3
656 2450 685 2473 et
699 2447 858 2474 tenendum

145 2482 221 2511 illud
248 2487 371 2520 propter
396 2482 491 2511 multa
519 2481 576 2511 alia
601 2485 756 2521 poetarum
782 2484 858 2513 loca.

147 2519 269 2550 Scilicet
293 2531 398 2560 magna
424 2531 493 2558 pars
519 2522 704 2559 poeticorum
724 2523 857 2561 pbiloso-

146 2559 316 2596 phematum
353 2570 392 2589 ex
425 2560 637 2597 Empedocleis
673 2564 720 2589 est
752 2561 857 2599 petita,

148 2607 273 2634 quorum
298 2609 402 2637 magna
427 2598 590 2627 auctoritas
619 2600 765 2636 quondam
792 2610 858 2629 esse

147 2635 358 2666 demin—219
380 2638 429 2666 Ex
443 2638 490 2666 his
505 2637 608 2675 siguis,
631 2640 790 2671 τεκμερίοις,
811 2643 856 2666 at-

147 2684 202 2711 que
218 2674 276 2703 hoec
291 2677 430 2715 exempla,
452 2679 637 2714 argumenta,
658 2676 756 2704 secuti.
796 2677 856 2705 Or-

148 2712 231 2741 navit
245 2715 334 2750 po'eta
346 2715 470 2752 vulgare
485 2726 490 2743 :
514 2715 574 2743 His
588 2724 676 2752 apum
690 2714 776 2742 factis
791 2715 856 2752 qui-

147 2751 216 2779 dam
238 2752 456 2794 adductisunt,
479 2757 510 2782 ut
525 2753 717 2792 opinarentur
732 2758 790 2783 etc.
811 2754 854 2782 H.

894 1399 955 1429 Hic
968 1400 1058 1439 siquis
1073 1401 1102 1429 l1.
1117 1411 1133 1428 e
1158 1410 1250 1438 quum
1265 1399 1330 1428 haec
1347 1398 1429 1436 signu
1442 1396 1514 1425 sint.
1545 1396 1608 1441 No=

893 1440 1001 1468 tandus
1024 1444 1070 1468 est
1090 1439 1238 1467 ablativus
1256 1438 1413 1466 absolutus
1433 1446 1501 1464 cum
1517 1439 1612 1472 parts-

893 1479 973 1516 cipio
995 1489 1049 1516 per
1073 1478 1310 1515 conjunctionem
1333 1481 1419 1514 atque
1438 1475 1608 1517 copulatus,

897 1524 1105 1553 argumentum
1137 1521 1262 1550 certum,
1294 1522 1381 1553 quam
1414 1517 1496 1542 arete
1512 1551 1516 1556 ¹
1531 1517 1609 1556 rat-1¹0

900 1556 1098 1584 ablativorum
1121 1555 1326 1583 absolutorum
1349 1562 1417 1581 cum
1443 1555 1610 1589 partic-lpus

898 1594 1058 1622 cobaereat.
1081 1593 1185 1622 Livius
1202 1594 1251 1627 21,
1273 1593 1323 1621 34.
1342 1589 1609 1633 Hannibal—ebsi-

898 1632 980 1659 dibus
995 1632 1128 1669 acceptis,
1150 1636 1178 1660 et
1192 1635 1346 1660 commeatu
1360 1633 1608 1667 usus—sequetur.

899 1671 1044 1700 Similiter
1059 1671 1168 1703 Graeci,
1186 1671 1246 1699 vid.
1258 1670 1398 1707 Thucyd.
1411 1669 1439 1702 Ι,
1453 1670 1481 1697 2.
1495 1670 1544 1696 65.
1558 1669 1607 1697 75.

899 1709 1056 1738 Demosth.
1071 1710 1100 1738 in
1116 1709 1193 1737 Mid.
1210 1719 1237 1737 c.
1249 1710 1278 1737 3.
1294 1709 1353 1742 14„
1376 1708 1538 1747 genitivum
1555 1707 1607 1734 ab-

897 1748 1027 1777 solutum
1036 1752 1066 1777 et
1076 1748 1268 1786 participium
1277 1749 1503 1784 conjunxerunt.
1521 1745 1608 1775 ΗΓ.-

895 1788 954 1815 222
974 1786 1072 1815 caelum
1091 1786 1275 1824 profundum,
1296 1786 1399 1820 altum,
1420 1785 1450 1813 in
1472 1794 1609 1822 magnam

896 1825 1082 1855 altitudinem
1109 1835 1294 1863 exsurgens3
1334 1828 1366 1853 ut
1391 1828 1493 1852 contra
1516 1823 1607 1852 altum

895 1874 973 1892 mare
989 1874 1043 1902 pro
1058 1864 1217 1902 profundo.
1246 1864 1362 1892 Versus
1376 1862 1452 1892 idem
1470 1862 1535 1891 Eel.
1548 1862 1607 1897 lv,

895 1904 943 1931 51.
973 1903 1209 1941 legitur.-—224
1235 1907 1332 1931 tenues
1361 1901 1445 1935 vitas,
1487 1901 1608 1934 animas,

896 1942 1008 1980 quippe
1028 1942 1165 1971 aetliereae
1186 1946 1321 1976 natura-3
1348 1950 1504 1972 arcessere,
1529 1940 1607 1969 acci-

896 1990 978 2019 pere.
1011 1982 1087 2011 Mox
1102 1981 1206 2014 omnia,
1222 1981 1360 2019 spiritum
1375 1979 1516 2012 omnium,
1538 1983 1606 2015 quae

897 2019 987 2048 vitam
1003 2020 1060 2048 sibi
1073 2030 1111 2048 ex
1126 2020 1240 2048 aethere
1255 2019 1607 2048 arcessivissent.—z26.

895 2058 953 2087 227
980 2058 1050 2086 nibil
1078 2058 1175 2095 perire
1200 2060 1252 2094 (ut
1272 2058 1408 2086 Macrob.
1433 2058 1464 2084 S.
1486 2056 1536 2084 Sc.
1559 2056 1607 2091 II,

897 2097 974 2131 120,
997 2097 1050 2125 sed
1070 2096 1188 2125 evolare
1203 2097 1231 2124 in
1250 2096 1400 2124 aetherem.
1442 2094 1556 2123 Sideris
1576 2096 1607 2122 in

894 2146 1054 2169 munerum,
1068 2135 1144 2163 inter
1159 2135 1257 2163 sidera
1271 2145 1278 2170 ς
1292 2144 1322 2162 ν.
1336 2144 1362 2162 c.
1378 2133 1485 2161 Vellei.
1499 2133 1545 2167 II,
1557 2134 1606 2162 73.

887 2175 1031 2212 fuyitivns
1045 2174 1074 2202 in
1090 2184 1234 2201 mnrwrnm
1248 2172 1389 2200 eremitas
1400 2172 1446 2200 sui
1457 2171 1608 2209 recipiens.

897 2214 973 2243 Cum
999 2213 1075 2242 enim
1101 2222 1227 2250 corpore
1249 2212 1346 2240 soluta
1368 2212 1463 2239 anima
1482 2214 1608 2248 propter

897 2252 1048 2281 aetheriam
1062 2256 1195 2279 naturam
1217 2251 1308 2279 altum
1330 2250 1416 2288 petit,
1438 2250 1513 2278 redit
1529 2250 1606 2278 eain

898 2290 1007 2319 coelum
1023 2295 1053 2319 et
1066 2290 1154 2318 astris
1169 2289 1367 2324 admiscetur;
1388 2288 1465 2317 unde
1485 2298 1606 2317 succes-

898 2330 937 2358 sit
949 2339 1019 2358 mox
1032 2328 1082 2357 illa
1093 2329 1203 2365 opinio,
1214 2329 1429 2365 quajustorum
1440 2337 1474 2356 ac
1487 2327 1606 2365 piorum

898 2368 1008 2396 animas
1026 2368 1054 2395 in
1069 2367 1170 2395 sidera
1182 2367 1285 2404 reponi
1298 2366 1434 2394 arbitrati
1449 2371 1526 2395 sunt.

936 2407 1103 2436 zze—237.
1126 2407 1172 2434 De
1184 2405 1362 2434 castratione
1376 2405 1509 2433 favorum
1527 2415 1607 2443 prae1

898 2445 998 2483 cipere
1022 2445 1139 2482 incipit,
1171 2450 1202 2472 et
1229 2444 1352 2482 quidem
1377 2454 1443 2472 cum
1463 2444 1607 2482 praesidia

897 2488 998 2512 contra
1019 2494 1107 2521 apum
1126 2483 1201 2511 iram
1225 2488 1254 2511 et
1275 2484 1418 2517 furorem,
1440 2482 1553 2511 fumum
1576 2487 1607 2510 et

897 2533 982 2559 aquae
1010 2522 1224 2559 aspersionem,
1257 2526 1319 2550 tum
1349 2526 1468 2559 tempus
1504 2521 1606 2550 mella-

897 2561 986 2590 tio-nis
1008 2571 1077 2589 vere
1096 2566 1128 2589 et
1148 2564 1306 2588 auctumno
1323 2561 1532 2589 tradit—228.
1547 2560 1607 2588 229

897 2604 1046 2638 onyas-tam
1081 2599 1116 2627 ad
1151 2599 1339 2628 sanctitatem
1368 2599 1447 2627 sedis
1479 2602 1606 2636 spectat.

897 2638 982 2667 mella
1004 2642 1117 2666 servata
1141 2638 1297 2666 leesauris
1320 2637 1436 2670 relines,
1462 2648 1516 2675 pro
1539 2636 1604 2664 the-

896 2687 1002 2706 sauros
1023 2676 1118 2704 mellis
1138 2677 1261 2709 servati,
1288 2678 1339 2714 qui
1360 2676 1531 2708 relimmtur,
1559 2684 1605 2702 re-

896 2716 1070 2751 signantur:
1102 2715 1187 2743 relini
1217 2716 1355 2744 dicuntur
1389 2715 1511 2752 proprie
1544 2722 1605 2740 am-

895 2755 1009 2792 plior-12,
1023 2753 1113 2785 dulia,
1126 2760 1155 2782 et
1168 2753 1224 2784 alia
1238 2755 1332 2784 oblita
1342 2753 1409 2791 pice
1425 2756 1455 2781 et
1468 2752 1608 2781 obducta.

1306 2795 1380 2834 Bb
