1796 3077
537 286 807 325 AENEIDOS.

866 286 967 332 12113.
998 286 1067 324 1x.
1443 290 1534 335 521

88 404 219 453 Quod
240 414 446 461 superest,
467 406 552 450 laeti
571 408 680 449 bene
700 408 828 462 gestis
850 422 1028 463 corpora
1047 408 1175 449 rebus

89 463 333 513 Procurate,
355 465 443 514 viri,
465 473 506 506 et
527 480 712 520 pugnam
733 472 898 519 sperate
919 465 1070 519 parati.

87 519 256 561 Interea
275 521 445 575 vigilum
465 523 653 563 excubiis
674 522 869 562 obsidere
888 529 1032 575 portas

90 576 205 617 Cura
224 577 349 618 datur
371 578 589 633 Messapo,
617 585 660 619 et
671 578 826 619 moenia
847 578 1016 632 cingere
1035 577 1226 618 flammis.

1462 574 1540 614 160

88 633 163 674 Bis
180 642 353 688 septem,
376 634 540 677 Rutulo
559 650 700 676 muros
720 635 794 689 qui
811 634 941 675 milite
963 642 1143 683 servent,

86 689 282 741 Delecti3
313 700 377 732 ast
396 691 486 733 illos
507 692 674 734 centeni
694 706 903 746 quemque
925 698 1158 745 sequuntur

88 746 301 802 Purpurei
321 749 456 790 cristis
467 750 645 804 juvenes
665 763 853 803 auroque
873 749 1050 790 corusci.

87 803 359 854 Discurrunt,
382 807 627 859 variantque
651 806 778 854 vices,
799 805 965 859 fusique
984 820 1062 859 per
1081 804 1258 847 herbam

86 860 316 915 Indulgent
336 862 443 911 vino,
464 870 507 902 et
527 870 695 902 vertunt
716 869 899 902 crateras
920 862 1092 904 ahenos.

1457 855 1538 898 165

89 917 312 959 Collucent
329 919 448 972 ignes
467 934 476 959 ι
508 925 675 960 noctem
695 919 887 960 custodia
904 919 1021 961 ducit

85 973 325 1015 Insomnem
342 974 459 1016 ludo.

86 1029 196 1072 Haec
219 1046 346 1086 super
373 1047 396 1073 e
417 1032 525 1074 vallo
544 1040 818 1087 prospectant
838 1032 991 1083 Tro‘es,
1013 1040 1056 1075 et
1076 1027 1200 1074 armis

86 1087 190 1128 Alta
210 1095 380 1138 tenent3
413 1104 490 1130 nec
511 1104 595 1130 non
615 1091 770 1144 trepidi
789 1089 1010 1132 formidine
1031 1098 1174 1144 portas

86 1144 341 1198 Explorant,
362 1153 599 1199 pontesque
620 1155 662 1187 et
683 1147 1002 1201 propugnacula
1016 1150 1201 1201 jungunt
1219 1163 1228 1195 ;

444 1202 608 1243 Instant
631 1203 883 1244 Mnestheus
904 1218 1084 1257 acerque
1108 1205 1324 1243 Serestus:

87 1200 199 1241 Tela
217 1210 384 1255 gerunt.

1462 1140 1542 1182 170

85 1256 207 1304 Quos
228 1265 350 1312 pater
369 1257 546 1308 AEneas,
569 1259 602 1299 si
622 1260 792 1312 quando
813 1261 991 1300 adversa
1012 1266 1224 1308 vocarent,

87 1313 296 1356 Rectores
310 1314 514 1369 juvenum
536 1324 579 1357 et
599 1331 739 1357 rerum
760 1316 878 1357 dedit
898 1331 990 1357 esse
1010 1317 1246 1371 magistros·

87 1371 236 1412 Omnis
257 1386 335 1426 per
355 1387 497 1412 muros
516 1371 642 1427 legio,
665 1373 811 1413 sortita
830 1373 1049 1426 periclum,

89 1427 303 1476 Excubat,
324 1435 579 1482 exercetque
600 1429 725 1478 vices,
746 1429 861 1482 quod
883 1430 1034 1483 cuique
1056 1429 1259 1470 tuendum
1279 1433 1356 1468 est.

1462 1424 1542 1464 175

143 1484 277 1526 Nisus
299 1492 390 1526 erat
409 1492 544 1539 portae
563 1493 720 1535 custos,
741 1485 967 1526 acerrimus
988 1486 1126 1535 armis,

86 1597 145 1626 529
171 1606 218 1635 sq.
244 1601 275 1626 et
294 1611 319 1631 τ,
345 1598 414 1626 275.
464 1598 540 1626 Tum
563 1598 675 1636 priscae
696 1598 796 1628 aetatis

86 1645 152 1664 mos
172 1640 203 1664 et
224 1635 342 1665 militiae
364 1637 553 1665 observanda
574 1642 621 1665 est
636 1637 796 1675 imperitia,

87 1674 170 1712 quod
180 1674 288 1703 Rutuli
301 1679 402 1704 castra
411 1679 597 1713 oppugnant,
611 1676 671 1713 ipsi
686 1676 796 1704 vallum

87 1712 201 1741 nullum
225 1713 349 1751 ducunt,
376 1723 435 1752 quo
462 1723 494 1742 se
520 1718 670 1743 tueantur.
730 1715 795 1743 Nec

85 1751 175 1780 aliter
193 1752 326 1789 Trojani,
348 1753 399 1790 qui
417 1752 601 1781 Achivorum
622 1757 722 1782 castra
742 1763 797 1790 op-

87 1794 232 1828 pugnant,
259 1789 299 1818 11.
324 1794 351 1826 0,
373 1791 430 1819 sub
452 1791 574 1820 f.-160
593 1792 719 1827 flammis
743 1792 798 1820 int.

86 1828 309 1867 vigilias—Ad
324 1840 354 1858 v.
367 1830 420 1858 161
440 1839 506 1868 sqq.
518 1829 557 1859 cf.
572 1830 610 1858 Il.
623 1832 691 1863 ‹,85
707 1841 752 1868 sq.
767 1838 798 1859 et

86 1867 125 1895 ad
149 1877 178 1896 v.
205 1868 261 1895 165
287 1868 357 1897 vide
371 1868 411 1896 ΙΙ.
436 1871 461 1902 θ,
481 1870 549 1897 550.
570 1870 639 1899 551.
679 1869 797 1907 Agmen

85 1905 181 1943 igitur
210 1905 292 1935 mille
322 1906 606 1945 quadringentorum
633 1911 664 1936 et
691 1907 795 1937 decem

85 1948 216 1982 quatuor
246 1944 396 1974 hominnm
427 1946 486 1974 fuit
518 1945 797 1975 delectum.——164

85 1982 210 2011 alternis
235 1984 379 2012 excubias
405 1987 435 2013 et
457 1984 516 2013 alia
537 1984 635 2013 munia
655 1985 798 2014 militaria

85 2021 211 2055 obeunt,
244 2023 476 2051 succedentibus
503 2023 568 2052 aliis
595 2027 626 2052 et
651 2023 729 2059 aliis,
764 2027 799 2052 ut

84 2059 164 2088 bene
178 2060 283 2089 Bnrm.
302 2059 448 2099 explicat.

125 2099 280 2128 168—174
301 2100 434 2138 Trojani,
457 2099 564 2129 castris
588 2100 709 2129 tuendis
729 2111 796 2139 qnae

86 2138 256 2166 necessaria
279 2138 349 2173 sint,
371 2139 546 2177 provident.
566 2139 655 2168 armis
672 2140 733 2168 alea
757 2143 797 2168 te-

85 2179 154 2203 nent
167 2175 196 2203 h.
207 2176 329 2211 vallum,
345 2178 426 2215 quod
440 2178 533 2215 poe'ta
546 2178 675 2216 appellat
689 2188 796 2212 murex,

88 2218 196 2248 ται-νας,
223 2215 365 2244 obsident
387 2216 622 2246 armam—170
644 2221 748 2255 pontes
769 2221 797 2245 et

84 2253 302 2296 psopuqmzcula
319 2254 469 2292 junymzt:
502 2264 558 2292 per
583 2255 667 2293 ipsos
694 2265 796 2284 muros

86 2300 153 2319 vias
170 2300 223 2319 sen
237 2298 344 2328 pontes
358 2291 436 2321 inter
454 2297 562 2328 turres,
577 2294 706 2332 ideoque
720 2294 797 2323 inter

85 2329 316 2368 propugnacula
330 2340 384 2359 seu
400 2331 506 2369 pinnas
520 2333 657 2365 turrium,
672 2333 797 2367 faciunt,

86 2371 124 2397 ut
136 2368 295 2397 discursus
309 2368 436 2398 militum
448 2370 524 2399 liber
538 2371 588 2399 sit.
648 2371 718 2407 Quo
732 2372 796 2400 fere

87 2406 178 2435 modo
205 2416 280 2444 pons
303 2410 334 2435 et
360 2407 436 2445 ripae
457 2409 546 2447 jungi
569 2409 632 2439 dici
660 2414 797 2448 possunt,

89 2445 170 2483 quod
183 2445 274 2483 vulgo
293 2449 351 2479 est,
372 2456 486 2475 amnem
505 2451 596 2484 ponte
615 2449 710 2487 jungi.
726 2459 798 2487 pro-

83 2483 249 2522 qunacula
272 2484 302 2512 in
316 2484 408 2513 muris
423 2490 621 2514 memorantur
635 2497 661 2515 v.
683 2488 741 2516 664
768 2487 799 2516 It

87 2522 196 2551 clamor
216 2522 286 2551 totis
295 2533 350 2561 per
360 2523 577 2561 propugnacula
589 2526 690 2554 muris.
730 2526 799 2554 Me-

89 2560 149 2590 lius
172 2561 298 2590 fortasse
327 2561 370 2590 sic
396 2562 494 2591 locum
522 2563 682 2600 expedias.
723 2564 799 2593 Pro-

89 2600 291 2638 pugnacnlum
305 2605 353 2629 est
372 2600 456 2629 locus
470 2601 614 2636 munitus,
634 2602 799 2632 munimen-

90 2642 165 2671 tum,
186 2638 263 2667 uude
285 2644 501 2677 propugnatur,
527 2643 627 2676 potest
647 2640 713 2669 ideo
735 2641 798 2670 dici

90 2676 128 2705 de
141 2685 236 2709 muro,
250 2677 337 2706 turri.
375 2678 443 2707 Jam
459 2687 551 2716 genus
565 2682 613 2706 est
625 2679 799 2708 munimenti

92 2714 326 2743 semicircularis
356 2721 422 2745 aute
454 2716 563 2744 vallum
596 2727 649 2745 seu
681 2727 798 2746 murum

93 2756 267 2789 castrorum,
297 2756 376 2792 quod
401 2759 489 2793 ponte
511 2755 599 2793 jungi
625 2765 692 2785 cum
719 2756 797 2785 vano

835 1608 958 1628 necesse
973 1602 1030 1632 est,
1043 1598 1196 1628 diversum
1210 1597 1247 1625 ab
1260 1596 1353 1625 altero
1367 1594 1472 1624 similis
1485 1593 1545 1622 sor·

836 1647 905 1670 mae.
930 1637 1010 1675 quod
1025 1637 1055 1664 in
1074 1637 1140 1675 ipso
1154 1636 1234 1665 vallo
1260 1634 1471 1664 inaedilicatum
1487 1637 1546 1661 est.

837 1675 950 1704 Similis
965 1675 1057 1704 turris
1076 1679 1166 1713 ponte
1178 1676 1284 1712 juncta
1306 1673 1385 1702 vallo
1398 1681 1545 1701 memora-

837 1718 887 1742 tur
906 1714 958 1743 inf.
979 1715 1037 1743 530
1058 1714 1201 1752 sq.--l7l
1220 1713 1289 1742 Tela
1302 1715 1542 1754 yerzmtnconge-

835 1756 916 1785 runt,
945 1757 976 1782 et
1003 1756 1164 1790 apportant
1186 1751 1312 1780 missilia
1340 1755 1372 1779 et
1392 1749 1449 1778 aha
1474 1748 1545 1782 tela,

837 1801 963 1829 quorum
984 1800 1057 1820 usus
1084 1801 1151 1820 esse
1165 1790 1392 1828 poter-aL-—l'a‘3
1405 1787 1546 1816 Rectores

827 1830 965 1868 juvenum
987 1834 1059 1858 sunt
1077 1830 1171 1858 duces
1191 1829 1331 1862 militum,
1355 1837 1429 1871 quos
1444 1825 1544 1864 desig-

836 1873 961 1897 naverat
992 1869 1107 1898 AEneas
1138 1871 1205 1896 ante
1245 1867 1461 1905 proseeuonem
1505 1864 1545 1893 ad

835 1904 1019 1942 Evandrum,
1034 1906 1142 1945 siquid
1155 1905 1315 1939 accideret,
1328 1904 1409 1943 quod
1422 1913 1544 1942 operam

835 1945 992 1974 militarem
1026 1944 1203 1984 postularet.
1218 1961 1256 1965 —
1271 1945 1327 1974 175
1360 1942 1447 1987 vices,
1470 1940 1547 1981 quod

835 1984 1020 2022 explicative
1041 1994 1048 2020 ;
1088 1993 1144 2022 pro
1177 1982 1308 2020 vulgari,
1355 1991 1440 2010 vices
1476 1990 1545 2018 quae

836 2024 955 2052 tuendae
971 2028 1057 2058 sunt3
1088 2023 1144 2051 hoc
1165 2022 1262 2059 magis
1275 2022 1397 2051 doctum
1417 2019 1547 2063 ideoque

836 2061 999 2099 poeticum,
1029 2071 1117 2100 qnam
1141 2061 1354 2098 interpretari:
1388 2068 1443 2096 per
1463 2067 1548 2086 Vlces

838 2104 959 2129 exercet
978 2100 1021 2134 id,
1047 2100 1128 2138 qnod
1149 2104 1208 2127 ete.
1235 2098 1283 2127 vel
1310 2101 1438 2127 exercet
1463 2096 1546 2125 vices

837 2140 924 2177 (κατὰ
934 2139 983 2174 τὸ)
993 2142 1136 2176 quantum
1151 2138 1188 2166 ad
1203 2136 1234 2165 id
1249 2140 1378 2175 spectat,
1392 2135 1472 2173 quod
1486 2138 1547 2162 etc.

875 2178 1030 2206 176--449
1050 2175 1247 2205 Pervenimus
1268 2185 1344 2204 nunc
1378 2174 1417 2202 ad
1445 2173 1546 2211 episo-

836 2216 928 2249 dium,
937 2215 1073 2245 AEneidis
1084 2214 1213 2243 omnium
1221 2214 1307 2242 facile
1316 2211 1548 2246 nobilissimum,

837 2255 874 2283 de
888 2255 965 2284 Niso
987 2259 1018 2283 et
1034 2253 1179 2286 Eurvalo,
1203 2253 1289 2290 cujus
1309 2250 1443 2280 suavitas
1464 2260 1545 2279 snm-

836 2303 885 2321 ma
911 2293 1058 2330 imprimis
1089 2292 1127 2320 ad
1153 2300 1273 2320 sensum
1302 2294 1333 2319 et
1359 2289 1546 2318 affectionem

837 2332 975 2360 amicitia}
990 2341 1056 2360 sese
1070 2330 1172 2359 refert.
1212 2329 1275 2358 Sed
1288 2331 1482 2358 accesserunt
1501 2331 1548 2357 tot

837 2370 894 2399 alia
915 2371 954 2399 ad
978 2370 1090 2399 animos
1112 2367 1277 2398 movendos
1302 2366 1545 2396 accommodata:

862 2419 990 2438 enerosa
1023 2417 1184 2447 puerorum
1219 2405 1360 2443 indole53
1401 2405 1546 2444 praeclara

838 2419 936 2476 fandis
948 2447 1070 2485 cupido,
1097 2450 1127 2475 et
1140 2446 1236 2474 virtus
1251 2444 1361 2474 nullam
1373 2444 1545 2473 mercedem

838 2490 993 2524 expetens,
1016 2485 1085 2523 ipso
1107 2485 1185 2513 facto
1207 2487 1369 2520 eontenta3
1389 2485 1546 2521 respectus

838 2525 961 2554 materni
981 2524 1088 2553 amoris
1113 2533 1146 2552 ac
1165 2521 1279 2560 pietas;
1312 2521 1436 2551 Ascanii
1459 2521 1545 2559 pueri

840 2568 870 2592 et
881 2563 979 2592 Aletae
995 2562 1075 2591 senis
1090 2561 1298 2590 benevolentia
1312 2561 1343 2589 in
1357 2569 1418 2589 eos.
1470 2559 1544 2588 Dio-

838 2602 934 2631 medis
960 2605 991 2630 et
1004 2600 1126 2637 Ulyssis
1148 2608 1302 2637 egressum
1316 2604 1489 2629 nocturnum
1505 2607 1545 2626 ex

838 2640 928 2670 Iliad.
961 2653 974 2668 κ
1001 2640 1100 2678 poe'tae
1134 2642 1202 2667 ante
1231 2638 1335 2667 oculos
1361 2638 1455 2667 fuisse
1484 2645 1542 2665 non

838 2678 954 2707 dubito.

878 2718 935 2745 176
964 2716 1072 2746 Nisum
1095 2715 1225 2754 Hyrtaci
1243 2713 1337 2746 filium
1368 2714 1448 2748 fecit,
1474 2712 1542 2740 ideo

839 2760 963 2791 tantum,
992 2760 1076 2795 puto,
1107 2754 1188 2793 quod
1213 2766 1250 2785 ex
1278 2755 1413 2787 Homero
1438 2755 1540 2781 notum

1109 2795 1135 2836 3
1156 2808 1184 2835 x
