1796 3077
0 2538 5 2803 g

0 2806 7 3042 ἑ

582 217 852 256 AENEIDOS.

909 217 1010 256 Lus.
1041 217 1115 255 1v.
1507 222 1603 266 329

140 343 269 386 Anna
288 356 420 393 soror,
442 357 536 396 quae
553 356 618 382 me
639 355 885 395 suspensam
905 341 1107 382 insomnia
1128 342 1312 383 terrent!

141 401 250 449 Quis
270 414 402 442 novus
422 399 491 441 hic
513 398 665 441 nostris
688 398 888 440 successit
909 399 1081 441 sedibus
1101 398 1282 453 hospes!
1548 398 1598 437 10

140 458 280 505 Quem
300 472 391 499 sese
412 472 484 498 ore
504 456 664 498 ferens!
697 471 824 510 quam
843 455 944 497 forti
962 463 1135 510 pectore
1157 463 1199 498 et
1218 456 1367 497 armis!

140 515 280 557 Credo
301 514 510 570 equidem,
531 512 609 556 n'ec
630 528 737 554 vana
756 513 878 562 fides,
899 528 1033 568 genus
1054 529 1146 555 esse
1168 514 1344 556 deorum
1361 530 1370 555 :

140 572 390 627 Degeneres
411 573 569 612 animos
590 572 714 612 timor
733 571 886 625 arguit.

945 570 1060 621 Heu,
1082 571 1236 626 quibus
1257 571 1325 613 ille

139 629 335 671 Jactatus
355 629 473 670 fatis!
506 643 601 683 quae
621 627 732 670 bella
752 628 961 670 exhausta
979 629 1181 671 canebat!

140 686 187 727 Si
207 687 309 728 mihi
330 701 413 728 non
435 686 572 728 animo
591 685 723 726 fixum
743 685 1043 740 immotumque
1066 686 1248 736 sederet,
1550 685 1563 724 1

1575 685 1600 724 ex

139 744 211 785 Ne
231 745 299 786 cui
320 759 385 785 me
405 742 541 784 vinclo
563 742 711 784 vellem
734 743 895 784 sociare
911 743 1059 797 jugali,

138 801 371 856 Postquam
386 801 545 855 primus
565 814 682 840 amor
702 799 926 854 deceptam
946 809 1080 842 morte
1103 800 1270 851 fefellit3

139 858 187 899 Si
207 874 292 900 non
312 866 540 913 pertaesum
561 856 735 897 thalami
755 857 963 910 taedaeque
984 857 1146 907 fuisset,

140 915 257 956 Huic
278 916 351 956 uni
371 914 513 955 forsan
531 913 653 968 potui
673 914 947 954 succumbere
968 914 1118 968 culpae.

137 971 279 1022 Anna,
301 971 467 1013 fatebor
487 972 610 1020 enim,
631 971 772 1011 miseri
787 979 885 1025 post
906 970 993 1012 fata
1014 972 1194 1026 Sychaei,
1548 974 1603 1012 20

138 1029 358 1084 Conjugis,
380 1036 422 1069 et
443 1043 612 1082 sparsos
634 1027 819 1069 fraterna
839 1029 955 1070 caede
979 1029 1173 1079 Penates,

137 1085 262 1127 Solus
282 1086 350 1128 hic
370 1085 534 1126 inflexit
555 1100 714 1134 sensus,
737 1086 1005 1140 animumque
1027 1086 1243 1127 labantem

136 1142 308 1197 Impulit
325 1160 334 1192 3
366 1157 551 1197 agnosco
572 1142 724 1183 veteris
741 1143 917 1196 vestigia
937 1143 1127 1184 flammae.

137 1200 223 1241 Sed
240 1200 341 1240 mihi
362 1199 427 1240 vel
447 1198 569 1240 tellus
590 1205 734 1253 optem
755 1200 871 1253 prius
893 1200 975 1240 ima
996 1200 1201 1249 dehiscat,

135 1256 219 1298 Vel
237 1257 367 1298 Pater
387 1257 651 1310 omnipotens
673 1256 818 1310 adigat
836 1271 902 1297 me
924 1256 1094 1297 fulmine
1116 1258 1170 1298 ad
1186 1259 1370 1308 umbras,
1544 1260 1598 1299 125

135 1313 350 1355 Pallentes
366 1314 537 1354 umbras
560 1313 693 1354 Erebi
714 1321 967 1367 noctemque
989 1313 1258 1368 profundam,

134 1369 264 1421 Ante,
287 1371 449 1419 Pudor,
466 1386 592 1425 quam
614 1378 655 1411 te
676 1369 796 1418 violo,
819 1378 892 1410 aut
914 1378 984 1410 tua
999 1371 1098 1424 jura
1118 1371 1294 1412 resolvo.

134 1427 210 1469 Ille
230 1441 359 1477 meos,
376 1429 535 1482 primus
555 1428 627 1481 qui
646 1442 711 1468 me
734 1428 813 1468 sibi
827 1428 983 1481 junxit,
1004 1442 1166 1468 amores

134 1484 349 1534 Abstulit;
381 1484 448 1526 ille
470 1484 626 1525 habeat
647 1499 800 1533 secum,
821 1492 1042 1538 servetque
1065 1484 1304 1538 sepulchro.

136 1542 206 1583 Sic
226 1542 366 1591 effata,
389 1543 525 1582 sinum
544 1541 724 1581 lacrimis
746 1540 932 1594 implevit
950 1542 1124 1582 obortis.
1544 1547 1598 1586 80

192 1599 321 1640 Anna
342 1598 471 1640 refert
490 1614 498 1639 :
533 1598 574 1638 Ο
591 1597 684 1639 luce
706 1599 838 1652 magis
858 1597 1013 1638 dilecta
1034 1600 1180 1648 sorori,

135 1655 290 1698 Solane
311 1663 519 1711 perpetua
538 1670 714 1696 maerens
736 1669 910 1710 carpere
925 1656 1101 1709 juventa
1115 1659 1130 1696 ’ζ

135 1785 246 1814 amoris
261 1784 358 1814 sorori
368 1786 488 1813 factam.
504 1794 532 1813 v.
548 1784 690 1822 Apollon.
709 1783 775 1812 ΠΙ.
788 1784 847 1812 616

135 1833 218 1862 sqq.:
239 1824 296 1852 645
321 1825 448 1862 sqq.—-9
468 1833 647 1861 suspensam,
669 1826 771 1852 ornate
794 1822 846 1851 ad-

129 1863 255 1900 jectum,
271 1863 309 1891 ad
331 1860 444 1891 metum
460 1862 602 1900 pertinet.
618 1861 662 1890 H.
683 1864 719 1891 10
742 1862 798 1896 hic,
815 1865 848 1890 ut

133 1905 191 1935 ὅδε,
212 1901 250 1929 de
269 1902 662 1939 ahsente.—quem—fere1ts
682 1900 764 1938 quali
785 1900 846 1929 oris

132 1939 238 1968 habitu
260 1942 309 1977 (v.
336 1940 384 1977 4.)
406 1940 566 1974 successit,
592 1943 622 1968 et
657 1949 745 1978 quam
775 1939 846 1968 sorti

132 1982 257 2016 pectore
271 1983 301 2008 et
323 1978 452 2007 fortibus
468 1978 569 2013 armis,
585 1988 651 2008 nam
659 1978 792 2016 sortibus
807 1989 845 2007 ex

125 2017 205 2055 forti
220 2018 442 2052 assumendum,
461 2018 499 2046 cf.
521 2018 587 2053 ΙΙΙ,
601 2018 688 2054 413.;
709 2017 845 2055 etsorlc'a

132 2066 216 2085 arma
240 2057 308 2085 AEu.
325 2056 369 2086 X.
382 2057 440 2085 735
457 2061 570 2086 exstat.
611 2057 661 2086 Ita
684 2056 757 2085 nihil
777 2056 806 2084 h.
823 2056 843 2084 1.

132 2095 317 2126 mutandum.
328 2105 471 2134 -yenus,
499 2096 686 2135 progeniem.
701 2113 740 2118 —
758 2096 794 2124 13
806 2112 844 2117 —-

124 2132 213 2170 jaca,
242 2138 286 2168 ut,
308 2135 366 2169 VI,
387 2136 456 2163 693.
471 2135 604 2173 jactatus
619 2134 748 2173 periclis,
773 2135 802 2163 h.
815 2145 843 2163 e.

134 2175 273 2204 vexatus,
299 2173 679 2212 defatigatus.—exhausta,
702 2173 842 2209 toleratam

133 2210 274 2248 adjuncta
294 2215 393 2240 autem
415 2216 464 2241 est
478 2213 561 2241 notio
584 2212 800 2249 magnitudinis
813 2216 843 2240 et

134 2249 221 2278 molis
247 2249 447 2280 locutionibus
460 2251 613 2280 exhaurire
633 2250 716 2285 bella,
736 2252 786 2280 vel
801 2252 844 2280 Ια-

133 2287 232 2317 borem
251 2288 293 2316 cf.
316 2302 345 2321 α,
360 2290 409 2317 57.
422 2290 563 2319 exhausta
581 2290 723 2330 pericula.
743 2290 790 2320 W.
806 2292 842 2319 15

133 2326 394 2365 *ID—deceptam
414 2328 523 2365 fefellit
537 2340 588 2363 m„
608 2330 729 2368 poetica
756 2330 843 2367 copia

132 2374 208 2403 pro:
232 2375 318 2404 spem
341 2366 482 2395 destituit
505 2372 596 2396 morte
626 2369 736 2397 mariti.
758 2369 843 2406 potui

134 2404 289 2443 exquisite
309 2415 365 2443 pro
379 2415 510 2443 possem,
521 2411 609 2444 post:
630 2407 656 2435 si
668 2417 724 2435 mm
733 2412 840 2446 pertat-

132 2454 196 2472 sum
203 2443 324 2481 fuisset.
348 2444 393 2473 H.
408 2444 493 2482 potui
505 2445 695 2479 succumbere,
710 2446 774 2475 (ieri
785 2456 839 2485 po-

135 2482 257 2516 tuisset,
266 2487 299 2511 ut
311 2484 538 2514 succumberem
547 2483 592 2512 vel
602 2485 843 2515 succubuissem.

137 2520 214 2550 Cum
233 2523 319 2560 potat
336 2532 391 2560 per
411 2532 444 2552 se
465 2522 624 2561 significet,
648 2533 709 2552 rein
734 2525 842 2553 factam

136 2569 194 2588 non
209 2569 288 2595 esse,
301 2561 493 2599 conjunctivo
505 2571 561 2590 non
573 2571 649 2599 opus
664 2572 731 2591 esse
743 2563 841 2591 visum

136 2598 262 2627 Latinis.
289 2600 358 2628 Liv.
386 2601 435 2634 31,
462 2601 509 2629 16.
558 2600 692 2638 Abydeni
715 2601 788 2639 eripi
808 2612 842 2630 ex

134 2636 289 2671 obsidione,
310 2638 341 2667 ni
353 2644 495 2668 cessatum
516 2637 552 2667 ab
563 2639 667 2667 Attalo
681 2643 708 2667 et
719 2639 845 2669 Rhodiis

127 2676 222 2712 sorel,
238 2680 407 2713 potuerunt.
432 2677 610 2717 IV.—c1tlpae
631 2688 698 2707 cuin
728 2678 842 2709 dilectu

135 2714 165 2742 h.
180 2714 199 2743 Ι.
213 2723 267 2752 pro
278 2718 468 2746 amore—20
482 2728 528 2756 sq.
564 2718 611 2746 De
623 2718 707 2746 caedo
722 2717 841 2754 Sychaei

887 1783 927 1813 cf.
942 1794 1008 1822 sup.
1026 1785 1051 1818 1,
1077 1785 1136 1813 349
1150 1794 1195 1823 sq.
1208 1786 1261 1821 (21
1276 1785 1424 1821 Penatffi
1448 1797 1514 1816 nam
1528 1792 1596 1818 ante

887 1832 967 1851 aram
982 1823 1062 1851 facta
1075 1826 1139 1852 erat
1163 1825 1341 1854 caedes—22
1356 1824 1497 1854 labantem
1517 1826 1598 1856 labe-

886 1861 1006 1890 factam.
1022 1861 1168 1901 W.)-23
1182 1864 1323 1902 Agnosco
1340 1864 1461 1899 amoris,
1479 1866 1598 1902 qualem

887 1900 959 1929 olim
983 1905 1111 1939 experta
1142 1911 1220 1935 sum,
1249 1902 1395 1939 signa.--
1411 1904 1449 1932 24
1470 1908 1532 1932 τότε
1552 1909 1599 1939 μοὶ

886 1942 964 1972 χάνοι
994 1943 1083 1974 eirpci'a
1099 1943 1180 1975 χθών,
1202 1941 1292 1970 Iliad.
1321 1946 1345 1976 ὁ,
1368 1942 1424 1971 152
1447 1945 1477 1971 el,
1500 1944 1540 1971 al.
1560 1944 1601 1973 cs.

886 1977 977 2006 Iliad.
998 1983 1022 2012 ζ,
1036 1980 1111 2008 464:
1135 1994 1160 2014 ρ,
1175 1980 1476 2019 416.—prins—-an!e
1499 1992 1599 2020 quam,

885 2020 918 2045 ut
937 2017 1065 2047 Homer.
1098 2022 1261 2053 πρὶν-πρὶν
1290 2022 1315 2051 ἦ.
1356 2020 1400 2047 Η.
1428 2020 1505 2048 Cum
1534 2023 1595 2051 duo

884 2056 945 2084 sint
967 2061 1047 2088 vota,
1074 2058 1110 2086 ad
1134 2057 1260 2085 alterum
1282 2058 1381 2096 prins,
1402 2058 1439 2086 ad
1469 2059 1594 2089 alterum

883 2099 948 2123 ante
971 2096 1123 2133 pertinere
1144 2101 1258 2124 naturae
1285 2100 1331 2125 est
1357 2101 1598 2128 consentaneum.

884 2134 1025 2162 Ceterum
1045 2135 1071 2163 si
1091 2134 1158 2172 quis
1177 2134 1294 2163 umbras
1316 2135 1414 2169 Erebo
1442 2146 1482 2164 ex
1513 2138 1596 2168 bonis

882 2172 969 2202 libris
995 2173 1130 2211 pausem,
1155 2173 1184 2201 ei
1205 2177 1237 2202 ut
1260 2173 1359 2203 Erebo
1382 2178 1501 2203 sextum
1527 2186 1595 2206 esse

883 2221 986 2240 casum
1010 2215 1111 2250 putet,
1138 2212 1337 2250 exemplaque
1365 2213 1401 2241 ad
1423 2213 1452 2247 I,
1470 2215 1540 2243 403.
1566 2220 1596 2244 et

884 2250 942 2285 VI,
959 2252 1025 2280 186.
1040 2251 1167 2279 collecta
1181 2251 1278 2285 adeat,
1295 2254 1399 2280 auctor
1415 2262 1492 2281 sum.
1533 2254 1595 2290 Qui

873 2289 949 2327 jura
973 2288 1101 2318 numinis
1126 2289 1256 2324 resolvit,
1276 2289 1373 2319 officia
1394 2291 1430 2319 ab
1453 2291 1506 2320 illo
1536 2293 1594 2322 sibi

883 2329 1026 2366 imposita
1048 2329 1144 2357 laedit.
1161 2328 1200 2357 cf.
1218 2329 1263 2362 Π,
1288 2330 1355 2358 157.
1382 2329 1428 2358 W.
1447 2330 1541 2360 sinum.
1567 2343 1594 2361 v.

882 2368 920 2396 30
945 2368 1099 2396 manifeste
1123 2368 1275 2406 pectoris3
1301 2372 1410 2397 ὁεύοιτο
1430 2373 1459 2397 be*
1483 2373 1593 2404 δάκρυσι

882 2411 993 2441 κόλποι,
1020 2407 1109 2436 Iliad.
1125 2421 1146 2440 ι,
1161 2408 1230 2435 570.
1272 2407 1330 2436 Hze
1352 2411 1452 2436 autem
1466 2408 1594 2439 lacrimoe

880 2455 1019 2484 magnum
1057 2445 1144 2474 facile
1178 2446 1297 2484 poetam
1331 2451 1469 2485 arguunt.
1510 2449 1591 2478 Dum

882 2484 950 2513 vult
975 2488 1116 2513 constans
1137 2488 1168 2512 et
1192 2494 1297 2522 aspera
1317 2488 1347 2514 et
1369 2486 1405 2514 ab
1428 2496 1527 2515 amore
1547 2488 1591 2516 in-r

883 2527 962 2552 tacta
987 2523 1098 2556 videri,
1123 2533 1193 2552 ecce
1215 2524 1330 2553 obortae
1358 2523 1491 2554 lacrimae
1508 2526 1593 2554 labo-

882 2566 997 2591 rantem
1027 2562 1147 2590 occulto
1165 2562 1275 2591 affectu
1301 2562 1428 2592 animum
1451 2566 1593 2602 produnt.

882 2601 959 2629 conf.
974 2601 1082 2629 Horat.
1097 2601 1155 2634 lv,
1170 2602 1198 2635 1,
1217 2603 1254 2630 33
1279 2612 1345 2640 sqq.
1366 2602 1428 2630 Sed
1439 2614 1501 2637 cnr,
1516 2604 1567 2631 lieu
1580 2604 1590 2631 .¹

883 2640 1036 2677 Liyurine,
1050 2650 1102 2668 cur
1116 2644 1176 2668 etc.

922 2680 957 2707 31
975 2689 1042 2717 sqq.
1058 2678 1149 2707 Anna
1168 2680 1270 2717 rqferl,
1285 2679 1362 2713 haro,
1378 2681 1569 2717 respondet.-
1588 2700 1593 2703 <

883 2719 921 2746 32
954 2717 1082 2757 Proprie
1117 2718 1259 2757 crupitur,
1289 2719 1485 2749 consuuntur,
1510 2723 1592 2753 atta-⁴.

1232 2773 1258 2798 U
1282 2774 1308 2798 11
