1796 3077
146 395 304 449 Surgit,
326 395 527 437 coelicolae
548 397 730 437 medium
753 412 878 450 quem
899 398 952 438 ad
973 397 1113 438 limina.
1133 399 1307 438 ducunt.

202 451 369 492 Interea
388 452 537 493 Rutuli
557 454 690 506 portis
711 454 867 494 circum
889 455 1081 494 omnibus
1103 455 1258 494 instant

143 509 340 547 Sternere
361 510 478 549 caede
499 510 621 558 viros,
643 517 684 550 et
706 511 859 550 moenia
879 510 1049 564 cingere
1071 511 1260 553 flammis.

143 563 205 604 At
225 562 335 617 legio
357 565 601 606 *Eneadum
621 565 737 606 vallis
758 567 930 606 obsessa
952 575 1119 608 tenetur
1136 585 1144 615 ;

145 620 187 659 N
192 634 240 660 ec
261 635 357 674 spes
377 621 462 662 ulla
481 622 609 677 fugae.

143 675 460 731 Nequidquam,
482 687 525 719 et
544 693 639 719 rara
657 693 799 719 muros
819 678 989 720 cinxere
1010 695 1164 720 corona
1182 695 1191 719 :

143 732 274 773 Asius
296 733 563 784 Imbrasides,
586 735 949 789 Hicetaoniusque
971 736 1238 789 Thymoetes,

141 789 425 843 Assaracique
446 791 544 839 duo,
567 798 610 831 et
629 792 769 832 senior
788 806 883 832 cum
904 792 1082 832 Castore
1104 791 1351 846 Thymbris,

143 846 284 887 Prima
306 847 432 886 acies.

144 902 205 942 Et
226 901 376 942 Clarus
396 910 438 943 et
459 902 670 951 Themon,
693 902 827 956 Lycia
846 904 1099 944 comitantur
1119 906 1173 946 ab
1193 905 1290 945 alta.

143 958 246 998 Fert
266 958 413 1012 ingens
434 965 523 1000 toto
544 959 750 1000 connixus
771 974 949 1013 corpore
971 974 1133 1010 saxum,

142 1014 273 1054 Haud
296 1022 460 1068 partem
481 1016 677 1069 exiguam
698 1016 862 1064 montis,
886 1015 1137 1069 Lyrnessius
1162 1016 1339 1066 Acmon,

142 1070 238 1112 Nec
262 1070 402 1124 Clytio
421 1072 612 1125 genitore
632 1072 781 1121 minor,
801 1086 878 1113 nec
900 1072 1029 1113 fratre
1050 1073 1320 1116 Menestheo.

628 276 898 315 AENEIDOS.
957 277 1056 316 Llss.
1088 278 1137 315 X·
1508 282 1602 325 555

1521 564 1598 603 120

669 622 819 663 Miseri
841 629 952 663 stant
972 624 1159 664 turribus
1180 622 1273 663 altis

492 846 587 887 Hos
607 848 797 900 germani
818 848 1078 901 Sarpedonis
1099 850 1238 895 ambo,
1521 842 1599 882 195

1523 1130 1602 1170 130

148 1126 206 1166 Hi
222 1127 390 1180 jaculis,
411 1127 469 1168 illi
490 1135 653 1169 certant
672 1127 903 1169 defendere
925 1130 1051 1177 saxis,

145 1183 374 1237 Molirique
395 1184 548 1237 ignem,
572 1199 787 1238 nervoque
807 1192 954 1237 aptare
975 1186 1163 1238 sagittas.

141 1239 239 1292 Ipse
260 1240 369 1279 inter
389 1240 564 1289 medios,
588 1240 769 1280 Veneris
784 1240 1018 1293 justissima
1037 1256 1154 1289 cura,

141 1295 387 1336 Dardanius
408 1304 550 1349 caput,
572 1311 686 1344 ecce,
709 1311 817 1349 puer
837 1296 1032 1337 detectus
1054 1297 1293 1346 honestum,

143 1351 292 1398 Qualis
310 1367 487 1405 gemma,
509 1353 645 1401 micat,
668 1352 827 1392 fulvum
847 1368 943 1405 quae
964 1354 1113 1394 dividit
1133 1370 1296 1403 aurum,

142 1407 234 1448 Aut
255 1408 361 1449 collo
381 1409 526 1457 decus,
548 1416 622 1449 aut
641 1408 769 1461 capiti
787 1425 796 1456 3
828 1407 895 1447 vel
914 1408 1038 1461 quale
1061 1425 1136 1462 per
1156 1418 1287 1451 artem

1523 1409 1600 1449 135

144 1463 359 1505 Inclusum
378 1465 508 1513 buxo,
530 1472 603 1505 aut
626 1464 772 1505 Oricia
793 1464 1048 1513 terebintho,

147 1520 286 1561 Lucet
306 1522 431 1570 ebur3
464 1521 580 1561 fusos
603 1521 744 1562 cervix
765 1521 833 1561 cui
853 1519 988 1561 lactea
1009 1521 1144 1562 crines

145 1577 317 1630 Accipit
337 1585 378 1617 et
399 1576 512 1617 molli
529 1578 781 1618 subnectens
802 1576 982 1617 circulus
1004 1593 1122 1619 auro.

144 1633 211 1673 Te
233 1648 402 1687 quoque
423 1635 699 1687 magnanimae
719 1634 925 1682 viderunt,
949 1633 1120 1683 Ismare,
1141 1641 1290 1688 gentes

143 1689 333 1731 Vulnera
354 1691 536 1744 dirigere
553 1697 595 1732 et
615 1689 794 1731 calamos
817 1704 978 1731 armare
995 1706 1171 1740 veneno,

143 1830 171 1849 a,
187 1815 246 1844 528
267 1815 555 1852 sq.—llfme(li11m‚
599 1814 662 1843 llic
684 1815 850 1842 Romanum

144 1863 294 1891 agnosce:
324 1857 474 1891 tamquam
491 1852 710 1891 magistratum,
735 1852 850 1880 Consu-

145 1892 217 1925 lem,
231 1892 385 1920 deducunt
398 1892 506 1921 Jovem
519 1892 572 1920 dii.

183 1931 337 1959 118—1215
350 1931 469 1958 Interea
477 1933 576 1958 castra
587 1931 762 1966 oppugnata
772 1938 852 1965 aegre

143 1969 311 1997 defendunt
324 1969 555 2005 Trojani.—-119
565 1968 746 2004 Comparant
762 1968 853 1995 verba

145 2007 234 2036 Iliad.
254 2020 285 2042 μ,
300 2008 349 2035 35.
363 2008 411 2035 36.
435 2012 461 2035 et
475 2006 578 2036 moem'a
598 2006 711 2043 cinqere
725 2005 854 2041 flavmiis

145 2045 307 2074 immittere
331 2045 462 2083 undique
483 2045 578 2088 ignes.
618 2044 717 2073 Aliter
739 2043 853 2072 dictum

147 2093 180 2111 ac
196 2083 262 2118 IX,
283 2085 340 2112 160
353 2084 405 2112 ubi
419 2084 456 2112 de
480 2083 703 2122 vigiliis.——l25
725 2081 854 2110 Stant—

142 2122 240 2159 prc'ma
262 2122 338 2150 acies
358 2131 413 2160 pro
428 2122 511 2160 vulg.
533 2125 612 2150 stant
626 2121 652 2149 in
665 2120 762 2158 prima
782 2120 854 2148 acie.

146 2161 244 2188 -126
255 2160 347 2197 Lycia
358 2160 394 2188 ab
409 2159 480 2194 alta,
499 2160 604 2194 nobili,
620 2159 712 2192 clara,
727 2158 855 2187 oriundi.

146 2199 245 2226 -128
267 2197 441 2227 Modestius
467 2199 523 2226 hoc
550 2199 648 2226 visum
685 2197 856 2231 Maecenati,

148 2236 304 2269 tumidius,
352 2237 413 2264 uod
437 2236 588 2265 Homerus
608 2236 688 2265 dixit
705 2236 819 2273 Odyss.
835 2250 854 2270 ι,

146 2275 215 2308 481,
241 2246 462 2311 Poly1iliemum
483 2275 512 2302 in
527 2284 618 2303 naves
645 2277 761 2310 κορυφὴν
782 2278 857 2308 ὄρεος

148 2312 461 2348 neminum-jaculatum
475 2322 551 2341 esse.
593 2314 697 2342 Senec„
721 2314 807 2341 Suas.
830 2313 857 2339 1.

149 2352 210 2379 Sed
233 2351 383 2379 Maeeenas
409 2360 466 2379 non
490 2351 640 2389 cogitasse
662 2351 794 2383 videtur,
821 2350 858 2378 de

150 2389 338 2427 Polyphemo
363 2398 452 2425 agere
474 2389 654 2424 Homerum,
682 2390 719 2418 de
741 2389 860 2417 homine

149 2429 280 2465 Trojano
295 2427 557 2455 Maronem—131
570 2428 665 2456 moliri
678 2427 771 2465 iynem
785 2428 860 2455 Tro-

145 2466 208 2502 jani
225 2465 325 2496 etiam,
340 2475 447 2502 parare
467 2465 551 2508 ignes
566 2466 696 2494 missiles
718 2466 755 2494 de
773 2465 861 2493 vallo.

150 2514 292 2542 nervoque
308 2508 409 2542 aptare
426 2508 549 2541 mynias
563 2504 693 2541 Trojani,
713 2504 860 2532 adversus

152 2542 296 2571 Rutulos.

192 2581 347 2609 132-138
368 2580 500 2608 Ornatus
526 2580 622 2614 locus,
646 2580 684 2608 de
709 2580 797 2608 Iulo:
833 2580 862 2608 in

151 2615 241 2647 Juliae
265 2619 362 2656 gentis
383 2618 519 2656 gratiam.
565 2617 864 2655 Venerisjustissimu

153 2667 233 2689 cura,
260 2667 348 2694 quem
373 2656 480 2685 merito
506 2657 625 2684 amabat
651 2656 764 2690 Venus,
793 2657 863 2694 quia

152 2695 195 2724 illi
207 2695 372 2723 debebatur
384 2695 553 2732 imperium.
574 2700 605 2722 ut
625 2694 710 2722 Serv.
725 2704 777 2723 seu
793 2695 859 2722 sim-

153 2733 284 2771 pliciter,
308 2733 378 2770 quia
397 2733 593 2762 dulcissimus
618 2742 701 2769 puer.
743 2733 787 2766 Is,
808 2732 864 2761 etsi

154 2775 258 2807 ,iussus
274 2771 422 2800 abstinere
438 2782 455 2800 a
477 2781 574 2809 pugna
594 2770 677 2806 (lX,
698 2771 768 2800 661.
790 2772 866 2807 502)

1521 1690 1600 1729 140

891 1813 1020 1851 ideoque
1049 1813 1112 1841 sine
1134 1812 1224 1841 armis
1251 1812 1406 1845 incedens,
1427 1813 1525 1849 poeta}
1544 1813 1604 1840 sine

889 1852 984 1890 φάεα,
998 1857 1093 1880 tamen
1108 1852 1137 1879 in
1152 1851 1250 1880 medio
1264 1851 1458 1888 pugnantium
1475 1861 1491 1879 e
1512 1851 1605 1880 muris

891 1897 1016 1927 repente
1040 1890 1147 1918 iterum
1169 1889 1489 1926 conspicitur.-capnt
1506 1888 1607 1917 hones-

895 1932 967 1962 tum,
991 1928 1160 1966 pulchrum,
1187 1931 1220 1955 ut
1241 1928 1296 1955 Ge.
1320 1927 1365 1960 11,
1392 1926 1607 1961 392.—Qnalis

890 1976 1002 2004 gemma
1023 1966 1119 1995 micat.
1180 1965 1298 1994 Emicat
1318 1965 1397 1993 inter
1413 1970 1532 1993 ceteros
1552 1966 1605 1993 ad—

893 2009 1009 2033 stantes
1036 2005 1122 2033 Iulus
1144 2004 1304 2037 formosus,
1338 2008 1372 2032 ut
1397 2013 1514 2041 gemma
1534 2013 1606 2032 auro

895 2043 1021 2076 inclusa,
1038 2047 1088 2071 aut
1102 2052 1178 2080 opus
1192 2043 1336 2070 eburnum
1351 2042 1453 2070 buxeo
1466 2042 1514 2069 vel
1528 2046 1607 2070 tere-

895 2081 1030 2109 binthino
1064 2080 1195 2118 margine
1231 2079 1391 2108 ambiente.
1459 2082 1607 2114 Καμήλων

896 2119 1019 2157 aliquod
1042 2118 1251 2151 Homericum,
1276 2127 1330 2146 seu
1347 2122 1474 2152 ἄγαλμα,
1495 2118 1609 2156 cogitat

895 2160 996 2195 poeta.
1017 2157 1056 2185 cf.
1071 2157 1125 2184 lib.
1146 2157 1171 2188 Ι,
1193 2157 1261 2184 592.
1282 2156 1441 2184 593.—-aut
1464 2155 1534 2184 collo
1556 2161 1606 2185 (cut

895 2196 984 2234 capiti
996 2195 1089 2228 (leem,
1113 2195 1178 2222 sive
1202 2198 1232 2222 ut
1255 2194 1358 2222 monili
1374 2193 1439 2222 sive
1453 2198 1487 2222 ut
1501 2194 1605 2223 diade-

895 2235 966 2263 mati
979 2234 1126 2262 inseratur
1141 2231 1410 2270 gemma—Oricia
1424 2231 1609 2262 terebinthus.

898 2273 1020 2305 Oriens,
1050 2271 1138 2309 Epiri
1162 2271 1272 2298 civitas
1297 2270 1335 2298 ad
1361 2270 1459 2298 sinum
1478 2270 1607 2306 Ionium,

893 2312 985 2348 juxt'a
1008 2320 1096 2348 quam
1123 2309 1253 2338 nascitur
1279 2308 1464 2337 terebinthus
1488 2309 1608 2346 nigrum

898 2349 1009 2385 lignum
1023 2349 1146 2381 habens,
1161 2352 1193 2375 nt
1207 2348 1294 2375 Serv.
1308 2347 1409 2375 tradit.
1441 2347 1488 2375 De
1503 2347 1607 2376 eadem

902 2386 982 2416 Plin.
998 2387 1099 2420 XIII,
1114 2388 1142 2413 (i.
1155 2396 1179 2413 s.
1195 2386 1242 2414 12.
1255 2395 1262 2412 :
1286 2385 1374 2413 Circa
1386 2385 1468 2413 Idam
1487 2385 1611 2414 Troadis

901 2431 928 2454 et
946 2426 973 2454 in
988 2424 1161 2454 Macedonia
1180 2424 1232 2454 (ad
1253 2423 1329 2451 hano
1352 2427 1415 2452 tum
1431 2423 1515 2460 Epiri
1536 2433 1608 2461 pars

901 2464 952 2492 illa
966 2465 1021 2492 suit
1045 2463 1207 2498 attributa)
1225 2462 1320 2489 brevis
1339 2462 1428 2490 arbor
1447 2462 1506 2490 haec
1524 2466 1609 2501 atque

900 2502 1041 2537 fruticosa
1056 2503 1083 2529 in
1099 2501 1243 2529 Damasco
1255 2499 1354 2537 Syrt'oe
1366 2509 1482 2537 magna.

892 2534 899 2540 ⁴
942 2542 999 2569 139
1020 2550 1085 2577 sqq.
1104 2538 1233 2568 Vulnera.
1246 2538 1381 2576 diriyere,
1395 2538 1458 2572 XI,
1477 2539 1535 2567 654
1549 2540 1608 2576 spi-

903 2580 977 2607 cula.
1027 2578 1096 2613 Quo
1124 2586 1195 2605 vero
1217 2577 1286 2613 jure
1312 2577 1460 2605 Ismarum
1480 2577 1608 2614 Lydium

904 2626 1018 2645 veneno
1036 2617 1230 2652 inungentem
1249 2615 1308 2643 tela
1322 2615 1462 2643 inducere
1477 2615 1611 2651 potuerit

902 2656 1003 2692 poeta,
1024 2664 1080 2682 non
1101 2662 1256 2691 assequor.
1297 2653 1435 2681 Maeones
1461 2653 1514 2680 illo
1535 2656 1609 2680 tem-

904 2703 977 2731 pore
1009 2702 1066 2720 non
1094 2692 1169 2720 adeo
1197 2691 1313 2720 barbari
1339 2696 1433 2719 erant.
1484 2690 1522 2717 Et
1545 2691 1608 2726 jam

905 2733 1051 2768 Amycum
1076 2730 1163 2759 simili
1181 2730 1267 2758 modo
1282 2733 1438 2758 notaverat
1459 2727 1522 2760 IX,
1542 2729 1611 2756 773.

906 2770 1014 2808 (Hunc
1035 2778 1147 2797 uxorem
1169 2778 1235 2798 esse
1256 2769 1414 2796 barbarum
1429 2767 1519 2803 pocta
1542 2776 1611 2796 nus-
