1796 3077
585 208 854 248 AENEIDOS.

907 208 1008 247 ΜΒ.
1038 207 1115 246 111.
1485 211 1578 260 309

141 329 432 387 Agnoscitque
454 345 564 380 suos,
584 330 790 386 laetusque
809 330 864 372 ad
883 329 1024 371 limina
1042 330 1172 379 ducit,

140 387 200 429 Et
218 388 393 430 multum
412 388 601 430 lacrimas
621 390 749 430 verba
767 389 876 429 inter
895 386 1059 442 singula
1078 386 1231 428 fundit.

137 444 344 495 Procedo,
366 452 410 487 et
428 460 601 501 parvam
619 444 809 500 Trojam,
830 443 1105 498 simulataque
1124 442 1285 498 magnis

140 500 362 557 Pergama,
382 510 424 544 et
444 509 630 544 arentem
651 501 816 543 Xanthi
836 501 1083 556 cognomine
1102 501 1235 541 rivum

1495 500 1581 541 350

138 557 354 614 Agnosco,
377 559 592 614 Scaeaeque
611 559 841 615 amplector
860 557 1002 599 limina
1021 564 1169 612 portae.

137 615 233 657 Nec
249 631 334 657 non
352 623 394 658 et
413 615 573 658 Teucri
592 617 704 657 socia
723 614 845 657 simul
864 615 969 656 urbe
991 613 1216 664 fruuntur3

139 671 238 713 Illos
260 674 490 726 porticibus
511 688 587 714 rex
608 673 842 727 accipiebat
860 672 903 712 in
924 670 1086 726 amplis.

138 727 267 769 Aulai
286 730 328 770 in
347 730 487 770 medio
508 730 696 771 libabant
713 729 868 784 pocula
888 728 1062 777 Bacchi,

138 784 348 839 Impositis
369 801 471 827 auro
492 787 685 840 dapibus,
705 793 957 840 paterasque
978 785 1193 826 tenebant.

1499 782 1583 823 355

194 842 375 897 Jamque
397 843 499 891 dies,
521 842 711 897 alterque
728 842 817 883 dies
837 841 1065 895 processit3
1097 848 1139 882 et
1159 854 1272 881 aurae

138 897 249 940 Vela
267 906 431 948 vocant,
453 899 700 953 tumidoque
719 898 891 939 inflatur
911 899 1109 939 carbasus
1130 905 1287 939 austro.

137 954 220 996 His
232 963 370 998 vatem
389 956 615 1010 aggredior
634 956 771 1005 dictis,
793 969 842 997 ac
862 954 961 996 talia
982 969 1147 1009 quaeso:

137 1011 399 1067 Trojugena,
419 1014 626 1067 interpres
646 1013 799 1061 divum,
821 1012 894 1065 qui
913 1012 1083 1052 numina
1104 1010 1272 1066 Phoebi,

139 1068 228 1114 Qui
248 1070 448 1124 tripodas,
471 1069 599 1110 Clarii
617 1069 772 1118 laurus,
793 1069 866 1122 qui
886 1068 1025 1109 sidera
1045 1069 1186 1117 sentis,

1497 1067 1580 1107 360

139 1125 200 1165 Et
219 1125 433 1167 volucrum
451 1125 629 1180 linguaS,
651 1133 693 1168 et
711 1125 911 1181 praepetis
933 1125 1071 1166 omina
1089 1139 1253 1180 pennae,

136 1180 244 1222 Fare
265 1197 343 1237 age
363 1183 558 1236 (namque
578 1197 743 1224 omnem
762 1197 931 1223 cursum
949 1181 1051 1222 mihi
1070 1195 1275 1236 prospera
1295 1179 1402 1220 dixit

138 1237 322 1293 Religio,
344 1247 386 1280 et
405 1240 545 1281 cuncti
565 1246 788 1280 suaserunt
806 1239 975 1279 numine
1002 1238 1087 1278 divi

137 1293 300 1336 Italiam
321 1303 480 1351 petere,
501 1303 545 1338 et
564 1304 697 1338 terras
718 1302 881 1337 tentare
902 1301 1093 1350 repostas
1111 1311 1120 1343 3

136 1423 242 1459 offerre
254 1433 410 1458 „ca—suos,
428 1424 739 1462 populares—Recte
753 1425 841 1453 Serv.

137 1461 235 1490 addit:
257 1462 300 1490 Et
320 1462 387 1491 bene
410 1463 496 1491 verba
506 1463 621 1491 *Heleno
640 1467 709 1500 post
721 1463 841 1491 Andro-

136 1500 263 1528 macham
276 1511 331 1528 non
344 1501 431 1534 dedit,
447 1512 481 1530 ue
488 1501 630 1539 friqeret;
649 1501 724 1530 sicut
732 1501 762 1529 in
769 1501 842 1530 libro

141 1537 179 1567 V.
195 1539 311 1567 Acestoe
327 1541 372 1577 (v.
387 1540 562 1573 lli-349.
586 1541 642 1568 351
665 1540 753 1569 Conf.
774 1550 842 1577 sup.

135 1587 166 1605 v.
180 1577 249 1606 302.
263 1578 383 1615 Trojam
405 1578 527 1606 alteram
541 1578 676 1607 adstares
695 1583 819 1616 putares
834 1588 842 1614 ;

135 1614 273 1644 simulata
285 1617 406 1654 nmquis,
428 1617 610 1646 assimulata.
624 1617 700 1645 conf.
714 1616 767 1645 inf.
784 1616 842 1650 IV,

135 1654 408 1697 §iz—amplector,
419 1655 628 1684 utexoseulari
638 1655 842 1694 soleutpostes

136 1701 167 1721 ιι]
181 1694 308 1730 patriam
320 1695 460 1722 reduces.

174 1733 234 1761 356
247 1732 341 1761 Vides
355 1733 496 1762 orationis
507 1733 679 1770 juncturam
698 1742 715 1760 a
734 1731 842 1770 pedes-

139 1769 179 1798 tri
193 1771 399 1800 recedentem:
417 1772 480 1809 jam
502 1772 615 1809 aliquot
634 1771 700 1800 dies
720 1780 842 1809 proces-

139 1813 251 1843 serant,
264 1820 331 1838 cum
346 1814 454 1838 ventus
474 1811 625 1839 secundus
646 1809 759 1847 spirare
780 1819 842 1838 coe-

135 1846 181 1913 pit
193 1859 200 1884 3
214 1852 279 1876 ante
291 1849 458 1877 discessum
470 1853 568 1878 tamen
577 1848 723 1877 Helenum
735 1857 840 1876 consu-

148 1895 198 1915 ere
212 1887 334 1916 decrevi
350 1887 389 1915 de
410 1887 532 1916 instanti
546 1886 741 1926 profectione.
763 1896 845 1914 aurae

141 1923 215 1954 Vela
234 1929 346 1960 vocant,
372 1925 479 1954 invitat
504 1931 611 1954 ventus
632 1925 790 1958 secundus,
812 1929 846 1953 ut

134 1963 202 1992 vela
229 1964 448 2001 expandantur.
488 1964 570 1994 Male
594 1964 774 2003 hypallagen
790 1963 843 1992 ad-

135 2006 254 2031 vocant.
290 2002 341 2031 Cf.
360 2013 427 2041 sup.
441 2004 490 2037 61,
513 2003 564 2032 inf.
579 2004 647 2032 454.
658 2003 843 2031 455—tumi-

136 2039 226 2078 doque
240 2041 358 2077 inflatur
375 2042 512 2070 carbasus
530 2047 647 2076 austro,
670 2042 709 2070 Il.
724 2056 752 2075 a,
774 2042 843 2070 481.

129 2081 201 2108 ‘'Exti’'
217 2083 314 2114 ἄνεμος·
327 2083 427 2114 πρῆσεν
440 2084 619 2114 μέσονὶστὶον
633 2091 639 2108 :
661 2084 689 2108 ei
705 2079 844 2109 Similiter

139 2116 209 2145 aliis
220 2117 505 2148 loeis.—359—361
519 2120 655 2148 Helenus
668 2121 842 2147 οἰωνοπόλων

137 2157 290 2189 ὄχ’ἅριστος
311 2158 373 2194 jam
387 2157 512 2187 Homer.
532 2158 572 2186 ΙΙ.
585 2163 608 2192 ζ.
623 2157 764 2196 Uin—qni
778 2167 842 2185 sen-

135 2192 185 2227 tis,
208 2194 361 2233 intelligis,
383 2196 530 2236 adphrra,
556 2197 586 2226 h.
601 2197 621 2225 l.
644 2196 784 2229 refertur,
805 2196 843 2225 (le

137 2232 248 2269 quibus
287 2233 413 2271 singulis
448 2235 568 2265 diverso
600 2235 688 2264 modo
722 2234 842 2263 dicitur.

87 2285 94 2293 x
138 2270 237 2300 Aliter
251 2270 341 2299 sentit
353 2271 461 2310 aliquis
481 2273 581 2308 deum,
596 2274 683 2303 aliter
702 2274 801 2302 sidera
814 2277 844 2301 et

136 2309 235 2338 avium
263 2313 378 2337 cantus.
403 2311 489 2339 sentit
507 2316 586 2342 vates
607 2311 755 2346 Phoebum,
777 2321 844 2340 cum

136 2347 223 2376 deum
237 2350 360 2385 pectore
371 2348 489 2387 recipit,
501 2360 565 2383 seu,
575 2350 625 2379 dei
636 2351 735 2380 afflatu
747 2353 845 2379 tactus

136 2385 297 2424 divinoque
307 2387 408 2416 furore
421 2387 540 2424 plenus,
551 2389 652 2417 futura
662 2388 802 2429 praedicit
816 2393 846 2417 et

137 2424 261 2454 oracula
283 2425 362 2459 edit3
391 2424 447 2454 hoc
469 2427 560 2464 poeta
583 2428 758 2456 exornavit:
792 2427 843 2466 qui

138 2463 258 2491 numina
273 2463 386 2495 Phoebi,
403 2462 463 2499 Qui
482 2464 611 2502 tripodas
623 2466 753 2504 (tripodi
766 2466 839 2495 insi-

137 2501 213 2530 dens
229 2501 355 2540 Delphis
368 2502 479 2540 Pythia
503 2503 748 2542 vaticinabatur),
772 2504 842 2533 Cla-

136 2539 176 2567 rii
199 2541 310 2574 laurus,
335 2541 479 2578 templum
506 2541 649 2577 Clarium,
675 2543 842 2581 (quatenus,

139 2581 174 2606 ut
186 2578 250 2608 fere
261 2579 358 2608 omnia
374 2578 580 2617 antiquissima
592 2580 666 2613 fana,
685 2581 843 2620 religionis

137 2619 167 2644 et
180 2617 287 2646 caloris
300 2628 416 2651 caussa.
435 2628 518 2647 sacro
532 2618 600 2646 luco
619 2619 763 2648 inclusum
779 2624 844 2649 erat

139 2655 282 2694 templum
302 2656 452 2694 Apollinis
474 2656 566 2685 Clarii
590 2658 669 2696 apud
695 2657 846 2697 Colopho-

138 2701 215 2722 nem.
231 2704 261 2723 ν.
275 2695 374 2725 Strab.
392 2695 525 2734 lump.
541 2695 625 2735 242),
639 2695 668 2725 h.
680 2705 707 2725 e.
723 2697 773 2735 qui
788 2697 847 2727 vim

880 1423 1009 1452 divinam
1019 1422 1113 1451 animo
1123 1422 1217 1459 capis,
1230 1430 1316 1460 quam
1327 1419 1455 1458 Delphis
1464 1421 1588 1459 Pythia,

881 1466 912 1490 et
924 1462 1004 1499 apud
1027 1461 1135 1489 Claron
1157 1460 1309 1493 sacerdos,
1330 1464 1429 1488 mente
1449 1462 1585 1497 recipere

883 1499 1099 1529 solen—sentis
1125 1498 1231 1533 sidera,
1246 1497 1323 1526 nosti
1343 1508 1410 1535 quae
1426 1508 1465 1526 ex
1486 1498 1522 1526 iis
1549 1499 1585 1527 ad

881 1538 983 1567 sutura
1010 1536 1205 1576 praevidenda
1237 1536 1364 1575 intelligi
1395 1536 1521 1574 possint.
1541 1538 1588 1566 H.

882 1577 997 1605 Numen
1019 1575 1124 1605 Phoebz·
1149 1574 1235 1604 senti!
1260 1578 1357 1608 vates,
1382 1576 1469 1611 cujus
1495 1576 1587 1604 menti

881 1615 1021 1644 fatidicos
1042 1615 1157 1643 furores
1178 1613 1313 1642 immittit
1333 1613 1360 1642 A
1385 1613 1454 1647 ollo,
1471 1618 1504 1642 nt
1523 1614 1587 1648 illa,

882 1653 983 1682 afflatu
1003 1653 1102 1682 divino
1117 1652 1272 1687 concitata,
1294 1652 1360 1680 faeu
1375 1656 1464 1681 tatem
1479 1652 1587 1681 habeat

880 1692 981 1721 futura
994 1691 1197 1730 perspiciendi
1211 1695 1240 1720 et
1250 1691 1424 1729 augurandi.
1445 1691 1587 1720 Divinam

882 1730 956 1760 hanc
972 1731 1031 1759 vim
1040 1731 1194 1769 praecipue
1209 1729 1304 1758 animo
1317 1729 1483 1767 recipiebat
1494 1736 1587 1764 vates,

881 1770 932 1807 qui
946 1769 976 1797 in
990 1769 1057 1798 luco
1078 1768 1225 1806 Apollinis
1241 1768 1332 1797 Clarii
1348 1768 1377 1796 in
1393 1778 1516 1805 specum
1532 1770 1587 1797 de·

882 1817 1004 1846 gressus
1027 1811 1091 1836 erat
1104 1807 1216 1844 (Tacit.
1242 1806 1346 1836 Annal.
1371 1807 1418 1839 ΙΙ,
1439 1808 1516 1841 5-1.),
1536 1808 1583 1836 vel

881 1856 948 1884 quae
966 1846 997 1875 in
1018 1846 1135 1884 tripode
1150 1845 1328 1874 consederat
1342 1845 1463 1882 Pythia.
1503 1846 1588 1875 Hinc

883 1885 995 1923 tripodi
1015 1884 1108 1913 tribui
1130 1887 1231 1924 potest
1252 1884 1298 1912 vis
1324 1882 1375 1911 illa
1396 1884 1527 1915 fatidica.
1555 1889 1588 1913 et

882 1923 952 1952 luco
978 1924 1071 1953 Clarii
1105 1923 1265 1961 Apollinis.
1317 1922 1406 1952 Unde
1440 1922 1587 1961 Virgilius

882 1962 1052 2000 composuit
1074 1973 1175 1990 manen
1199 1960 1313 1995 Phoebi,
1336 1960 1462 1999 tripoda,
1487 1960 1588 1990 laurus

886 2000 982 2030 Clarii
995 2001 1110 2029 sentire.
1151 2000 1257 2029 Sidera
1271 2007 1368 2028 autem
1383 2000 1469 2028 sentit
1483 1999 1520 2034 is,
1534 2000 1587 2038 qui

882 2039 1036 2079 intelligit,
1058 2039 1131 2077 qnid
1145 2049 1180 2067 ea
1193 2039 1382 2077 portendant.
1421 2038 1532 2066 Verbis
1546 2039 1588 2067 si—

881 2079 951 2107 dera
972 2079 1063 2107 sentis
1087 2078 1201 2106 seriora
1229 2081 1364 2114 tempora
1390 2076 1462 2104 mihi
1484 2077 1588 2108 inferri

880 2117 1031 2146 videntur.
1071 2117 1148 2145 Nam
1161 2116 1198 2144 ad
1214 2115 1417 2151 astrologiam,
1429 2124 1496 2152 quae
1518 2115 1586 2144 Ho-

880 2165 963 2184 mero
990 2155 1139 2194 incognita
1161 2154 1228 2188 fuit,
1257 2157 1402 2190 spectant,
1428 2153 1465 2181 ad
1496 2163 1584 2190 quam

882 2195 971 2223 etiam
989 2193 1145 2223 reserenda
1166 2196 1244 2224 sunt,
1267 2202 1334 2230 quae
1353 2191 1430 2220 iufra
1446 2191 1587 2229 leguntur

882 2233 919 2262 de
941 2233 1036 2271 Asyla
1049 2236 1117 2261 vate
1131 2231 1176 2266 X,
1191 2232 1258 2260 175.
1279 2229 1341 2259 coeli
1356 2229 1403 2259 cui
1424 2230 1519 2259 sidera
1528 2241 1586 2270 pu-

882 2276 956 2301 rent.
992 2272 1051 2301 ·Ad
1077 2273 1221 2305 διοσημεῖαι
1255 2272 1287 2298 ut
1312 2268 1409 2298 sidera
1428 2269 1537 2297 coelum
1556 2273 1587 2298 et

884 2312 984 2340 ae'rem
1018 2309 1192 2347 significent,
1236 2308 1302 2336 haec
1332 2307 1488 2336 reserenda
1518 2318 1587 2337 esse

883 2349 1023 2387 opinatur
1044 2346 1322 2385 nemius—laurus
1342 2355 1398 2383 pro
1419 2345 1526 2380 lauros,
1550 2351 1585 2376 ut

884 2388 1025 2419 Hevnius
1058 2386 1166 2420 voluit,
1199 2385 1271 2414 dedi
1290 2395 1307 2414 e
1337 2385 1490 2415 Mediceo.
1515 2385 1584 2424 W).

881 2420 1011 2465 Reliqua
1038 2426 1076 2454 ad
1106 2424 1230 2462 auguria
1261 2433 1326 2452 cum
1360 2434 1399 2452 ex
1431 2422 1584 2452 oscinibus

881 2469 945 2494 tum
966 2475 1004 2493 ex
1025 2463 1223 2502 praepetibus,
1238 2462 1267 2490 h.
1283 2472 1310 2491 e.
1326 2472 1364 2491 ex
1379 2462 1479 2491 avium
1493 2466 1581 2491 cautu

881 2513 916 2532 ac
932 2503 1044 2537 volatu,
1058 2505 1202 2541 spectant.
1215 2501 1255 2530 cf,
1268 2501 1320 2530 ius.
1336 2500 1382 2536 X,
1397 2502 1583 2530 175—-77.—

880 2543 1034 2571 362—364
1047 2550 1166 2578 namque
1179 2550 1286 2568 omnem
1295 2550 1409 2569 cursum
1422 2539 1490 2567 mihi
1500 2549 1584 2576 pros-

876 2591 951 2620 pera
975 2580 1046 2609 dixit
1067 2578 1199 2617 Reliyio:
1220 2578 1310 2608 etiam
1329 2579 1385 2607 hoc
1405 2578 1582 2616 hypallagen

882 2619 1037 2658 explicare
1053 2618 1168 2652 volunt,
1189 2627 1243 2656 pro
1259 2617 1354 2647 omnis
1373 2617 1478 2655 religio
1497 2625 1582 2659 pros-

886 2668 992 2697 perum
1005 2657 1083 2686 dixit
1103 2666 1235 2686 cursum.
1276 2656 1448 2694 Perper-am.
1469 2654 1582 2692 Reltym

886 2696 1007 2736 proprie
1018 2697 1056 2725 de
1069 2695 1176 2725 ritibus
1189 2695 1338 2734 religiosis
1349 2698 1379 2724 et
1393 2693 1498 2727 sacris,
1511 2701 1583 2721 mox
