1796 3077
614 251 885 293 AENEIDos,

944 251 1046 291 LIB.
1074 252 1147 291 XI.
1523 261 1620 306 (305

157 372 222 416 At
242 373 469 429 Messapus
489 374 583 424 erit,
598 375 783 430 felixque
802 373 1061 424 Tolumnius,
1082 379 1126 415 et
1145 387 1251 428 quos

156 430 247 473 Tot
267 431 416 487 populi
436 432 586 473 misere
608 433 739 474 duces
756 450 766 482 3
798 446 876 473 nec
897 431 1020 472 tarda
1047 438 1249 485 sequetur

158 487 312 529 Gloria
333 487 520 529 delectos
543 488 669 530 Latio
691 497 734 530 et
756 487 1045 529 Laurentibus
1067 489 1191 542 agris.

158 543 243 584 Est
262 552 304 585 et
325 543 580 586 Volscorum
598 546 770 600 egregia
790 545 844 586 de
864 551 990 599 gente
1013 543 1201 592 Camilla,

158 598 333 654 Agmen
353 615 482 655 agens
499 602 701 655 equitum,
724 609 767 643 et
787 601 988 642 florentes
1009 615 1094 641 aere
1110 607 1313 642 catervas.

158 655 292 702 Quod
313 657 347 698 si
363 672 429 698 me
449 658 584 699 solum
603 658 763 700 Teucri
779 658 821 699 in
837 658 1066 700 certamina
1085 664 1280 711 poscunt,

157 710 296 767 quue
316 713 469 767 placet,
490 721 739 769 tantumque
759 715 881 756 bonis
901 714 1193 755 communibus
1214 714 1337 756 obsto
1355 729 1363 755 :

157 767 263 810 Non
283 770 391 811 adeo
411 769 489 811 has
510 785 640 812 exosa
659 786 808 812 manus
824 771 1018 812 Victoria
1038 770 1160 825 fugit,

161 824 224 866 Ut
237 832 353 867 tanta
373 827 606 880 quidquam
625 842 705 881 pro
726 842 801 882 spe
820 834 912 868 tent

160 880 242 922 Ibo
264 882 409 922 animis
430 889 601 923 contra:
633 883 698 925 vel
717 898 916 938 magnum
935 890 1111 937 praestet
1131 882 1356 934 Achillem,

164 936 383 992 Factaque
400 938 584 980 Vulcani
603 940 796 981 manibus
816 940 936 994 paria
954 939 1103 980 induat
1123 954 1239 980 arma

158 992 237 1035 Ille
257 993 370 1036 licet.
432 994 570 1036 Vobis
590 997 770 1037 animam
790 996 901 1038 hanc

158 1049 335 1092 Turnus
355 1065 450 1106 egO,
472 1051 591 1092 haud
610 1052 685 1092 ulli
704 1060 895 1095 veterum

161 1105 344 1148 Devovi.
404 1106 550 1148 Solum
570 1108 735 1150 AEneas
751 1116 888 1150 vocat.

1535 433 1620 474 430

1537 715 1622 756 435

914 841 986 867 are
1007 841 1212 868 recusem.

922 1010 1154 1050 soceroque
1178 996 1334 1038 Latino
1538 997 1623 1038 440

915 1053 1070 1093 virtute
1093 1054 1317 1103 secundus,

949 1108 1023 1158 Et,
1041 1116 1178 1158 vocet,
1200 1124 1291 1151 oro.

159 1162 258 1203 Nec
284 1163 478 1204 Drances
498 1165 653 1217 potius,
676 1166 762 1206 sive
784 1172 848 1206 est
869 1165 961 1206 haec
982 1166 1043 1205 ira
1064 1166 1254 1215 deorum,

159 1217 307 1260 Morte
327 1219 417 1260 luat
440 1237 449 1269 3
482 1221 569 1261 sive
591 1227 655 1261 est
674 1222 807 1262 virtus
829 1229 872 1262 et
892 1221 1039 1274 gloria,
1062 1220 1194 1261 tollat.

216 1273 284 1315 Illi
301 1275 395 1317 haec
416 1276 526 1318 inter
546 1288 590 1317 se
611 1277 750 1318 dubiis
767 1278 821 1318 de
842 1277 970 1318 rebus
993 1278 1179 1331 agebant
1539 1276 1621 1317 415

161 1331 409 1373 Certantes:
442 1339 581 1373 castra
601 1333 765 1374 AEneas
787 1334 1003 1386 aciemque
1024 1334 1233 1375 movebat.

161 1387 354 1429 Nuntius
376 1389 536 1442 ingenti
556 1403 634 1442 per
654 1390 771 1443 regia
792 1396 905 1430 tecta

925 1388 1109 1429 tumultu

160 1443 279 1485 Ecce
299 1444 394 1493 ruit,
417 1459 664 1498 magnlsque
686 1445 835 1486 urbem
857 1444 1091 1485 terroribus
1112 1444 1280 1499 implet:

164 1499 400 1541 Instructos
422 1501 510 1542 acie
533 1500 740 1542 Tiberino
761 1516 786 1542 a
805 1501 976 1542 flumine
997 1500 1205 1550 Teucros,

162 1554 518 1611 Tyrrhenamque
539 1571 724 1607 manum,
745 1558 845 1599 totis
862 1558 915 1598 de

163 1611 397 1667 Extemplo
414 1614 571 1654 turbati
591 1615 730 1663 animi,
753 1628 1041 1668 concussaque
1061 1613 1176 1667 vulgi

163 1667 362 1718 Pectora,
380 1676 422 1710 et
439 1678 615 1711 arrectae
636 1669 813 1711 stimulis
837 1670 954 1711 haud
971 1669 1165 1711 mollibus
1186 1671 1273 1710 irae-

162 1724 300 1766 Arma
315 1741 442 1766 manu
458 1727 613 1780 trepidi
630 1734 812 1780 poscunt
829 1744 838 1776 ;
870 1726 1011 1768 fremit
1034 1741 1150 1767 arma
1165 1728 1381 1781 juventus.

163 1780 290 1822 Flent
308 1782 445 1822 maesti
465 1791 738 1836 mussantque
759 1790 917 1837 patres.

165 1836 377 1879 Dissensu
394 1838 509 1879 vario
530 1853 707 1894 magnus
728 1853 772 1880 se
795 1838 903 1880 tollit

920 1558 1123 1598 scendere
1142 1558 1315 1613 campis.
1543 1556 1628 1597 450

978 1782 1064 1824 Hic
1085 1784 1272 1837 undique
1294 1783 1450 1825 clamor

924 1839 966 1880 in
987 1853 1126 1880 auras.
1542 1836 1626 1878 455

166 1893 301 1935 Haud
321 1908 455 1944 secus,
478 1902 606 1950 atque
628 1894 712 1937 alto
732 1896 776 1936 in
795 1895 891 1937 luco
912 1910 1043 1949 quum
1063 1896 1173 1936 forte
1195 1901 1374 1937 catervae

166 1949 414 1992 Consedere
434 1952 585 2001 avium,
607 1952 826 2006 piscosove
846 1967 966 1992 amne
985 1951 1169 1993 Padusae

167 2006 287 2049 Dant
304 2007 488 2049 sonitum
507 2009 624 2049 rauci
645 2023 723 2062 per
744 2015 893 2063 stagna
908 2007 1102 2062 loquacia
1118 2009 1251 2063 cycni.

205 2135 265 2165 429
271 2136 348 2174 felix
369 2139 483 2172 autem,
497 2140 618 2175 potens,
632 2137 742 2175 opibus
761 2137 883 2170 florens,

168 2173 291 2203 videtur
312 2173 524 2204 infelicitatem
546 2175 707 2205 Diomedis
727 2176 884 2214 respicere

165 2212 293 2249 (Servio
305 2212 470 2251 interprete
485 2224 492 2241 ι
509 2213 638 2242 fortasse
650 2215 716 2252 ejus
727 2214 885 2252 augurium

168 2250 199 2278 in
214 2259 274 2288 quo
289 2253 322 2278 ut
334 2250 547 2288 potentissimo
559 2251 601 2281 ita
611 2252 786 2281 felicissimo
803 2262 885 2290 mag·

169 2298 237 2317 nam
251 2287 391 2317 fiduciam
412 2289 552 2326 ponebat,
567 2291 738 2328 respexerit
757 2291 887 2320 Turnus.

171 2325 340 2364 R.)—443.
355 2327 415 2356 444
427 2327 518 2356 Solus
542 2338 610 2357 cum
624 2328 720 2358 AEnea
736 2329 802 2357 vult
816 2338 887 2357 con-

172 2365 260 2402 gredi
273 2365 405 2398 Turnus,
421 2366 527 2403 etjam
546 2376 581 2395 ea
594 2366 634 2395 de
648 2377 752 2401 causa,
767 2377 804 2396 ne
817 2376 887 2394 cum

170 2403 294 2432 Drance
305 2402 465 2441 quicquam
474 2403 538 2432 sive
550 2405 688 2434 secundae
698 2405 763 2434 sive
776 2406 882 2434 adver·

171 2451 214 2470 sae
224 2441 269 2470 rei
277 2440 490 2475 eommunicet,
499 2445 593 2480 utque
603 2443 628 2471 is
643 2448 673 2472 et
683 2444 882 2472 aealamitate

171 2483 204 2508 et
214 2489 231 2508 a
241 2479 385 2508 felicitate
399 2489 454 2508 sua
468 2479 558 2508 absit.
579 2481 620 2509 Et
629 2481 836 2514 vocetAEneas.
850 2485 883 2509 111

172 2527 230 2555 ego
239 2517 321 2546 solus
330 2527 399 2547 cum
411 2527 446 2546 eo
457 2527 636 2555 congressus
645 2520 682 2548 de
692 2529 805 2548 summa
814 2519 885 2548 belli

173 2556 338 2594 transigam
350 2572 357 2589 ς
374 2555 438 2585 Nec
453 2555 628 2593 potius,sive
642 2557 701 2586 haec
711 2558 757 2586 ira
769 2559 885 2587 dem-mn

175 2598 218 2623 est
233 2595 285 2631 (ut
299 2598 427 2623 eventus
449 2593 522 2623 belli
543 2593 632 2631 hujus
654 2595 694 2623 sit
708 2596 885 2631 infaustus),

176 2632 312 2661 Drances
326 2637 415 2661 morte
436 2632 508 2666 luat,
522 2633 669 2661 communi
694 2633 782 2663 clade
805 2635 886 2662 occi-

180 2670 243 2703 dat,
260 2679 325 2703 nee,
337 2670 396 2699 sive
410 2675 452 2699 est
467 2670 559 2698 virtus
569 2675 596 2698 et
609 2671 714 2708 ylaria,
725 2672 751 2700 si
763 2673 819 2701 hoc
829 2673 890 2700 bel-

177 2707 338 2737 lo‘laudein
353 2709 475 2737 virtutis
490 2709 604 2747 (κλέος)
616 2709 892 2748 etglorian1(xfiam-‚

924 2136 1102 2174 victoriam)
1127 2135 1269 2174 consequi
1299 2134 1431 2170 dabitur,
1456 2135 1538 2164 tollat
1565 2145 1629 2164 eam

924 2174 987 2209 ille,
1014 2174 1130 2203 auferat
1156 2175 1230 2202 hanc
1258 2173 1379 2202 laudem
1400 2183 1455 2211 pro
1470 2183 1524 2202 sua
1546 2178 1631 2211 parte

924 2216 974 2247 (ut
1001 2215 1126 2246 αἴρεσθαι
1139 2213 1252 2249 κῦὸος);
1274 2212 1451 2249 omninoque
1471 2212 1540 2240 ideo
1559 2212 1632 2240 1111111

924 2250 974 2279 ille
989 2261 1146 2290 commune
1164 2261 1232 2280 cum
1246 2254 1309 2279 tota
1323 2260 1356 2279 re
1371 2250 1487 2283 habeat,
1511 2248 1564 2278 sed
1578 2260 1631 2279 ex-

926 2289 1029 2318 clusus
1048 2290 1087 2318 sit
1103 2299 1119 2318 a
1131 2290 1207 2318 bona
1221 2299 1307 2326 mque
1323 2292 1352 2316 et
1365 2288 1443 2317 mala
1457 2289 1587 2317 fortuna.

965 2329 1023 2357 452
1046 2332 1073 2356 et
1092 2332 1214 2357 ατη-θεῖαι
1235 2326 1358 2355 stimulis
1374 2326 1445 2354 irae:
1465 2328 1502 2356 de
1521 2327 1633 2356 virtute

927 2366 1053 2401 bellica;
1082 2365 1256 2404 exasperati
1280 2369 1349 2393 sunt
1370 2365 1477 2394 animi:
1514 2366 1633 2394 111727.

920 2406 989 2433 728.
1012 2405 1087 2433 Nam
1098 2404 1143 2433 ira
1156 2404 1296 2442 erigitur,
1311 2403 1456 2440 arrigitur
1472 2414 1506 2432 ac
1525 2404 1632 2431 stimu-

920 2442 1078 2477 latur,h.e.
1090 2441 1404 2471 movetur—stimulis
1413 2442 1490 2471 haud
1494 2441 1633 2474 mollibus,

922 2481 1017 2515 duris,
1034 2481 1086 2518 qui
1099 2484 1265 2518 penetrant,
1284 2480 1369 2508 infixi
1384 2480 1508 2509 haerent.
1529 2479 1634 2517 fremit

924 2529 1017 2552 arum,
1030 2529 1086 2557 pro
1101 2519 1236 2555 vulgari:
1258 2528 1328 2547 cum
1347 2518 1467 2547 fremitu
1488 2518 1634 2557 postulat.

925 2559 1022 2586 -454
1035 2562 1173 2590 mussant,
1184 2557 1213 2584 in
1228 2557 1347 2586 occulto
1360 2557 1633 2591 lamentaxitur,km-

925 2600 1047 2630 μύζουσι,
1064 2599 1233 2628 στενιὶζουσι.
1256 2595 1315 2624 vid.
1329 2605 1398 2633 sup.
1410 2597 1479 2624 3-15.

963 2636 1032 2662 456.
1060 2634 1118 2661 458
1146 2633 1240 2662 Haud
1258 2643 1339 2662 secus
1358 2639 1444 2672 atque
1467 2633 1578 2661 clamor
1599 2640 1633 2658 se

932 2672 1022 2706 tollit,
1044 2672 1288 2710 quana—Padus
1312 2682 1470 2710 cycnorum
1495 2670 1581 2707 copia
1605 2678 1636 2711 {1-

934 2711 993 2747 pud
1016 2711 1119 2749 po'e'tas
1144 2709 1331 2741 celebrans:
1359 2710 1388 2738 111
1420 2714 1535 2745 septem
1557 2710 1636 2736 ostia
