1796 3077
559 261 827 304 AENEIDOS.

125 381 300 438 Euryali
319 390 361 426 et
380 383 489 426 Nisi.

871 263 972 305 LIB.
1002 264 1075 305 IX.
1474 279 1570 324 533

126 441 335 482 AEneadae
356 443 450 483 duri
462 457 676 484 murorum
693 443 735 484 in
749 450 871 498 parte
887 444 1052 486 sinistra

126 497 378 552 Opposuere
399 500 543 548 aciem,
565 514 660 540 nam
676 500 852 542 dextera
871 501 1053 556 cingitur
1065 502 1189 552 amni,

124 554 408 610 Ingentesque
430 564 573 597 tenent
592 556 738 605 fossas,
761 564 803 598 et
822 558 1007 598 turribus
1028 558 1120 599 altis

1486 561 1572 603 470

124 611 248 653 Stant
266 614 420 663 maesti3
454 613 574 654 simul
593 628 666 654 ora
684 615 819 655 virum
838 615 1016 669 praefixa
1033 615 1271 666 movebant,

125 667 242 709 Nota
258 670 376 711 nimis
397 671 569 719 miseris,
591 677 768 725 atroque
787 671 960 713 fluentia
979 672 1093 713 tabo.

124 724 293 767 Interea
310 727 503 781 pavidam
520 726 694 768 volitans
716 735 901 782 pennata
920 744 998 783 per
1018 731 1167 771 urbem

126 781 291 824 Nuntia
307 783 437 825 Fama
455 784 550 833 ruit,
572 785 800 838 matrisque
821 785 1016 827 allabitur
1037 801 1159 828 aures

125 838 314 894 Euryali.
372 839 434 881 At
454 841 618 881 subitus
638 842 801 882 miserae
815 841 930 883 calor
949 858 1043 884 ossa
1061 842 1244 898 reliquit.

1490 845 1576 887 475

128 896 312 937 Excussi
330 898 525 937 manibus
538 897 656 945 radii,
672 897 946 951 revolutaque
965 913 1112 953 pensa.

126 951 282 994 Evolat
300 953 459 1003 infelix,
483 961 537 1003 et,
554 953 733 994 femineo
755 954 929 1004 ululatu,

126 1009 267 1051 Scissa
286 1025 461 1060 comam,
482 1025 622 1051 muros
643 1025 785 1052 amens
806 1019 932 1066 atque
953 1012 1119 1067 agmina
1139 1027 1266 1054 cursu

126 1065 268 1107 Prima
286 1068 393 1121 petit
409 1083 418 1107 ε
451 1082 535 1108 non
554 1066 623 1107 illa
642 1068 790 1117 virum,
811 1084 894 1109 non
914 1068 986 1108 illa
1004 1069 1164 1123 pericli,

129 1122 417 1179 Telorumque
434 1138 614 1165 memor:
637 1124 790 1166 coelum
803 1125 957 1166 dehinc
968 1126 1188 1179 questibus
1207 1125 1351 1181 implet
1367 1143 1376 1168 :

1492 1128 1580 1170 480

126 1178 257 1221 Hunc
273 1195 354 1235 ego
370 1188 424 1229 te,
448 1180 649 1234 Euryale,
671 1182 860 1235 aspicio?
892 1189 1006 1231 tune,
1021 1181 1092 1223 illa
1111 1190 1294 1225 senectae

126 1236 233 1277 Sera
251 1252 356 1278 meae
374 1238 554 1291 requies,
574 1238 748 1291 potuisti
768 1237 958 1292 linquere
980 1238 1123 1288 solam,

127 1293 347 1335 Crudelis?
378 1309 455 1335 nec
477 1302 530 1343 te,
549 1295 628 1334 sub
649 1301 767 1335 tanta
786 1294 975 1349 pericula
994 1295 1181 1346 missum,

127 1349 266 1391 Affari
286 1358 520 1392 extremum
540 1351 701 1391 miserae
721 1352 821 1392 data
840 1353 963 1405 copia
983 1353 1135 1393 matri?

125 1405 240 1456 Heu,
261 1415 374 1448 terra
388 1409 532 1461 ignota
551 1408 724 1448 canibus
745 1408 843 1448 date
859 1409 1006 1461 praeda
1028 1408 1193 1450 Latinis

1496 1412 1580 1453 485

127 1463 398 1518 Alitibusque
414 1465 554 1519 jaces!
586 1478 663 1504 nec
684 1471 726 1504 te
747 1471 820 1505 tua
836 1464 985 1505 funera
1004 1472 1137 1506 mater

126 1520 332 1570 Produxi,
355 1522 540 1576 pressive
562 1520 719 1570 oculos,
743 1528 815 1562 aut
834 1520 1009 1562 vulnera
1024 1521 1119 1571 lavi,

129 1576 264 1619 Veste
284 1585 454 1633 tegens3
485 1578 562 1619 tibi
578 1592 702 1632 quam
723 1585 868 1619 noctes
889 1578 1040 1619 festina
1057 1579 1231 1634 diesque

128 1633 361 1689 Urgebam,
379 1643 421 1676 et
442 1634 524 1676 tela
545 1649 666 1676 curas
687 1634 854 1676 solabar
874 1634 1016 1676 aniles.

129 1691 230 1738 Quo
247 1706 398 1746 sequar
414 1694 429 1732 2
460 1699 532 1732 aut
553 1707 649 1745 quae
668 1707 780 1733 nunc
799 1700 928 1741 artus,
947 1691 1174 1746 avulsaque
1194 1692 1394 1743 membra,

1499 1695 1585 1737 490

128 1748 189 1789 Et
209 1748 335 1789 funus
355 1748 540 1790 lacerum
556 1748 679 1789 telius
700 1748 861 1790 habet?
893 1749 974 1790 hoc
994 1749 1096 1790 mihi
1113 1750 1166 1790 de
1187 1757 1241 1799 te,

130 1805 261 1854 Nate,
278 1805 439 1846 refers?
471 1805 552 1846 hoc
574 1820 665 1846 sum
685 1813 881 1860 terraque
901 1806 1089 1860 marique
1109 1808 1281 1848 secuta?

130 1861 269 1916 Figite
284 1877 366 1912 me,
384 1862 418 1902 si
438 1877 522 1916 qua
542 1869 605 1903 est
622 1863 755 1916 pietas
773 1879 781 1911 3
803 1864 845 1902 in
864 1877 930 1903 me
952 1864 1089 1904 omnia
1103 1862 1186 1903 tela

130 1917 351 1973 Conjicite,
371 1934 395 1960 o
419 1918 593 1969 Rutuli3
625 1934 690 1960 me
712 1920 887 1973 primam
904 1920 1110 1960 absumite
1126 1920 1263 1970 ferr03

130 1975 223 2016 Aut
243 1982 302 2025 tu,
323 1990 475 2030 magne
491 1983 613 2031 pater
628 1977 784 2026 divum,
800 1977 1012 2026 miserere,
1031 1984 1189 2032 tuoque

130 2066 178 2091 tur
203 2061 335 2100 positum
363 2072 419 2100 pro
452 2062 633 2096 hortatibus,
660 2063 840 2091 vocibus.—

129 2101 188 2129 468
199 2101 287 2130 Cous.
301 2102 340 2130 ad
351 2112 382 2130 v.
395 2102 461 2130 194.
476 2102 514 2130 de
526 2102 661 2130 locorum
673 2102 744 2130 situ.
772 2102 840 2130 Fir-

131 2143 211 2167 mant
219 2139 500 2178 Trojanipraesidiis
512 2141 621 2169 vallum
633 2140 670 2169 ab
684 2140 762 2169 laeva
773 2150 842 2179 par-

132 2182 173 2211 te,
188 2188 247 2215 qua
263 2179 369 2208 Rutuli
383 2189 556 2217 oppugnare
577 2179 770 2207 munitionem
788 2189 841 2208 seu

133 2217 248 2251 urbem,
263 2227 321 2255 qna
334 2227 410 2246 voce
429 2218 578 2255 Virgilius
591 2217 738 2256 appellat,
751 2222 840 2255 pote-

132 2259 220 2283 rant:
241 2255 388 2284 collocant
400 2255 474 2285 eain
490 2257 555 2294 ipso
572 2258 650 2285 vallo
673 2266 728 2285 sen
743 2267 841 2291 muro,

132 2298 165 2322 et
178 2293 205 2322 in
221 2294 366 2328 turribus,
379 2304 452 2332 quas
474 2295 556 2323 fossa
567 2295 670 2324 ambit.
709 2296 745 2324 In
756 2300 843 2334 parte

132 2332 256 2361 sinistra
280 2343 436 2368 murorum,
461 2343 500 2362 ex
524 2334 626 2372 positu
640 2338 807 2363 castrorum
827 2345 844 2363 a

133 2371 272 2410 partibus
285 2372 309 2399 T
313 2373 590 2410 rojanorum-479
605 2373 705 2410 prima
727 2373 845 2411 aymina

135 2410 216 2439 haud
246 2410 337 2439 dubie
360 2411 525 2448 jungenda.
579 2412 655 2440 Nam
692 2412 845 2450 procurrit

135 2453 204 2478 ante
233 2453 471 2488 propugnatores
507 2449 697 2479 vaist—485.
728 2451 787 2479 486
806 2461 845 2479 ex

136 2488 231 2526 prisci
256 2488 316 2517 aevi
338 2487 506 2521 atrocitate,
520 2488 697 2526 projiciendi
719 2498 848 2526 corpora

138 2526 302 2561 inhumata,
313 2526 386 2555 satis
402 2530 484 2560 nota,
497 2526 547 2555 vel
560 2537 598 2555 ex
615 2527 722 2557 Iliadis
738 2529 845 2566 primis

139 2565 278 2594 versibus
315 2565 511 2594 illustrandos
545 2565 676 2604 undique
710 2566 846 2595 locorum

139 2603 229 2641 copia
244 2604 391 2643 suppetit,
416 2604 504 2633 etiam
519 2613 557 2632 ex
574 2603 640 2641 ipso
654 2604 800 2640 Homero,
815 2615 845 2635 v,

139 2652 168 2670 e.
183 2642 244 2671 Od.
269 2655 300 2677 ω,
325 2644 381 2672 291
397 2653 481 2681 sqq.:
508 2642 547 2670 Il.
563 2656 590 2676 χ,
606 2644 644 2671 86
657 2652 724 2682 sqq.
747 2644 786 2673 cf.
802 2644 846 2679 X,

140 2681 198 2710 55⁷
212 2682 378 2719 ὅρῳ-486
391 2692 442 2710 nec
455 2686 481 2710 te
497 2682 664 2719 tuaszmera
675 2687 765 2711 mater
775 2693 848 2722 pro-

139 2719 219 2748 duxi.
262 2720 303 2749 Ut
316 2729 394 2749 nunc
412 2720 534 2760 legitur,
554 2719 630 2748 ratio
657 2721 850 2759 grammatica

144 2759 280 2797 accipere
295 2759 444 2797 siojubet.
459 2763 492 2788 ut
504 2760 666 2796 tvmfunera
678 2759 716 2787 sit
730 2760 850 2798 apposi-

145 2800 208 2827 tum
223 2807 291 2828 voc.
306 2802 345 2828 ee.
383 2798 506 2828 Scilicet
529 2798 617 2827 funus
639 2797 768 2833 ducitur,
781 2808 849 2837 pro-

1502 1977 1590 2020 495

880 2063 1011 2097 ducitur,
1022 2063 1149 2102 ideoque
1164 2067 1193 2092 et
1207 2073 1331 2101 corpuS.
1371 2063 1478 2102 Friget
1492 2067 1589 2095 tamen

879 2102 927 2130 vel
956 2102 998 2130 sic
1020 2101 1117 2130 locus.
1158 2102 1322 2130 Probabile
1345 2106 1404 2137 est,
1420 2113 1512 2140 quum
1537 2114 1592 2134 nec

881 2140 981 2169 Servii
992 2141 1159 2169 emendatio
1164 2141 1300 2178 simeram
1309 2141 1328 2168 i.
1343 2150 1370 2169 e.
1379 2141 1592 2179 producentem

882 2179 1023 2213 cadaver,
1038 2189 1091 2207 nec
1115 2179 1292 2217 praepositio
1313 2180 1424 2208 omissa
1447 2180 1485 2208 ad
1496 2184 1548 2209 ant
1562 2181 1594 2210 in

880 2223 931 2246 tua
945 2218 1050 2246 funera
1064 2218 1163 2246 locum
1181 2218 1290 2247 habere
1304 2218 1410 2257 possit,
1431 2218 1593 2257 legendum

880 2266 949 2286 esse
961 2266 1029 2285 cnm
1045 2256 1162 2285 Bembo
1174 2266 1181 2292 3
1194 2258 1312 2294 funere.
1352 2257 1417 2286 Nec
1433 2267 1489 2296 ego
1502 2257 1593 2288 funus

882 2300 967 2324 tuum
990 2295 1081 2331 (ἰωὴ
1121 2305 1176 2333 pro
1216 2295 1272 2323 hoc
1308 2295 1425 2324 doctius
1460 2295 1592 2326 dictum:

884 2339 910 2363 tc
931 2334 1058 2373 produxi
1071 2333 1285 2373 funera—458
1298 2338 1374 2362 veste
1388 2338 1493 2373 teqens.
1532 2335 1595 2364 Mi-

884 2382 939 2402 nus
954 2374 1028 2402 bene
1043 2373 1080 2401 de
1096 2376 1178 2401 veste
1186 2373 1302 2401 funebri
1315 2375 1458 2411 (ἐντάφιον
1466 2373 1596 2413 dicitur)

885 2412 1018 2451 cogitant
1032 2412 1137 2450 Intpp.
1160 2416 1191 2440 et
1207 2414 1318 2446 σπεῖρον
1338 2412 1456 2441 Laertae
1469 2423 1486 2441 a
1497 2413 1595 2442 Pene-

886 2451 956 2489 lope
985 2455 1123 2479 curatum
1151 2450 1210 2479 huo
1246 2451 1404 2480 advocant.
1456 2452 1505 2480 De
1541 2451 1596 2480 filii

887 2489 1086 2519 adolescentis
1115 2493 1212 2518 morte
1246 2493 1343 2518 mater
1374 2490 1513 2527 profecto
1538 2499 1595 2519 non

885 2529 1055 2567 cogitabat3
1097 2528 1150 2556 sed
1166 2530 1283 2557 vestem
1298 2528 1329 2557 ei
1350 2528 1527 2558 ornatiorem
1541 2539 1596 2567 pa-

885 2568 1079 2596 rabat—492
1091 2567 1143 2595 hoc
1167 2571 1270 2605 caput,
1290 2567 1372 2605 quod
1393 2571 1460 2596 ante
1489 2568 1595 2596 oculos

886 2609 948 2634 erat
964 2604 1104 2633 suffixum
1118 2605 1233 2643 pertica
1253 2616 1282 2635 v.
1296 2607 1366 2641 465,
1381 2606 1440 2635 hoo
1455 2616 1521 2635 sum
1548 2616 1597 2634 se-

887 2648 992 2682 quuta,
1018 2647 1052 2672 ut
1084 2644 1156 2672 mihi
1184 2644 1342 2682 aliquando
1368 2645 1402 2674 id
1436 2647 1517 2673 esset
1551 2644 1596 2672 sic

888 2683 1141 2720 adspectandum!
1156 2683 1224 2712 Nisi
1235 2683 1287 2712 Ιιοσ
1297 2693 1353 2722 pro
1365 2694 1411 2718 eo,
1420 2686 1597 2721 propterea,

888 2721 974 2750 malis
985 2721 1133 2760 accipere,
1147 2732 1172 2750 s.
1185 2732 1255 2760 pro:
1275 2722 1354 2751 huno
1370 2723 1496 2752 luctum.
1503 2721 1598 2759 funus

888 2765 985 2829 {mitem
1000 2764 1050 2789 est
1075 2761 1214 2797 cadaver,
1227 2766 1262 2791 ut
1287 2761 1359 2791 alibi
1379 2769 1508 2800 quoque.
1530 2758 1598 2796 telo,

902 2810 919 2829 u
933 2809 1022 2829 mnne.
