1796 3077
544 234 814 274 AENEIDOS.

871 235 971 275 LIB.
1016 236 1110 274 XII.
1475 248 1569 294 627

118 356 181 399 Ut
193 358 374 413 primum
396 357 474 399 fari
493 357 647 412 potuit,
669 358 727 399 sic
748 357 897 398 institit
917 372 1013 399 ore:

115 413 258 460 Quam
278 429 355 469 pro
374 428 439 455 me
455 428 599 455 curam
615 415 742 468 geris,
760 414 870 455 hanc
890 428 1057 469 precor,
1078 413 1247 468 optime,
1267 428 1345 470 pro
1365 430 1431 459 me

115 469 335 524 Deponas,
356 469 570 524 letumque
587 471 697 510 sinas
719 484 796 523 pro
816 469 942 511 laude
961 471 1131 524 pacisci.

114 525 175 566 Et
195 540 270 566 nos
292 526 389 574 tela,
410 533 546 580 pater,
568 526 809 579 ferrumque
824 526 941 567 haud
961 526 1102 567 debile
1118 527 1272 569 dextra

113 580 373 635 Spargimus,
396 589 439 622 et
454 589 598 623 nostro
615 583 806 635 sequitur
824 583 879 623 de
898 581 1070 622 vulnere
1091 584 1278 638 sanguis.

112 635 263 691 Longe
282 637 340 677 illi
360 637 442 678 dea
459 645 593 679 mater
612 639 705 686 erit,
725 652 820 692 quae
840 639 954 679 nube
974 637 1169 692 fugacem

110 691 312 734 Feminea
332 700 470 747 tegat;
501 701 545 735 et
565 694 682 734 vanis
702 708 793 735 sese
814 693 979 738 occulat
1000 695 1174 735 umbris.

167 748 229 790 At
247 750 407 804 regina,
428 764 536 790 nova
554 764 710 803 pugnae
726 750 955 791 conterrita
975 758 1100 799 sorte,

108 803 276 854 Flebat,
297 813 341 846 et
359 806 576 846 ardentem
592 819 796 859 generum
816 807 1018 846 moritura
1037 806 1234 847 tenebat:
1505 804 1561 845 55

57 861 60 862 ⁷
108 859 270 909 Turne,
291 875 368 914 per
387 860 463 900 has
484 875 564 914 ego
585 868 627 902 te
647 860 852 909 lacrimas,
870 875 948 915 per
969 861 1003 901 si
1022 862 1116 914 quis
1136 861 1304 902 Amatae

106 915 269 970 Tangit
284 916 418 957 honos
438 917 645 956 animum:
678 916 789 970 (spes
807 923 853 956 tu
872 931 984 957 nunc
1005 932 1100 965 una,
1122 925 1303 958 senectae

106 971 179 1012 Tu
198 973 364 1026 requies
383 972 569 1022 miserae3
601 973 730 1013 decus
750 973 1056 1026 imperiumque
1079 973 1220 1013 Latini

105 1027 174 1068 Te
196 1042 351 1082 penes;
382 1029 425 1069 in
444 1035 486 1068 te
508 1028 639 1068 omnis
661 1028 811 1068 domus
834 1028 1030 1070 inclinata
1047 1029 1273 1081 recumbit)

107 1083 252 1124 Unum
273 1099 348 1125 oro
365 1099 374 1124 :
407 1084 564 1125 desiste
584 1099 751 1124 manum
770 1085 1030 1125 committere
1049 1084 1243 1126 Teucris.
1502 1085 1559 1125 60

104 1139 194 1186 Qui
213 1147 255 1180 te
276 1154 455 1193 cumque
472 1147 640 1180 manent
652 1140 733 1180 isto
754 1141 979 1180 certamine
997 1155 1133 1188 casus,

104 1194 165 1236 Et
185 1210 264 1244 me,
287 1195 449 1243 Turne,
470 1202 653 1235 manent.
715 1195 852 1235 Simul
872 1195 964 1236 haec
985 1196 1115 1236 invisa
1135 1195 1368 1248 relinquam

105 1250 299 1299 Lumina,
321 1265 398 1291 nec
419 1265 622 1304 generum
644 1250 815 1291 AEnean
837 1252 1004 1304 captiva
1025 1252 1191 1292 videbo.

103 1306 285 1360 Accepit
305 1321 450 1347 vocem
468 1306 647 1347 lacrimis
670 1306 847 1347 Lavinia
866 1307 1010 1347 matris

101 1361 351 1416 Flagrantes
372 1362 544 1415 perfusa
563 1376 693 1416 genas
710 1377 719 1401 ε
753 1363 819 1402 cui
839 1362 1042 1414 plui-imus
1063 1363 1204 1415 ignem
1499 1362 1555 1402 65

100 1418 293 1472 Subjecit
313 1419 459 1466 rubor,
480 1424 522 1458 et
543 1417 745 1458 calefacta
765 1431 841 1471 per
856 1431 931 1458 ora
950 1420 1149 1459 cucurrit.

100 1473 255 1515 Indum
271 1474 503 1527 sanguineo
518 1473 647 1514 veluti
666 1472 882 1514 violaverit
902 1480 1016 1514 ostro

100 1529 147 1570 Si
168 1530 261 1583 quis
277 1530 398 1577 ebur,
420 1535 492 1569 aut
508 1529 639 1569 mixta
658 1529 812 1569 rubent
833 1529 905 1569 ubi
923 1528 1007 1569 lilia
1026 1529 1156 1571 multa

100 1585 215 1628 Alba
234 1600 352 1627 rosa:
384 1584 477 1626 talis
493 1585 610 1639 virgo
630 1585 761 1625 dabat
782 1599 855 1626 ore
877 1584 1053 1626 colores,

100 1753 156 1780 pro
172 1741 289 1780 vulgari
301 1741 422 1774 crescit,
432 1741 594 1779 praevalet3
618 1744 649 1770 ut
661 1742 708 1775 11,
720 1741 780 1770 759
794 1752 800 1769 :

90 1782 217 1817 flammae
239 1784 429 1823 exsuperant:
463 1783 510 1808 est
532 1789 572 1808 ex
596 1782 803 1813 ὑπερίσχειν.-

96 1818 232 1848 medendo
240 1827 372 1855 passme,
386 1818 458 1845 dum
470 1817 616 1846 medicina
629 1819 656 1846 ei
669 1818 803 1846 affertur.

96 1858 175 1886 -49
199 1856 286 1884 letum
311 1865 366 1893 pro
389 1855 471 1884 laude
487 1854 609 1892 pacisci,
630 1859 689 1883 ἀντὶ
712 1859 802 1889 κλέος,

95 1898 223 1923 mortem
238 1893 385 1931 recipere,
395 1903 452 1921 non
462 1902 605 1922 recusare
617 1903 625 1930 3
647 1893 675 1921 h.
687 1893 748 1921 leto
757 1903 803 1922 re-

95 1933 211 1961 dimere
225 1932 354 1965 laudem,
368 1931 613 1969 gloriam.Letum
624 1936 734 1965 autem,
750 1941 802 1959 cu-

91 1972 145 2008 jus
166 1969 273 1999 saltem
288 1969 450 1998 discrimen
474 1969 595 1998 subibat
610 1979 713 2007 pugna
734 1979 801 1997 sus-

96 2012 195 2046 cepta.
215 2008 255 2036 cf.
268 2008 317 2036 74.
338 2008 437 2044 Supra
450 2007 490 2040 V,
509 2008 567 2036 230
580 2008 686 2035 eodem
711 2017 802 2035 sensu

92 2047 241 2084 vitampro
252 2045 335 2074 laude
344 2044 456 2083 pacisci
469 2049 533 2073 erat
545 2045 672 2073 dictum.
713 2045 802 2073 Scili-

95 2088 147 2112 cet
161 2084 297 2122 pactione
309 2084 449 2112 etdamus
457 2083 570 2121 aliquid
581 2087 611 2111 et
619 2082 799 2120 accipimus3

96 2125 257 2159 utrumque
268 2121 379 2159 pacisci
398 2121 556 2165 designare
575 2124 695 2158 potest:
718 2120 799 2149 ideo-

118 2170 154 2188 ue
163 2163 195 2188 et
205 2159 296 2187 vitam
305 2159 417 2196 pacisci
426 2169 493 2197 quis
505 2163 537 2188 et
546 2162 672 2187 mortem
685 2163 798 2196 potest,

93 2170 174 2226 illam
187 2197 382 2230 reddendam,
398 2197 472 2225 hanc
481 2197 715 2226 fe1·endam.—-5l
733 2207 799 2225 uos-

92 2241 140 2264 tro
153 2235 279 2268 vulnere,
299 2235 380 2277 quod
393 2244 450 2273 ego
461 2235 568 2263 infero.
606 2235 700 2264 Color
713 2235 740 2263 in
754 2235 799 2263 his

94 2283 158 2302 vss.
172 2273 255 2302 idem
268 2282 320 2310 qui
335 2271 374 2300 Il.
388 2286 412 2308 υ,
428 2273 594 2308 435-437,
607 2276 638 2302 at
648 2273 688 2302 11.
702 2277 728 2306 ὀ,
741 2274 798 2301 510

94 2321 153 2340 non
168 2311 242 2340 satis
255 2310 482 2339 convenit.—53
501 2312 583 2339 vanis
601 2311 630 2340 h.
655 2321 681 2339 e.
701 2311 730 2339 in
746 2320 798 2339 va-

93 2360 163 2378 num
183 2359 244 2378 sese
268 2347 377 2376 occulat
395 2348 505 2378 umbris
527 2359 569 2377 sc.
593 2349 662 2377 ille:
684 2349 795 2386 quibus

95 2389 208 2417 AEneas
226 2391 311 2416 antea
323 2385 400 2414 nube
414 2396 431 2414 a
445 2391 540 2416 matre
553 2388 650 2426 (unde
665 2391 797 2415 materna

93 2430 124 2455 et
138 2436 213 2454 nunc
225 2424 356 2463 feminea
370 2424 481 2462 nubes)
500 2428 611 2461 tectus,
628 2424 796 2454 occultatus

92 2465 201 2493 fuerat.

131 2503 169 2530 54
182 2511 256 2530 nova
271 2510 378 2539 puqnoe
392 2503 480 2528 sorte.
520 2501 624 2530 Minus
645 2502 719 2530 bene
742 2510 797 2538 pro

94 2550 200 2578 magna
219 2540 304 2568 Serv.
325 2542 355 2567 et
375 2538 436 2566 alii.
456 2538 570 2567 Immo:
591 2549 669 2568 nova
688 2549 797 2577 pugnae

92 2578 274 2611 conditione,
289 2585 363 2605 novo
377 2585 501 2613 genere:
523 2577 668 2615 singulari
681 2587 796 2606 sc-cer-

91 2616 289 2645 tamma—55
304 2614 458 2648 moritura,
478 2618 629 2652 tamqnam
640 2624 707 2653 quae
722 2616 798 2644 mori

91 2654 290 2690 decrevisset,
310 2653 369 2683 nisi
388 2652 438 2682 ille
461 2651 642 2682 flecteretur.
667 2653 706 2683 cf.
733 2653 781 2683 X]
791 2675 798 2688 ,

841 1742 897 1770 741
910 1746 941 1770 et
956 1742 1129 1779 saepe.—57
1140 1743 1241 1775 honos,
1251 1744 1341 1775 αἰδὼς,
1354 1742 1486 1780 passive,
1499 1742 1551 1779 qui

841 1780 979 1813 habetur,
992 1780 1181 1816 reverentia3
1200 1780 1274 1815 vn,
1288 1781 1358 1808 401.
1373 1780 1551 1818 „1029ratim

842 1819 919 1846 —58
944 1818 1058 1855 imperii
1075 1818 1223 1846 notionem
1247 1822 1331 1847 ornat
1355 1822 1385 1846 et
1409 1822 1500 1855 auget
1518 1821 1550 1845 τὰ

842 1856 938 1889 decem,
964 1856 1107 1893 dignitas,
1131 1856 1377 1884 auctoritas.--in
1402 1860 1428 1884 te
1456 1855 1549 1884 omnis

842 1894 943 1921 (lomus
959 1893 1095 1922 inclinata
1115 1894 1263 1927 recumbit,
1288 1894 1402 1927 nititur,
1430 1900 1549 1922 ornate:

843 1935 875 1959 tu
889 1932 1024 1960 columen
1039 1942 1084 1962 es.
1105 1934 1254 1969 tamquam
1269 1932 1388 1959 futurus
1404 1941 1506 1969 gener,
1521 1933 1550 1959 ἐν

842 1971 916 2006 οἰκίᾳ
932 1972 1028 2010 ἐρήμῃ.
1071 1969 1191 1997 Teucris
1213 1979 1267 2007 pro
1287 1970 1417 2002 Teucro,
1440 1969 1547 2001 [Euem

841 2009 973 2043 positum
989 2017 1056 2035 esse
1069 2007 1156 2035 facile
1169 2007 1364 2035 videas.—G3
1383 2008 1496 2044 captiva
1511 2007 1549 2035 ad

840 2044 985 2073 invidiam
1007 2045 1179 2081 adjectum:
1201 2045 1276 2073 satis
1299 2049 1364 2073 erat
1383 2045 1476 2078 victa,
1497 2055 1550 2073 cu—

836 2083 888 2119 jus
904 2082 1094 2120 propositum
1109 2082 1194 2110 exitu
1207 2082 1321 2118 caruit3
1342 2082 1392 2111 vel
1405 2083 1547 2117 obnoxia,

839 2131 918 2158 quae,
948 2120 1056 2149 marito
1079 2124 1210 2154 mortuo,
1242 2121 1299 2149 sub
1326 2120 1428 2158 generi
1456 2130 1544 2149 manu

837 2159 938 2187 sutura
950 2162 1008 2187 est.

876 2197 925 2225 65.
940 2197 979 2225 66
992 2196 1060 2225 Non
1078 2200 1124 2224 est
1140 2196 1309 2234 hypallage,
1329 2196 1409 2233 quod
1429 2195 1544 2230 volunt,

837 2234 940 2272 inepta
963 2235 992 2262 h.
1015 2234 1036 2262 l.
1058 2234 1172 2271 figura,
1195 2234 1248 2262 sed
1266 2238 1425 2271 utrumque
1439 2233 1500 2262 dici
1515 2238 1546 2262 et

838 2273 935 2301 animo
949 2272 1160 2309 repraesentari
1182 2276 1285 2309 potest
1298 2282 1303 2298 :
1326 2276 1360 2300 ut
1379 2275 1408 2300 et
1421 2271 1499 2308 iguis
1513 2271 1544 2300 h.

837 2310 918 2338 calor
932 2306 1082 2348 simguinis
1093 2311 1231 2338 ruborem
1245 2310 1346 2344 faciat,
1359 2313 1389 2338 et
1402 2310 1544 2338 ruborex

838 2348 989 2377 concitato
1003 2348 1146 2385 sanguine
1157 2348 1298 2376 calorem.

875 2388 923 2415 67.
939 2387 978 2415 68
993 2386 1070 2414 Esse
1092 2385 1216 2414 ductum
1239 2386 1276 2414 ab
1298 2385 1432 2414 Homero
1453 2385 1545 2415 Iliad.

837 2430 864 2458 ὁ,
881 2425 936 2453 141
958 2433 1061 2452 omnes
1075 2428 1204 2459 norunt3
1225 2423 1280 2452 sed
1299 2423 1394 2452 ibide
1418 2424 1541 2452 vulnere

837 2462 985 2498 Menelai3
1008 2466 1037 2490 et
1059 2461 1144 2491 locus
1159 2461 1209 2490 ille
1221 2465 1269 2490 est
1288 2461 1367 2490 haud
1377 2461 1479 2499 paullo
1494 2471 1542 2489 or-

836 2498 1131 2529 nauem-uiolauerit
1143 2499 1231 2528 docte
1243 2509 1298 2537 pro
1310 2499 1450 2527 tinxerit:
1472 2499 1543 2537 quia

837 2538 1009 2568 adscititius
1022 2537 1105 2566 color
1119 2537 1237 2566 omnino
1257 2537 1392 2565 nativum
1412 2540 1542 2573 φθείρειν,

834 2585 1029 2614 corrumpere,
1052 2575 1172 2609 dicitur,
1193 2579 1224 2604 et
1244 2575 1395 2604 Homerus
1423 2578 1540 2609 μιαίνειν

836 2617 976 2650 ἐλέφαντα
990 2616 1087 2649 φοίνικι
1101 2613 1307 2642 dixerat.—fi8
1319 2612 1422 2641 rubent
1437 2613 1491 2641 int.
1501 2613 1539 2640 de

839 2660 1016 2691 repercusso
1035 2652 1144 2681 rubore
1164 2651 1276 2682 vicino.
1330 2650 1538 2689 Supplendum
