1796 3077
580 277 850 316 AENEIDOS.
888 277 989 316 LIB.
1022 278 1098 317 XI.

1478 287 1567 331 591

112 401 173 443 Et
193 416 306 443 nunc
327 401 395 443 ille
416 402 588 456 quidem
611 417 686 457 spe
706 403 883 444 multum
904 411 1054 457 captus
1074 403 1189 444 inani

109 457 216 499 Fors
237 466 280 499 et
299 467 396 500 vota
417 460 529 508 facit,
547 459 817 513 cumulatque
839 459 987 500 altaria
1008 460 1129 500 donis
1148 475 1156 500 :
1517 461 1572 499 50

109 514 205 555 Nos
221 517 420 569 juvenem
441 517 695 563 exanimum,
716 522 759 556 et
778 516 834 556 nil
848 516 937 570 jam
957 516 1202 557 coelestibus
1223 515 1317 557 ullis

110 570 367 619 Debentem,
388 586 496 612 vano
517 573 652 612 maesti
672 573 920 613 comitamur
941 573 1118 614 honore.

109 626 278 676 Infelix,
300 628 386 668 nati
408 628 534 668 funus
556 628 729 669 crudele
750 629 936 670 videbis!

110 682 171 723 Hi
192 684 326 724 nostri
346 684 522 733 reditus,
544 686 865 739 exspectatique
886 684 1118 739 triumphi?

111 738 220 779 Haec
238 754 331 780 mea
351 755 505 794 magna
524 740 661 782 fides?
694 741 756 782 At
776 757 874 791 non,
896 741 1110 789 Evandre,
1132 741 1346 794 pudendis

1518 743 1543 782 U(

1547 743 1573 781 ἑτι

110 794 372 836 Vulneribus
392 796 559 850 pulsum
580 798 758 851 aspicies
776 815 785 846 3
817 813 895 839 nec
918 799 1076 851 sospite
1097 798 1235 837 dirum

111 850 298 905 Optabis
321 860 420 892 nato
442 852 568 892 funus
586 862 723 906 pater.

785 853 872 894 Hei
891 854 1005 902 mihi,
1028 862 1233 906 quantum

112 907 363 948 Praesidium
384 907 591 957 Ausonia,
613 917 655 949 et
674 917 879 963 quantum
902 917 949 950 tu
968 911 1128 963 perdis,
1151 909 1242 950 Iule
1260 912 1269 950 Ξ

166 963 276 1004 Haec
295 963 370 1004 ubi
389 964 575 1013 deflevit,
597 965 686 1005 tolli
706 965 943 1006 miserabile
964 980 1119 1020 corpus

110 1019 312 1073 Imperat,
335 1028 377 1060 et
398 1028 489 1061 toto
504 1020 637 1061 lectos
657 1036 712 1062 ex
732 1023 897 1076 agmine
918 1023 1045 1063 mittit
1520 1022 1576 1061 (ΞΟ

109 1075 232 1117 Mille
252 1078 376 1125 viros,
399 1077 472 1130 qui
493 1092 736 1131 supremum
757 1079 1010 1119 comitentur
1029 1078 1248 1127 honorem,

109 1131 396 1186 Intersintque
417 1134 549 1186 patris
569 1133 750 1174 lacrimis
768 1150 777 1174 ε
810 1134 959 1175 solatia
977 1135 1116 1175 luctus

111 1187 285 1242 Exigua
308 1190 505 1243 ingentis,
526 1190 679 1230 misero
701 1191 775 1231 sed
798 1192 944 1231 debita
964 1192 1088 1244 patri.

111 1244 247 1285 Haud
268 1259 417 1298 segnes
438 1244 508 1285 alii
527 1253 665 1286 crates
687 1253 730 1286 et
750 1246 876 1287 molle
897 1247 1099 1287 feretrum

109 1300 317 1341 Arbuteis
337 1308 490 1342 texunt
509 1302 638 1356 virgis
659 1308 701 1342 et
721 1303 873 1342 vimine
894 1317 1071 1356 querno,
1518 1304 1575 1341 60

110 1357 453 1410 Exstructosque
475 1365 590 1398 toros
611 1359 788 1398 obtentu
809 1358 970 1399 frondis
992 1359 1248 1398 inumbrant.

114 1412 199 1453 Hic
212 1414 414 1466 juvenem
435 1414 594 1467 agresti
615 1413 833 1454 sublimem
855 1415 1052 1454 stramine
1072 1422 1259 1467 ponunt:

113 1468 296 1514 Qualem
317 1469 505 1523 virgineo
527 1469 765 1511 demessum
786 1469 938 1523 pollice
959 1469 1107 1510 florem

113 1526 201 1566 Seu
221 1524 366 1566 molles
386 1524 519 1574 violae,
542 1540 618 1565 seu
637 1525 890 1579 languentes
911 1525 1129 1579 hyacinthi
1147 1541 1155 1564 :

114 1581 195 1621 Cui
215 1596 353 1634 neque
374 1580 688 1635 fulg01··adhuc‚
710 1596 790 1622 nec
812 1582 914 1622 dum
934 1597 1009 1622 sua
1028 1582 1163 1622 forma
1182 1582 1357 1622 recessit
1375 1599 1384 1632 ;
1520 1585 1576 1624 70

112 1637 216 1677 Non
231 1638 322 1691 jam
338 1645 472 1678 mater
492 1637 565 1678 alit
586 1637 722 1686 tellus,
742 1638 935 1692 viresque
957 1639 1178 1678 ministrat.

113 1693 239 1734 Tunc
259 1694 449 1747 geminas
470 1701 608 1734 vestes
629 1709 818 1747 auroque
840 1702 1040 1748 ostroque
1062 1696 1247 1749 rigentes

114 1749 283 1790 Extulit
299 1749 476 1798 AEneas,
498 1765 602 1804 quas
622 1750 681 1790 illi
700 1750 797 1791 laeta
816 1750 1009 1791 laborum

113 1806 214 1859 Ipsa
234 1806 318 1846 suis
339 1807 554 1859 quondam
576 1807 769 1847 manibus
792 1807 967 1848 Sidonia
988 1807 1106 1848 Dido

113 1862 307 1912 Fecerat,
329 1870 373 1903 et
391 1863 509 1903 tenui
529 1862 633 1903 telas
655 1864 913 1904 discreverat
933 1878 1051 1904 auro.
1522 1863 1577 1901 75

114 1918 282 1959 Harum
301 1933 428 1959 unam
443 1919 591 1973 juveni
612 1934 854 1973 supremum
874 1927 1045 1960 maestus
1066 1919 1271 1960 honorem

114 1974 274 2024 Induit,
297 1989 551 2029 arsurasque
572 1990 713 2015 comas
735 1976 914 2016 obnubit
935 1977 1089 2016 amictu
1108 1993 1116 2025 3

117 2030 342 2085 Multaque
362 2039 574 2085 praeterea
594 2031 822 2072 Laurentis
842 2032 1015 2084 praemia
1034 2046 1191 2086 pugnae

116 2085 325 2141 Aggerat,
346 2095 389 2128 et
408 2087 535 2142 longo
555 2088 744 2141 praedam
758 2088 885 2142 jubet
906 2088 1052 2127 ordine
1074 2088 1187 2127 duci.

116 2143 256 2184 Addit
276 2158 423 2197 equOS,
447 2152 490 2185 et
509 2143 608 2193 tela,
630 2145 784 2198 quibus
807 2143 1059 2198 spoliaverat
1078 2143 1259 2183 hostem.
1522 2141 1579 2180 80

116 2260 204 2289 loca:
236 2260 303 2294 IX,
330 2262 399 2290 267.
424 2261 484 2296 IV,
511 2262 581 2290 267.
604 2263 766 2291 275.—49.
790 2263 829 2290 50

119 2299 213 2327 Color
239 2299 398 2328 sententiae
427 2300 536 2328 similis
570 2301 650 2338 apud
684 2301 830 2338 Sophocl-

119 2338 171 2374 Aj.
192 2339 262 2366 5259.
287 2338 414 2366 {ML—51
436 2337 479 2365 nil
490 2338 557 2375 jam
579 2339 738 2367 coelestibus
762 2339 831 2367 ullis

119 2375 293 2403 Delwmem.
333 2375 480 2404 Animose
507 2376 643 2405 dictum!
682 2377 831 2406 Referen-

119 2414 191 2442 dum
201 2418 300 2442 autem
316 2414 354 2441 ad
367 2423 397 2441 v.
409 2415 446 2441 50
459 2424 464 2440 ;
480 2415 632 2452 votafacit
646 2416 828 2453 cumululque

119 2451 229 2480 altaria
260 2451 352 2484 (Iouis,
386 2455 476 2488 atque
512 2452 579 2481 hinc
605 2453 829 2482 illustrandum.

123 2490 183 2525 Qui
197 2488 271 2518 'vota
283 2490 368 2524 facit,
389 2489 490 2518 debere
503 2490 616 2519 dicitur
629 2491 695 2525 diis,
717 2491 742 2520 si
766 2496 831 2519 rata

121 2532 214 2564 sunt3
235 2528 281 2556 sin
304 2528 391 2556 irrita
413 2532 493 2560 sunt,
511 2529 585 2557 nihil
599 2530 701 2558 debet.
742 2530 830 2558 Adeo

118 2566 225 2603 juveni
236 2568 321 2603 justa
335 2565 553 2603 persolvimus,
567 2576 623 2604 pro
635 2578 695 2605 quo
707 2572 779 2596 vota
794 2568 830 2596 ab

126 2605 264 2632 Evandro
279 2609 365 2642 patre
386 2604 501 2632 frustra
521 2610 666 2642 suscepta
686 2606 780 2639 suere,
802 2610 833 2634 et

122 2653 209 2679 quem
217 2642 262 2670 dii
275 2642 391 2675 salvum
400 2645 429 2671 et
438 2642 616 2671 incolumem
625 2653 692 2671 esse
701 2644 834 2672 noluere.

122 2690 234 2708 --vano
246 2680 404 2715 hactenus,
416 2680 496 2717 quod
507 2691 541 2708 eo
555 2686 690 2709 mortuus
703 2681 835 2710 invitam

126 2728 182 2746 non
198 2723 372 2748 revocatur.
414 2719 465 2747 Sic
478 2719 538 2753 VI,
553 2721 612 2748 8226
625 2719 707 2747 inane
724 2730 834 2748 uulnus.

869 2262 945 2290 —54
958 2260 1003 2292 Hi
1016 2260 1109 2288 nostri
1121 2260 1241 2288 reditus.
1256 2259 1358 2292 nostri,
1373 2268 1390 2286 a
1404 2257 1490 2286 nobis
1504 2267 1579 2295 pro-

870 2300 976 2334 missi;
1009 2299 1082 2327 alias
1113 2298 1214 2333 friget.
1262 2299 1301 2326 Et
1330 2296 1485 2334 sequitur:
1520 2297 1582 2324 hoec

870 2348 934 2366 ‘mea
957 2347 1061 2375 magjau
1079 2337 1152 2374 fides
1163 2339 1247 2364 ’.Α-αἰ
1270 2346 1325 2363 uon
1346 2335 1488 2373 pudendis
1506 2335 1579 2372 (sed

872 2377 1018 2414 pulchris,
1034 2380 1064 2404 et
1079 2375 1225 2408 honestis,
1241 2375 1370 2402 adverso
1385 2382 1524 2410 corpore,
1538 2373 1581 2401 cf.

868 2415 934 2449 Ilm,
942 2415 1095 2444 288—291
1103 2411 1417 2450 .)t·nlneribus-pulsum,
1426 2414 1580 2445 πληγέντα,

869 2462 1060 2491 percussum.
1072 2470 1109 2473 —
1124 2454 1163 2480 56
1182 2450 1289 2489 sonpite
1301 2468 1339 2472 —
1352 2454 1420 2478 nato
1446 2459 1490 2478 sc.
1511 2459 1578 2478 cum

871 2491 1003 2524 infamia,
1021 2491 1102 2528 turpi
1116 2490 1190 2526 fuga
1206 2500 1221 2517 e
1244 2498 1344 2527 pugna
1365 2491 1506 2523 servato3
1527 2498 1579 2516 cu·

867 2530 919 2567 jus
949 2528 1108 2557 dedecoris
1134 2527 1238 2555 dolore
1264 2527 1467 2555 exardescens
1494 2532 1580 2563 pater

872 2567 1026 2596 infaustus
1042 2567 1100 2594 sihi
1111 2569 1250 2596 mortem,
1266 2565 1472 2602 dirumsunus,
1483 2568 1581 2601 optat.

910 2607 949 2633 00
963 2603 1216 2641 oblenlusrondis,
1229 2604 1361 2632 obtentis
1375 2603 1534 2632 frondIbus
1548 2611 1582 2629 ac:

875 2642 997 2685 raniis,13
1005 2643 1031 2670 ui
1041 2643 1177 2670 umbram
1187 2642 1439 2680 desupereorpori
1450 2641 1583 2682 facerent

875 2681 976 2719 posito
989 2681 1142 2709 inferetro
1160 2690 1174 2708 e
1192 2681 1280 2714 crati,
1295 2691 1333 2709 ex
1343 2681 1438 2717 virgis
1456 2682 1485 2705 et
1498 2679 1585 2705 vnui-

876 2720 962 2749 nibus
972 2720 1204 2748 contexta-ss?-
1212 2719 1282 2747 -75
1291 2718 1440 2756 Magistro
1451 2716 1585 2745 Homero
