1796 3077
574 175 916 216 GEORGICON.
965 177 1065 216 LIB.
1098 179 1172 217 ΙΙΙ.
1512 186 1600 230 145

149 292 371 348 Anteveni,
390 305 434 339 et
456 298 645 340 subolem
667 308 855 340 armento
877 300 1024 341 sortire
1044 302 1281 354 quotannis.

206 355 301 397 Nec
321 371 404 396 non
424 364 467 397 et
486 357 629 410 pecori
649 365 713 397 est
732 357 841 398 idem
862 357 1039 398 dilectus
1060 359 1228 412 equino.

149 411 220 453 Tu
238 413 377 462 modo,
399 428 504 467 quos
524 414 566 454 in
585 428 703 468 spem
723 421 882 455 statues
903 414 1148 456 submittere
1167 415 1318 470 gentis,

146 468 414 524 Praecipuum
430 472 517 526 jam
536 471 634 511 inde
654 485 679 511 a
699 472 854 512 teneris
873 471 1070 524 impende
1091 471 1291 514 laborem.

146 525 359 568 Continuo
380 528 543 581 pecoris
564 528 758 582 generosi
777 527 916 582 pullus
937 528 979 568 in
999 529 1107 569 arvis
1541 529 1565 567 7
1570 529 1595 567 5

143 581 285 624 Altius
306 584 553 639 ingreditur,
578 592 621 625 et
640 584 779 625 mollia
799 599 920 626 crura
940 587 1119 639 reponit.

144 638 310 681 Primus
332 649 374 682 et
394 641 454 683 ire
475 643 595 691 viam,
624 648 667 683 et
686 640 835 682 fluvios
856 649 1018 683 tentare
1040 643 1221 684 minaces

143 695 305 747 Audet,
326 706 369 739 et
390 698 533 752 ignoto
554 713 645 739 sese
666 700 924 740 committere
946 700 1078 753 ponti,

142 753 239 796 Nee
260 770 388 796 vanos
407 755 553 796 horret
574 756 787 808 strepitus.

847 754 912 796 Illi
931 756 1065 796 ardua
1085 756 1238 804 cervix,

141 810 441 866 Argutumque
461 817 604 865 caput,
625 812 763 851 brevis
787 810 916 859 alvus,
947 812 1161 865 obesaque
1183 819 1323 865 tergm
1539 811 1596 850 80

143 867 439 923 Luxuriatque
459 868 560 909 toris
580 868 812 908 animosum
833 875 993 921 peetus.

1055 868 1237 909 Honesti

140 924 360 979 SpadiceS,
381 925 626 981 glaucique;
653 923 769 966 color
791 925 1041 966 deterrimus
1062 924 1167 966 albis

138 1067 230 1097 latet:
254 1077 371 1106 semper
393 1065 522 1104 inquire,
548 1076 615 1104 quae
637 1067 729 1096 boves
748 1067 847 1105 rejici-

138 1107 224 1135 endae
238 1106 306 1135 sint.
337 1106 387 1135 Ita
397 1104 566 1143 conjunctio
579 1105 652 1134 enim
666 1109 744 1143 apta.
754 1106 846 1142 rejice,

139 1145 247 1184 supple
272 1149 448 1173 armentum·
486 1143 622 1173 W.—71
654 1144 763 1172 Totum
803 1144 845 1173 lo-

138 1193 219 1218 oum,
240 1187 270 1212 et
282 1183 359 1212 hunc
372 1183 401 1212 in
414 1182 518 1220 primis
532 1192 653 1211 versum
670 1182 737 1211 vide
751 1183 847 1212 imita-

136 1222 216 1252 tione
231 1231 410 1260 expressum
423 1231 440 1249 a
454 1221 637 1250 Nemesiano
658 1221 772 1265 Cyneg.
788 1224 847 1250 200

137 1260 396 1290 -205.—Sortin'
418 1259 507 1289 etiam
532 1259 595 1289 sine
618 1264 708 1290 sortis
729 1260 846 1290 notione

137 1304 185 1329 est
197 1300 308 1339 eligere
323 1303 352 1330 et
366 1298 562 1328 substituere.

175 1340 311 1368 72—137
344 1338 489 1376 Sequitur
513 1337 597 1366 locus
627 1336 665 1365 de
700 1347 845 1376 equorum

137 1387 220 1413 cura,
241 1382 272 1407 et
293 1377 414 1416 quidem
434 1377 472 1406 de
493 1376 661 1405 admissura
687 1386 781 1414 usque
808 1377 845 1406 ad

135 1417 206 1447 208.
226 1416 262 1445 In
273 1422 350 1455 equo
365 1414 542 1445 admissario
555 1415 693 1453 eligendo
708 1425 775 1453 quae
789 1416 847 1444 sint

136 1457 308 1494 spectanda,
322 1457 371 1485 75.
387 1455 471 1493 signa
485 1464 501 1483 e
516 1454 622 1487 forma,
637 1453 768 1488 incessu,
784 1455 845 1483 ani-

137 1504 198 1529 mo,
224 1495 335 1529 colore,
362 1498 472 1530 aetate3
493 1496 557 1521 tum
582 1503 611 1520 v.
631 1493 688 1521 100
707 1497 846 1529 parentes

137 1540 173 1562 ac
189 1532 324 1572 stirpem,
346 1532 529 1562 alacritatem
545 1534 576 1559 et
589 1530 803 1567 impatientiam
818 1531 847 1559 in

138 1572 397 1606 curriculo—122,
410 1575 441 1599 et
454 1571 564 1599 victum
576 1568 782 1606 reliquamque
796 1578 847 1597 cu-

136 1620 210 1646 ram,
227 1612 282 1640 sub
296 1610 395 1649 ipsum
406 1609 580 1638 admissurae
588 1611 707 1646 tempus
723 1608 846 1644 subjun-

137 1649 192 1687 git,
202 1649 292 1679 etiam
303 1649 332 1677 in
346 1645 718 1686 equabus—137.H.-—73
733 1645 776 1673 Τιι
787 1656 846 1674 mo-

136 1685 697 1725 do‚·h.praeeipuumlaboremimpende
705 1684 846 1722 iis‚quos‚

137 1725 194 1755 διο.
215 1726 250 1754 S.
284 1725 457 1754 submittere
470 1724 579 1752 (licitur
593 1723 730 1752 universe
745 1723 782 1751 de
797 1723 844 1756 iis,

136 1765 189 1803 qui
203 1764 427 1793 substituuntur
439 1763 467 1791 in
479 1762 606 1791 aliorum
618 1762 727 1796 locum,
743 1765 793 1790 aut
807 1762 844 1790 ad

136 1803 338 1847 supplendum
354 1811 474 1841 gregem
488 1801 607 1830 aluntur
619 1810 627 1837 3
648 1805 710 1829 tum
723 1800 845 1838 proprie

136 1842 177 1871 de
190 1842 239 1877 iis,
260 1841 353 1870 tauris
366 1840 413 1870 vel
427 1839 580 1873 arietibus,
602 1838 653 1877 qui
674 1839 711 1867 ad
733 1838 844 1867 admis-

135 1888 236 1909 surum
250 1880 379 1913 aluntur,
393 1879 424 1908 h.
444 1882 476 1907 ut
496 1878 525 1906 in
545 1878 644 1906 locum
664 1877 789 1906 aliorum
803 1877 845 1905 fe-

133 1923 211 1948 turae
225 1918 374 1948 inutilium
387 1917 556 1946 succedant.
569 1916 608 1945 cf.
621 1915 657 1944 ad
671 1916 737 1944 Ecl.
752 1916 780 1950 I,
797 1917 846 1944 46.

138 1957 220 1986 Satis
243 1957 364 1986 definita
385 1966 435 1986 res
463 1960 494 1985 et
515 1965 552 1984 ex
577 1954 659 1984 edita
679 1955 796 1992 adjecto
816 1954 845 1983 in

135 2006 214 2034 spem
226 1995 335 2034 yreyis,
356 2000 391 2024 ut
411 2005 487 2024 nova
501 2004 554 2033 pro
569 2004 601 2022 es
617 1993 685 2022 inde
699 1997 845 2023 nascatur.

137 2035 181 2064 Ut
203 2036 293 2073 poeta
318 2037 471 2073 permutat
494 2042 585 2062 voces
607 2042 721 2071 yreyem
743 2037 774 2061 et
796 2042 845 2060 ar-

136 2077 243 2109 menta,
262 2077 296 2102 ut
314 2083 387 2112 qrex
405 2082 481 2102 nunc
502 2081 647 2111 equorum
669 2070 709 2100 sit
721 2081 730 2108 3
750 2070 792 2099 ita
816 2075 845 2100 et

136 2125 138 2129 ·
156 2121 231 2140 ecus.

131 2121 155 2150 p
176 2152 215 2180 75
237 2149 390 2185 Continuo,
411 2149 569 2188 principio.
610 2149 657 2178 De
676 2148 770 2177 forma
789 2148 844 2177 hac

137 2191 215 2218 conf.
235 2189 291 2218 Ge.
305 2188 334 2223 1,
353 2190 546 2227 Uist—pecus
565 2188 594 2218 h.
609 2187 630 2216 l.
652 2187 791 2226 equinum
816 2197 844 2216 v.

136 2228 187 2257 72.
227 2227 275 2256 Ad
302 2231 386 2255 notas
409 2227 462 2255 has
486 2226 684 2265 generosioris
707 2225 783 2264 pulli
806 2226 844 2254 cf.

136 2265 280 2304 Xenoph.
303 2265 341 2294 de
363 2275 395 2294 re
415 2265 548 2303 equestri
574 2276 635 2304 pr.:
660 2265 787 2293 Varron.
805 2265 844 2293 R.

136 2305 178 2333 R.
206 2305 253 2339 11,
281 2305 321 2333 7:
351 2303 509 2333 Columell.
537 2304 593 2338 VI,
618 2304 678 2333 29:
707 2304 845 2341 Geopon.

137 2343 234 2378 XVI,
256 2344 271 2372 1
287 2347 316 2372 et
329 2344 358 2371 2.
380 2341 464 2371 Inter
475 2343 592 2380 poetas,
605 2345 716 2381 praeter
729 2341 845 2380 Oppia-

136 2392 219 2417 num,
241 2382 280 2410 cf.
298 2380 468 2411 Nemesian.
493 2381 606 2419 Cyneg.
629 2381 688 2410 240
715 2391 782 2418 sqq.
806 2390 844 2409 ex

137 2424 241 2450 nostro
259 2419 465 2453 illustrandus,
487 2423 519 2447 et
541 2419 683 2457 Calpurn.
704 2419 771 2448 Ecl.
786 2419 845 2453 VI,

135 2460 174 2488 51
189 2460 335 2498 δρψ-76
348 2457 447 2488 Altius
460 2457 630 2495 inqreditur,
650 2467 705 2486 non
725 2458 761 2486 ad
783 2457 845 2496 spi-

136 2497 227 2527 ritum
239 2502 271 2527 et
283 2497 453 2536 superbiam
466 2495 661 2525 referendum.
675 2496 772 2524 Varro
785 2497 806 2524 l.
819 2497 845 2525 Ι.

140 2535 282 2566 cruribus
304 2536 389 2566 rectis
409 2539 436 2564 et
458 2533 625 2574 (equalibus.
646 2533 763 2563 Colum.
782 2534 802 2563 l.
818 2535 845 2564 Ι.

137 2574 295 2613 aequalilms
314 2579 400 2613 atque
421 2573 488 2602 altis
507 2572 647 2611 rectisque
666 2572 846 2601 συνέπεμ-

139 2611 237 2642 mollia
261 2623 349 2643 crura
369 2612 492 2651 reponit,
512 2611 630 2650 poe'tiea
653 2610 764 2639 ratione
791 2621 846 2649 pro

141 2651 288 2688 molliter,
308 2652 341 2681 fit
361 2656 460 2681 autem
483 2651 552 2683 hoc,
573 2650 643 2678 dum
668 2658 756 2678 crura
777 2654 845 2678 sunt

142 2689 252 2725 mollia,
272 2691 301 2720 h.
328 2700 394 2729 quae
422 2689 509 2719 facile
536 2688 616 2717 flecti
641 2692 671 2718 et
698 2687 846 2717 incurvari

888 1066 1014 1104 possint.
1055 1066 1146 1102 Quod
1170 1065 1194 1094 si
1218 1074 1265 1094 ars
1286 1064 1457 1099 accesserit,
1471 1069 1533 1094 tum
1554 1077 1593 1099 xz,-

887 1109 956 1133 uuae
978 1105 1090 1133 alterna
1104 1104 1245 1132 volumina
1266 1113 1381 1132 crurum
1399 1114 1426 1131 v.
1441 1105 1507 1133 192.
1546 1104 1595 1132 Ab

889 1143 984 1172 Ennio
1000 1148 1129 1171 sumtum
1145 1142 1374 1176 hemistichium,
1394 1143 1507 1171 notavit
1527 1144 1596 1171 Ser-

889 1182 964 1210 vius.
986 1182 1127 1210 Imitatur
1143 1181 1235 1210 Silius
1255 1180 1350 1214 XVI,
1370 1181 1428 1210 443
1450 1185 1509 1209 turn
1524 1181 1594 1210 mol-

886 1219 927 1249 lia
951 1230 1038 1249 crura
1058 1220 1173 1264 superbi
1189 1219 1335 1248 Attollens
1353 1229 1481 1256 yressus.
1521 1220 1595 1248 Ver-

887 1269 953 1287 sum
973 1259 1063 1288 etiam
1082 1269 1112 1287 in
1139 1258 1234 1288 animo
1262 1258 1366 1286 habuit
1388 1258 1510 1286 Gratius
1535 1258 1594 1297 Cy*

885 1307 953 1337 neg.
974 1299 1031 1326 503
1052 1298 1145 1326 ardua
1158 1297 1264 1336 fundet
1285 1296 1313 1324 in
1336 1307 1425 1325 auras
1447 1296 1593 1325 Crura*

885 1336 929 1365 H.
953 1336 1068 1371 Mollia,
1091 1337 1109 1365 i.
1125 1346 1150 1365 e.
1171 1335 1326 1365 flexibilia.
1363 1334 1500 1373 Reponit,
1524 1336 1594 1364 sub-

884 1374 944 1403 lata
954 1384 1043 1404 crura
1053 1380 1082 1404 et
1099 1375 1191 1413 pedes
1204 1373 1335 1402 demittit
1348 1378 1379 1402 et
1393 1374 1422 1402 in
1437 1378 1515 1402 terra
1528 1384 1596 1403 rur-

885 1423 936 1442 sus
951 1414 1044 1452 pouit.
1070 1414 1104 1442 S.
1137 1415 1175 1442 80
1195 1413 1344 1450 Aryutmn
1365 1416 1460 1450 caput.
1499 1412 1535 1440 Si
1547 1422 1596 1441 ca-

878 1456 934 1490 pue
958 1452 1041 1481 habet
1062 1463 1119 1480 uon
1145 1460 1288 1489 inaquam,
1312 1450 1409 1479 Varro
1428 1450 1449 1479 l.
1471 1450 1498 1479 I.
1519 1451 1545 1488 ξ.
1565 1452 1596 1481 5.

884 1491 1015 1529 exiyuum
1037 1495 1132 1528 caput,
1156 1490 1274 1519 Colum.
1294 1488 1353 1522 VI,
1374 1489 1424 1522 29,
1450 1490 1479 1517 2.
1501 1488 1594 1524 breve,

887 1528 997 1557 Horat.
1028 1528 1091 1557 Sat.
1123 1529 1150 1556 Ι.
1181 1530 1210 1562 2,
1240 1528 1289 1555 89.
1329 1526 1422 1555 brevis
1448 1527 1539 1561 alvus,
1565 1529 1597 1558 h.·

888 1571 988 1595 venter
1001 1566 1193 1595 substrictus.
1233 1565 1330 1594 Varro
1341 1564 1414 1594 ibid.
1424 1570 1521 1594 ventre
1535 1577 1593 1595 mo-

886 1604 958 1640 dico,
980 1604 1100 1633 lambris
1113 1605 1245 1633 deorsum
1266 1613 1377 1632 uersum
1391 1604 1512 1642 pressis.
1553 1606 1596 1635 Et

886 1643 1010 1672 Nemes.
1030 1645 1099 1672 244.
1126 1642 1368 1681 lmmoclicumque
1378 1642 1465 1677 latus,
1477 1653 1593 1680 parva:-

886 1692 939 1720 9¹¹2
951 1681 1112 1720 inyentibus
1122 1681 1266 1710 alrif—81
1288 1681 1434 1711 Luxuriat
1444 1681 1517 1710 toris
1529 1683 1594 1710 ani-

886 1730 993 1749 mosum
1004 1725 1114 1759 pectus,
1137 1724 1238 1748 ornate
1256 1729 1329 1757 pro:
1350 1724 1458 1757 pectus
1477 1725 1524 1749 est
1546 1725 1592 1749 to-

884 1768 984 1788 rosum
1006 1764 1035 1788 et
1056 1759 1185 1788 eminens
1206 1758 1321 1796 pulpis,
1341 1762 1375 1786 ut
1387 1759 1471 1787 Serv.
1493 1759 1544 1792 ait,
1564 1760 1595 1789 h.

884 1797 975 1826 lutum
998 1808 1031 1826 ac
1048 1798 1176 1836 plenum,
1200 1804 1234 1825 ut
1257 1796 1353 1825 Varro
1376 1796 1449 1825 ibid.
1476 1797 1592 1828 Colum,

885 1841 999 1865 autem:
1021 1837 1079 1865 lato
1100 1841 1127 1864 et
1149 1835 1338 1864 musculorum
1357 1834 1431 1863 toris
1444 1846 1597 1865 numeroso

879 1880 1006 1913 pectore.
1048 1874 1164 1904 Pallad.
1181 1879 1282 1913 pectus
1295 1874 1351 1902 late
1359 1878 1473 1912 putens.
1513 1874 1592 1903 Lux-

886 1914 983 1943 uriare
1005 1923 1077 1942 vero
1100 1924 1138 1942 ex
1157 1924 1239 1942 more
1260 1913 1297 1941 (le
1315 1912 1482 1941 laetioribus
1496 1913 1592 1943 iucre-

886 1953 1082 1982 mentis.—8‘2
1104 1953 1188 1981 luter
1201 1951 1343 1990 pulchros
1357 1961 1500 1989 equorum
1514 1952 1593 1981 colo-

885 2001 932 2020 res
960 1992 1053 2020 refert
1076 1991 1218 2029 sptulicem
1240 1990 1439 2028 glaucumque.
1480 1990 1592 2026 Quam-

885 2039 974 2067 quam
988 2031 1026 2058 de
1044 2029 1213 2058 nominibus
1226 2029 1357 2057 colorum
1375 2038 1391 2056 a
1414 2028 1454 2056 ud
1472 2032 1592 2058 veteres

885 2068 1015 2097 difficilis
1049 2072 1096 2097 est
1124 2067 1299 2105 disputatio,
1330 2076 1368 2095 ex
1409 2075 1464 2094 oco
1495 2071 1590 2096 tamen

883 2106 1011 2136 classico
1025 2106 1114 2135 Gellii
1135 2106 1181 2138 ΙΙ,
1203 2106 1252 2140 26,
1274 2106 1362 2143 (post
1375 2104 1505 2133 virorum
1520 2105 1590 2134 doc-

883 2149 981 2175 torum
994 2144 1213 2183 disputationes
1227 2144 1275 2173 hic
1285 2147 1316 2171 et
1326 2143 1363 2171 ad
1375 2143 1460 2172 Grat.
1476 2142 1591 2188 Cyneg.

883 2186 952 2220 532,
974 2188 1004 2213 et
1018 2183 1109 2212 Salm.
1131 2183 1242 2211 Exerc.
1262 2181 1344 2211 Plin.
1369 2191 1400 2220 p.
1419 2182 1496 2219 935)
1517 2187 1590 2212 satis

884 2227 1018 2267 apparet,
1039 2232 1106 2251 esse
1128 2221 1290 2259 spadicem,
1313 2230 1330 2249 a
1351 2220 1472 2258 spadjce
1492 2221 1591 2259 palma

883 2262 1007 2295 dictum,
1030 2271 1068 2290 ex
1081 2261 1148 2289 rufo
1165 2269 1280 2298 genere,
1301 2263 1331 2288 et
1344 2259 1502 2288 convenire
1521 2269 1588 2289 cum

884 2306 986 2330 nostro
1006 2301 1092 2329 fusco
1113 2297 1212 2328 colore
1231 2308 1248 2327 a
1266 2301 1403 2327 castanea
1421 2298 1589 2336 appellato3

884 2339 912 2368 in
933 2336 1017 2378 equis
1038 2338 1118 2367 color
1142 2336 1254 2371 budius,
1282 2336 1339 2368 bai,
1362 2335 1436 2370 baio,
1459 2338 1493 2374 (a
1514 2340 1589 2373 βαΐς,

883 2382 975 2414 βάίον,
1004 2387 1103 2406 ramus
1128 2376 1264 2414 palmae).
1303 2374 1382 2403 Nam
1408 2375 1591 2409 Phaeniceus,

885 2426 967 2455 quem
987 2420 1019 2444 tu
1041 2415 1142 2444 Graece
1155 2418 1261 2450 φοίνικα
1275 2412 1385 2447 dixisti,
1403 2417 1432 2441 et
1444 2414 1550 2442 rutilus
1562 2419 1590 2442 et

884 2455 995 2494 spadix,
1007 2453 1150 2483 Phoenicei
1161 2456 1319 2486 συνώνυμος,
1346 2451 1590 2489 uisactusGraece

884 2499 980 2523 noster
995 2497 1048 2526 est,
1062 2491 1276 2520 exuberantiam
1289 2462 1518 2530 spanoremque
1530 2491 1589 2528 sig]-

884 2533 1000 2570 nifivant
1022 2530 1155 2564 ruboris,·
1184 2529 1282 2568 quales
1305 2534 1371 2558 sunt
1385 2531 1504 2567 fructus
1522 2529 1589 2567 pal-

886 2582 940 2599 mo:
966 2570 1090 2603 arboris,
1125 2578 1181 2596 mm
1205 2567 1354 2597 admodum
1387 2569 1444 2597 sole
1476 2566 1587 2600 incocti,

885 2610 957 2639 unde
970 2608 1079 2648 spadici
1101 2611 1128 2635 et
1142 2606 1294 2636 Phoem'ceo
1307 2616 1408 2635 nomen
1419 2611 1471 2635 est.
1510 2605 1586 2641 Spa-

885 2649 948 2678 dica
968 2648 1041 2676 enim
1064 2645 1167 2675 Dorici
1190 2650 1290 2674 vocant
1310 2646 1438 2674 (evulsum
1457 2656 1471 2673 e
1488 2644 1586 2681 palma

885 2686 1024 2715 termitem
1045 2694 1104 2713 eum
1118 2686 1229 2721 fluctu.
1269 2684 1335 2715 Jam
1347 2683 1465 2720 fiant-us
1478 2682 1506 2710 in
1521 2690 1587 2710 uos*

1337 2737 1361 2761 U
