1796 3077
625 265 894 305 AENEIDOS.
940 265 1042 303 LIB.
1074 265 1147 304 XI.

1512 270 1603 313 621

146 389 328 445 Antiqui
350 390 593 440 Laurentis,
609 405 828 445 opacaque
850 389 943 432 ilice
964 396 1123 431 tectum
1143 405 1153 440 3

144 447 230 489 Hic
247 449 328 488 dea
348 463 392 489 se
414 449 593 502 primum
613 448 763 502 rapido
780 446 1064 502 pulcherrima
1086 448 1181 488 nisu

145 504 280 553 Sistit,
303 512 345 545 et
362 504 594 546 Arruntem
616 503 776 545 tumulo
799 503 1042 558 speculatur
1061 504 1117 544 ab
1138 503 1237 544 alto.

151 561 208 601 Ut
224 561 327 601 vidit
347 561 577 616 fulgentem
596 561 734 609 armis,
757 576 804 602 ac
826 575 933 601 vana
954 568 1207 601 tumentem:

146 616 246 666 Cur,
268 618 416 672 inquit,
438 619 628 659 diversus
651 618 771 658 abis?
804 617 887 658 huc
910 617 1045 671 dirige
1066 631 1282 672 gressum3
1521 618 1547 657 S

1552 616 1606 656 s

144 673 246 715 Huc
267 676 456 728 periture
472 675 586 715 veni:
620 675 761 729 capias
781 681 829 715 ut
849 674 978 728 digna
1000 673 1187 714 Camillae

142 729 337 772 Praemia.

402 732 529 772 Tune
545 732 671 772 etiam
692 730 785 771 telis
806 732 985 771 moriere
1006 731 1189 771 Dianae?

142 786 280 837 Dixit,
299 795 341 828 et
363 796 511 828 aurata
531 788 745 829 volucrem
768 787 976 828 Threissa
992 788 1191 842 sagittam

143 842 392 898 Depromsit
414 844 626 898 pharetra,
655 859 872 897 cornuque
894 844 1056 884 infensa
1076 844 1272 893 tetendit,

87 907 99 911 ⁸
142 899 202 940 Et
223 901 347 940 duxit
366 900 506 955 longe,
528 901 664 942 donec
685 908 858 941 curvata
874 900 1036 941 coirent

1522 901 1607 942 860

140 955 257 997 Inter
278 972 322 998 se
343 959 498 1011 capita,
521 964 564 998 et
586 958 779 998 manibus
795 958 883 1012 jam
904 964 1098 1011 tangeret
1118 957 1263 1010 aequis,

141 1013 274 1054 Laeva
294 1015 427 1055 aciem
450 1014 561 1063 ferri,
580 1014 733 1054 dextra
753 1028 969 1067 nervoque
991 1013 1205 1068 papillam.

140 1069 372 1124 Extemplo
393 1069 466 1111 teli
487 1071 712 1111 stridorem
733 1084 942 1123 aurasque
965 1078 1162 1111 sonantes

137 1125 291 1167 Audiit
312 1142 394 1168 una
416 1126 596 1176 Arruns,
618 1127 827 1180 haesitque
843 1127 885 1166 in
906 1141 1084 1180 corpore
1106 1126 1278 1167 ferrum.

137 1182 262 1223 Illum
283 1185 568 1237 exspirantem
590 1184 691 1224 socii
712 1190 840 1236 atque
861 1190 1051 1223 extrema
1070 1191 1309 1237 gementem
1522 1183 1606 1224 860

139 1239 275 1280 Obliti
294 1241 440 1294 ignoto
461 1254 707 1293 camporum
726 1240 770 1279 in
789 1238 963 1292 pulvere
985 1238 1180 1293 linquunt
1198 1256 1207 1287 ς

139 1296 248 1350 Opis
268 1297 323 1337 ad
344 1296 565 1337 aetherium
586 1296 734 1350 pennis
757 1295 948 1336 aufertur
970 1294 1216 1349 Olympum.

195 1353 338 1393 Prima
359 1352 480 1406 fugit,
501 1353 671 1392 domina
691 1353 856 1400 amissa,
877 1351 981 1392 levis
1003 1352 1069 1392 ala
1090 1351 1304 1400 Camillae3

140 1408 325 1449 Turbati
346 1409 517 1463 fugiunt
538 1407 691 1448 Rutuli
709 1425 718 1457 ;
751 1407 860 1461 fugit
882 1422 979 1448 acer
999 1408 1175 1457 Atinas;

139 1465 408 1520 Disjectique
430 1465 560 1506 duces
582 1463 846 1528 desolatique
868 1463 1039 1518 manipli

1520 1462 1604 1504 870

139 1521 258 1562 Tuta
278 1529 443 1576 petunt,
466 1528 508 1562 et
530 1521 649 1575 equis
667 1535 803 1561 averS1
824 1521 878 1561 ad
899 1521 1055 1561 moenia
1079 1520 1273 1561 tendunt.

136 1578 233 1619 Nec
255 1579 478 1632 quisquam
496 1578 700 1618 instantes
722 1577 916 1617 Teucros
939 1576 1154 1630 letumque
1173 1576 1359 1618 ferentes

137 1635 384 1676 Sustentare
407 1634 517 1675 valet
536 1633 642 1684 telis,
664 1640 738 1675 aut
759 1634 905 1674 sistere
928 1641 1074 1675 contra
1092 1651 1102 1683 3

137 1773 209 1801 olim
227 1772 282 1801 hoc
297 1772 416 1801 nomine
434 1776 536 1801 notum
551 1771 690 1800 fuisse.—-
699 1771 757 1800 854
776 1781 851 1799 rcmtz

138 1815 289 1840 tumentem
297 1834 304 1846 ‚
317 1812 411 1848 (κατ’)
421 1813 522 1839 ἐτώσια
532 1813 697 1839 οἰδαίνοντα.
709 1809 849 1843 dfversus,

137 1850 168 1878 in
177 1850 308 1883 diversa,
320 1852 447 1884 ἑτέρωσε,
458 1850 521 1887 jam
534 1849 588 1878 lib.
602 1849 643 1883 V,
661 1850 735 1883 106;
758 1852 850 1876 utto·

138 1889 198 1916 ties
211 1888 359 1922 adversus,
369 1898 487 1917 (eversus
496 1898 505 1915 .·
527 1898 591 1916 v.c.
600 1896 672 1916 mox
681 1888 851 1916 S7l.—8.36

136 1926 224 1964 (liqna
246 1926 378 1955 Camillae
397 1926 533 1965 proemia,
565 1935 684 1963 poenam
712 1925 850 1954 meritam

134 1965 272 2004 Camillae
297 1970 404 1994 morte.
432 1970 465 1994 ut
478 1965 525 1999 II,
537 1965 594 1993 537
607 1969 634 1992 et
646 1964 770 2002 praemz'a
784 1965 850 1992 retl-

137 2004 206 2032 dsml
220 2003 325 2032 debila.
340 2005 398 2032 857
410 2003 444 2032 In
457 2003 534 2032 Tune
545 2003 630 2032 etiam
640 2002 849 2031 latetdissicnl-

135 2046 182 2072 tas
204 2042 306 2081 aliqua
325 2052 393 2081 quae
418 2043 598 2080 interpretes
613 2041 726 2079 passim
746 2041 853 2074 tenuit,

136 2083 195 2109 etsi
217 2081 253 2109 ab
274 2081 405 2110 Heinsio
419 2086 450 2110 et
465 2081 638 2109 Burmanno
654 2079 692 2108 nil
707 2084 852 2108 notatum.

139 2119 302 2148 Videamus
314 2120 459 2153 rationes,
471 2119 580 2157 quibus
593 2118 731 2156 expediri
740 2122 852 2155 potest,

137 2157 305 2194 sigillatim.
346 2159 409 2186 Aut
428 2158 516 2196 jungi
541 2158 649 2186 debet:
673 2162 740 2185 tune
752 2156 849 2190 etiam,

134 2196 225 2224 etiam
236 2200 279 2230 tu,
294 2206 336 2225 sc.
350 2196 389 2224 ad
403 2196 576 2234 exemplum
590 2200 635 2224 tot
649 2195 786 2228 aliorum,
798 2196 849 2233 qui

136 2234 242 2263 Dianae
271 2234 340 2263 telis
367 2234 493 2272 periere.
541 2234 592 2263 Sic
618 2234 681 2263 fere
712 2234 800 2262 Serv.
821 2237 849 2262 et

136 2273 274 2308 Donat.;
300 2276 368 2301 aut:
396 2272 482 2301 etiam
503 2273 611 2301 Dianae
631 2272 706 2305 telis,
730 2282 773 2300 sc.
795 2282 849 2300 nec

136 2311 235 2346 meis3
256 2311 498 2349 exspectabisne,
522 2311 593 2339 dum
620 2321 636 2339 a
658 2311 756 2339 Diana
782 2310 850 2348 ipsa

135 2348 352 2378 interficiaris?
406 2349 556 2378 Neutrum
589 2349 700 2387 placet.
754 2349 851 2377 Erant

136 2388 233 2426 ipsius
251 2387 358 2416 Dianae
373 2387 505 2424 sagittae,
529 2388 638 2426 quibus
653 2388 730 2426 Opis
747 2388 850 2415 uteba-

134 2430 193 2455 tur.
235 2425 340 2455 Possit
365 2425 490 2454 alterum
514 2426 704 2455 distinctione
722 2425 848 2463 juvari:

133 2465 203 2493 Huc
222 2475 258 2503 p.
283 2464 358 2492 veuz'.
410 2464 519 2502 Capias
544 2469 575 2493 ut
601 2464 689 2502 (liqna
741 2463 846 2492 amillae

136 2502 278 2537 Praemia,
300 2507 366 2531 tune
382 2504 468 2531 eliam
492 2502 556 2530 telis
578 2502 702 2531 moriere
717 2500 845 2531 Βίαντα-7

135 2541 206 2570 Ηοο
218 2541 317 2579 friget.
353 2542 401 2569 Ex
417 2541 524 2569 Cerdae
541 2548 640 2569 mente
655 2540 739 2570 dolet
748 2542 844 2578 Nym-

133 2580 204 2618 pha,
219 2579 408 2616 fraudulento
421 2578 531 2607 homini
548 2579 720 2617 contingere
734 2579 844 2616 glorio-

135 2628 199 2646 sam
227 2622 374 2646 mortem:
397 2627 464 2646 cum
488 2616 642 2654 periturus
667 2617 707 2646 sit
738 2618 844 2646 Dianae

133 2656 216 2685 telis.
256 2656 307 2684 Ex
329 2656 422 2684 simili
438 2655 641 2694 indignatione
663 2655 775 2684 dictum
790 2666 847 2694 pu-

138 2695 219 2723 tabat
246 2694 395 2723 Gucllius.
444 2695 505 2723 Hic
533 2703 652 2732 quoque
675 2703 780 2722 sensus
803 2694 847 2722 in-

138 2737 200 2763 est:
225 2733 363 2762 Etiamne
379 2733 485 2763 Dianae
503 2733 569 2763 telis
587 2742 663 2770 opus
679 2731 748 2766 erit,
768 2736 801 2760 ut
817 2736 848 2762 tu

890 1780 999 1808 pereas
1015 1771 1028 1798 Τ
1047 1769 1130 1804 Nisi,
1151 1770 1231 1808 quod
1251 1769 1338 1798 valde
1362 1769 1510 1807 suspicor,
1531 1779 1601 1806 pan-

890 1818 945 1837 nus
971 1809 1098 1837 adsutus
1121 1813 1168 1837 est
1196 1818 1338 1846 purpurae
1366 1808 1602 1842 hemistichium,

890 1857 978 1876 unum
1000 1848 1122 1876 modum
1144 1847 1233 1875 video
1258 1847 1359 1884 paullo
1383 1846 1545 1880 meliorem,
1570 1850 1604 1875 ut

892 1896 930 1914 cx
967 1886 1075 1915 affeetu
1108 1885 1291 1924 reliquorum
1326 1884 1414 1913 etiam
1446 1884 1501 1913 hoc
1533 1894 1602 1913 cnm

891 1924 1081 1953 cavillatione
1104 1924 1203 1961 aliqua
1224 1924 1364 1952 dicatur:
1396 1922 1473 1951 Tune
1496 1920 1604 1952 etiam?

894 1963 971 1992 Telis
993 1964 1115 1992 moriere
1132 1963 1261 1999 Dianae3
1283 1962 1311 1990 h.
1334 1965 1405 1990 tune
1426 1961 1515 1989 etiam
1538 1961 1604 1989 lon-

892 2000 959 2038 gius
981 2002 1067 2031 abis?
1089 2011 1144 2029 uon
1159 2011 1246 2038 pares
1266 2001 1373 2029 dicto?
1413 2000 1497 2028 Ades
1519 2009 1602 2034 vero,

894 2048 912 2067 o
946 2040 1034 2071 bone,
1071 2039 1133 2067 tulis
1169 2039 1291 2067 moriere
1327 2037 1446 2066 Diance.
1495 2038 1547 2067 Uti
1573 2038 1602 2066 in

893 2078 1103 2115 objurgatione
1130 2077 1217 2106 elium
1243 2077 1378 2105 sollenne
1401 2082 1457 2104 est.
1504 2077 1603 2105 Dubi-

893 2116 1020 2145 tntiones
1041 2117 1079 2144 de
1100 2116 1168 2144 loco
1191 2115 1248 2143 hoc
1271 2114 1352 2144 tollit
1366 2114 1455 2143 Statii
1475 2114 1605 2143 imitatio

891 2155 985 2183 Theb.
1007 2154 1053 2188 X,
1073 2155 1143 2183 910.
1165 2154 1229 2187 IX,
1250 2154 1319 2182 787.

928 2195 988 2222 858
1009 2203 1076 2231 sqq.
1119 2192 1258 2220 Threissa
1274 2191 1364 2230 Opis,
1385 2191 1514 2220 sortasse
1527 2194 1605 2220 tam-

891 2242 978 2269 quam
993 2242 1049 2260 una
1064 2242 1079 2260 e
1098 2230 1208 2269 puellis
1224 2229 1447 2268 Hyperboreis.
1468 2239 1497 2258 v.
1517 2230 1554 2258 ad
1573 2240 1603 2258 v.

889 2272 957 2300 532.
988 2282 990 2288 ·
1012 2270 1161 2299 Thracum
1190 2273 1289 2297 autem
1317 2277 1424 2296 nomen
1449 2267 1509 2296 late
1533 2277 1603 2306 pro-

890 2313 1042 2347 pagatum,
1068 2312 1101 2336 ut
1126 2317 1218 2345 supra
1240 2316 1359 2345 quoque
1379 2306 1418 2334 de
1441 2306 1605 2335 Amazoni-

889 2349 948 2377 bus
979 2357 1017 2376 ex
1054 2346 1179 2383 Scythia
1213 2355 1244 2374 v.
1274 2345 1444 2374 fisa—859
1477 2344 1603 2382 infensa,

890 2386 1006 2414 infenso
1021 2385 1130 2418 animo,
1146 2384 1196 2422 qui
1214 2383 1294 2413 vires
1314 2393 1407 2412 novas
1429 2382 1604 2420 adjiciebat.

889 2425 986 2453 -861
1009 2423 1100 2461 aequis
1123 2432 1178 2460 pro
1199 2432 1296 2459 aeque,
1319 2421 1475 2459 aequaliter
1495 2421 1605 2450 dextra

885 2467 991 2502 pectus
1009 2472 1043 2490 ac
1064 2462 1141 2490 laeva
1165 2461 1286 2499 sagittae
1313 2460 1481 2498 cuspidem.
1521 2459 1561 2488 ΙΙ.
1576 2465 1603 2493 ὁ,

886 2503 943 2530 123
969 2501 1043 2529 εἷλκε
1067 2502 1089 2528 δ’
1114 2502 1183 2533 ὁμοῦ
1218 2502 1353 2535 ’γλυφὶὀσς
1379 2511 1409 2526 τε
1437 2502 1534 2535 λαβὼν
1558 2502 1604 2526 καὶ

885 2544 963 2574 νεῦρα
975 2544 1070 2575 βόεια.
1112 2542 1208 2572 scopin
1224 2540 1273 2571 μὲν
1293 2540 1372 2575 μαζῷ
1394 2538 1516 2571 πέλασε,
1532 2541 1604 2574 τόξῳ

884 2591 914 2606 τε
950 2577 1182 2610 affirmem—863.
1216 2576 1285 2604 864.
1318 2575 1397 2604 conf.
1431 2575 1498 2609 IX,
1532 2575 1601 2603 031-

883 2618 953 2646 632.
986 2615 1156 2644 633.--866
1186 2613 1268 2643 oblili
1282 2616 1483 2649 ἀμελήσαντες,
1516 2613 1546 2641 h.
1568 2622 1595 2641 e.

887 2664 946 2684 non
961 2657 1102 2682 curantes
1117 2663 1181 2690 prae
1199 2652 1332 2691 fugiendi
1349 2653 1463 2680 studio.

927 2693 985 2721 870
1018 2691 1146 2730 vmnipli.
1199 2691 1246 2720 Dc
1274 2690 1425 2729 signiferis
1451 2688 1602 2726 accipiunt

890 2732 990 2766 Serv„
1005 2730 1103 2759 Cerda
1119 2739 1126 2766 3
1148 2728 1253 2768 quidni
1267 2729 1327 2768 ipsi
1349 2729 1476 2758 militum
1499 2736 1602 2755 nume-
