1796 3077
611 252 878 292 AENEIDOS.
915 255 1016 292 LlB.
1048 253 1101 293 X.
1496 261 1591 306 549

142 378 282 419 Ardeae
300 380 474 432 proxima
502 379 847 419 devehitur—688.
891 381 1046 419 Interim
1067 380 1282 418 Mezentius
1309 380 1416 419 Jovis
1446 381 1593 418 monitu

141 447 281 484 pugnae
313 434 529 479 succedens,
575 448 755 484 magnum
801 444 876 472 tam
909 435 1163 485 Trojanorum
1195 448 1311 485 quam
1343 434 1594 472 Etruscorum

141 501 338 525 numerum
370 488 719 538 prosternit—761,
749 488 869 526 donec
888 489 935 525 ab
958 488 1080 526 AEnea
1104 488 1224 525 hastae
1256 489 1333 526 ictu
1362 488 1596 534 vulneratus,

140 549 178 577 et
196 554 218 578 a
237 541 362 578 Lauso
382 541 458 578 filio
474 550 680 591 protectus,
712 555 814 592 aegre
847 555 887 579 se
917 541 966 578 ad
995 541 1239 591 obligandum
1267 542 1403 579 vulnus
1434 555 1483 579 ex
1513 541 1594 579 acie

139 594 417 644 recipit—795,
456 594 514 632 Ibi
534 594 681 632 Lausus
711 608 875 645 quoque,
906 595 997 632 dum
1024 604 1169 645 patrem
1200 595 1330 632 ulcisci
1349 603 1518 639 conatur,
1546 595 1594 631 ab

138 643 259 684 AEnea
273 648 626 685 interficitur—832
643 662 652 685 ε
682 648 764 699 ejus
783 649 836 686 rei
851 648 983 686 nuntio
1002 657 1157 698 accepto
1179 648 1394 686 Mezentius
1414 661 1594 685 conscen-

138 712 181 736 so
210 714 309 750 equo
335 701 373 739 in
404 701 577 751 praelium
609 701 728 739 redit:
758 701 836 746 ubi,
863 702 955 739 dum
987 701 1054 739 filii
1084 710 1244 739 mortem
1264 702 1457 739 vindicare
1473 711 1594 752 parat,

137 753 268 790 eadem
288 767 363 803 qua
384 754 482 792 filius
498 755 633 792 dextra
653 755 919 792 concidit—ad
940 755 967 792 f.

135 954 379 997 PANDITUR
402 957 562 997 interea
579 957 728 997 domus
751 956 1051 1012 omnipotentis
1069 956 1254 1011 Olympi,

135 1011 454 1068 Conciliumque
475 1021 597 1055 vocat
617 1014 759 1055 divum
779 1021 900 1069 pater
918 1022 1047 1068 atque
1069 1014 1284 1055 hominum
1302 1028 1378 1054 rex

136 1069 356 1111 Sideream
375 1071 418 1111 in
435 1071 577 1112 sedem
597 1083 605 1108 :
636 1078 771 1112 terras
792 1071 905 1112 unde
923 1072 1080 1112 arduus
1100 1086 1259 1120 omnes,

133 1125 368 1181 Castraque
390 1127 688 1168 Dardanidum
709 1135 915 1182 aspectat,
937 1127 1202 1182 populosque
1223 1128 1412 1169 Latinos.

135 1182 372 1225 Considunt
393 1185 513 1225 tectis
534 1185 839 1238 bipatentibus.
901 1184 1054 1238 Incipit
1075 1185 1166 1239 ipse
1188 1200 1197 1225 :
1567 1187 1596 1226 5

190 1239 406 1282 Coelicolae
427 1241 582 1295 magni,
602 1242 798 1294 quianam
819 1242 1026 1281 sententia
1045 1242 1164 1282 vobis

131 1296 270 1338 Versa
291 1305 419 1347 retro,
442 1304 690 1351 tantumque
711 1298 856 1338 animis
878 1298 1047 1338 certatis
1068 1298 1220 1352 iniquis
1242 1299 1258 1338 ἲ

136 1353 384 1395 Abnueram
405 1354 516 1395 bello
538 1354 701 1395 Italiam
720 1369 971 1395 concurrere
992 1353 1189 1395 Teucris.

131 1411 243 1457 Quae
263 1418 411 1452 contra
431 1412 604 1451 vetitum
625 1411 837 1451 discordia
857 1413 873 1451 2
905 1412 997 1465 quis
1018 1419 1154 1451 metus
1175 1418 1249 1451 aut
1268 1409 1347 1450 hos

170 1540 187 1568 1
210 1538 291 1567 Dum
305 1537 371 1566 haec
385 1538 542 1575 geruntur,
561 1535 604 1564 dii
625 1536 662 1565 ad
682 1537 841 1566 concilium

130 1577 301 1606 habendum
322 1580 537 1605 convocantur.
577 1575 634 1604 Est
647 1575 759 1613 poetis,
778 1577 842 1613 jam

129 1616 198 1645 inde
212 1616 249 1645 ab
262 1614 408 1649 Homero,
427 1614 579 1658 Olympus
599 1615 840 1643 accommodatus

130 1656 170 1684 ad
197 1655 321 1683 formam
349 1653 459 1682 aedium
485 1663 595 1691 priscae
617 1653 708 1681 vitae:
741 1653 781 1681 ct'.
802 1654 840 1682 ad

131 1695 189 1723 Ge.
203 1693 270 1728 ΙΙΙ,
283 1694 352 1722 261.
393 1695 461 1720 sunt
479 1695 586 1730 portae,
600 1691 703 1729 ingens
719 1691 840 1727 atrium,

130 1732 159 1761 in
181 1742 240 1770 qno
265 1729 386 1769 negotia
403 1731 474 1759 vitae
498 1734 529 1759 et
543 1735 708 1758 conventus
728 1731 840 1760 adeun-

129 1771 205 1799 tium
220 1774 348 1809 aguntur
361 1778 370 1806 3
391 1770 430 1798 ab
451 1771 577 1807 utraque
590 1774 676 1807 parte
692 1779 745 1798 seu
759 1770 839 1803 atrii,

131 1818 185 1839 seu
201 1809 282 1847 quod
303 1817 373 1838 oum
387 1807 562 1837 Homericis
582 1807 678 1845 magis
692 1808 841 1842 convenit,

130 1853 178 1876 τοῦ
187 1851 322 1882 δώματος,
334 1847 453 1880 domus,
466 1846 544 1875 iutra
554 1850 586 1873 τὸ
600 1848 675 1880 ἕρκος
688 1850 734 1878 τῆς·
743 1849 839 1881 αὐλῆς,

129 1887 281 1915 exstructi
305 1890 375 1914 sunt
392 1885 514 1915 thalami
538 1894 591 1914 seu
612 1885 727 1914 minora
755 1886 841 1914 cubi·

128 1926 207 1958 cula.
219 1924 359 1954 aediculae
373 1924 485 1958 verius,
500 1923 639 1962 singulis.
654 1924 705 1962 qui
717 1924 841 1953 domum

127 1964 305 1999 inhabitant,
325 1968 430 2001 parata
442 1967 522 1992 sunt.
561 1963 650 1992 Conf.
670 1964 709 1992 de
725 1962 839 1992 Priami

127 2003 212 2041 regia
237 2003 276 2031 ΙΙ.
307 2006 332 2036 ζ,
359 2003 419 2031 242
440 2012 507 2040 sqq.
548 2001 666 2030 Eodem
693 2002 783 2030 modo
808 2002 838 2030 in

128 2042 260 2080 Olympo
274 2041 312 2069 ab
325 2044 450 2079 utraque
464 2044 549 2079 parte
563 2040 721 2069 duodecim
744 2041 839 2078 majo-

128 2090 195 2109 rum
213 2081 338 2109 deorum
358 2083 427 2109 sunt
447 2089 502 2108 seu
522 2078 675 2114 cubicula,
696 2089 748 2108 seu
769 2089 839 2117 par-

128 2129 175 2148 vae
197 2119 290 2153 aedes,
318 2117 348 2146 in
369 2118 468 2147 media
487 2122 587 2147 autem
615 2118 722 2147 domus
742 2122 840 2156 parte,

128 2167 217 2195 quam
232 2161 364 2192 μέγαρον,
383 2162 472 2192 δῶμα,
488 2161 582 2192 δόμον,
599 2157 751 2195 appellare
762 2156 840 2186 solet

128 2197 294 2228 Homerus.
309 2200 475 2224 conventus
491 2205 525 2224 ac
538 2205 698 2224 consessus
714 2198 838 2224 deorum

128 2236 173 2269 lit,
203 2235 267 2264 sive
284 2233 321 2262 ad
335 2234 562 2263 deliberandum
581 2235 618 2263 de
639 2235 731 2263 rebus
756 2244 838 2263 com-

131 2274 282 2308 munibus,
319 2273 384 2302 sive
407 2273 445 2301 ad
469 2272 660 2310 epulandum.
701 2274 836 2302 Eandem

127 2312 189 2341 fere
203 2323 302 2342 rerum
328 2311 462 2350 speciem
486 2311 634 2349 Virgilius
659 2311 764 2341 animis
781 2322 836 2340 ex-

127 2351 222 2385 hibet,
248 2352 305 2381 nisi
325 2351 407 2390 quod
427 2350 466 2379 dc
486 2350 633 2379 cubiculis
654 2351 732 2380 silet.
773 2351 834 2380 Po-

126 2390 186 2419 tuit
201 2395 300 2420 autem
314 2391 371 2419 hoo
388 2392 471 2418 tanto
484 2389 581 2427 magis
596 2389 693 2427 sequi,
714 2390 834 2428 quando

127 2427 281 2459 Homerus
304 2428 408 2459 multis
427 2427 456 2456 in
477 2427 552 2456 locis
572 2428 679 2457 faciem
693 2438 728 2457 ac
742 2429 834 2457 situm

126 2468 253 2507 Olympi
273 2467 415 2497 variavit.
454 2466 504 2494 Ita
519 2466 606 2496 Jovis
627 2468 716 2496 sedes
736 2467 837 2505 aliqua

127 2506 156 2535 in
177 2512 261 2545 parte
274 2506 400 2545 Olympi
419 2504 524 2533 altiore
543 2504 591 2533 vel
611 2504 752 2534 interiore
772 2516 835 2534 me-

126 2550 271 2579 moratur,
290 2550 459 2575 ceterorum
470 2544 593 2572 deorum
607 2544 714 2573 domus
725 2545 754 2573 in
768 2544 834 2573 aliis

128 2584 252 2623 Olympi
273 2585 357 2623 jugis
378 2583 446 2612 sitae
481 2586 562 2616 sunt,
588 2582 665 2611 unde
687 2583 725 2611 ad
745 2583 834 2613 Jovis

128 2623 211 2652 sedes
238 2624 400 2652 confluunt.
431 2620 480 2650 Cf.
501 2621 540 2649 ΙΙ.
561 2634 585 2649 υ.
604 2622 623 2649 4
637 2631 703 2659 sqq.
757 2622 835 2650 Cum

128 2662 165 2690 ad
187 2665 370 2691 conventum
392 2659 569 2690 admittendi
595 2663 664 2687 sunt
683 2659 737 2693 dii,
757 2670 835 2698 pan-

128 2700 207 2728 ditur
219 2701 329 2734 domus,
350 2700 469 2731 atrium,
485 2704 573 2729 δῶμα.
614 2697 750 2727 Concilia
763 2700 835 2727 deo-

129 2748 194 2768 rum
228 2739 337 2768 similia
376 2738 459 2777 apud
479 2737 647 2776 Homerum
673 2741 834 2766 occurrunt

902 1536 979 1571 lura,
1001 1547 1069 1576 quae
1081 1539 1151 1565 ante
1165 1535 1269 1565 oculos
1282 1534 1400 1564 Maroni
1411 1534 1506 1563 fuisse
1519 1543 1590 1572 pro-

879 1546 981 1604 {abile
1003 1577 1058 1611 lit3
1080 1576 1108 1604 in
1124 1575 1230 1613 primis
1251 1574 1291 1603 Il.
1311 1579 1337 1608 ὃ,
1360 1574 1457 1609 1-4;
1479 1574 1534 1602 sed
1549 1573 1592 1601 ibi

879 1614 957 1643 inter
970 1614 1196 1643 deliberandum
1216 1617 1323 1652 potant
1341 1612 1396 1646 dii,
1416 1622 1455 1641 ex
1477 1612 1594 1650 priseo·

879 1662 944 1682 rum
956 1653 1107 1682 hominum
1122 1662 1217 1686 more,
1243 1652 1282 1680 Il.
1311 1654 1338 1686 θ,
1356 1652 1377 1680 2
1392 1655 1423 1680 et
1435 1652 1471 1679 51
1485 1661 1491 1679 :
1527 1664 1552 1685 υ,
1572 1652 1593 1681 4

880 1702 912 1739 sq
939 1712 947 1720 .
980 1691 1181 1730 omnipotentis
1211 1691 1352 1729 Olympi:
1386 1690 1466 1728 quod
1481 1689 1592 1718 iterum

879 1703 964 1764 λῗΙ,
994 1732 1064 1759 791.
1104 1729 1216 1759 Melior
1236 1729 1313 1758 ratio
1333 1728 1417 1757 nulla
1441 1729 1591 1766 suppetit,

879 1779 967 1807 quarn
988 1774 1023 1798 ut
1043 1772 1204 1803 statuatur,
1225 1768 1378 1807 epitheton
1398 1777 1416 1796 a
1436 1767 1510 1801 diis,
1538 1767 1591 1805 qui

880 1808 909 1836 iu
932 1808 1064 1846 Olympo
1092 1807 1240 1841 habitant,
1267 1806 1443 1835 translatum
1466 1815 1533 1834 esse
1554 1806 1592 1835 ad

880 1846 979 1885 ipsum
1001 1847 1187 1885 Olympum:
1211 1845 1379 1883 antiquiore
1400 1845 1500 1873 forsan
1521 1854 1595 1873 auc-

880 1885 1073 1914 imitata—3
1096 1887 1133 1914 cix·
1154 1887 1266 1918 οὐρανὸν
1286 1888 1452 1917 ἀστερόεντα
1475 1883 1591 1912 Home-

879 1924 987 1953 ricum.
1027 1924 1076 1953 Ad
1098 1923 1214 1961 reliqua
1234 1923 1311 1952 conf.
1332 1923 1372 1951 ll.
1392 1925 1417 1950 θ.
1437 1922 1487 1950 51.
1501 1923 1591 1950 52-

879 1965 896 1991 5
922 1963 1005 1992 tectis
1026 1962 1226 2001 bipatentibus.
1273 1961 1305 1990 Si
1331 1964 1435 1990 tectum
1461 1959 1591 1998 bipatens

878 2002 995 2036 audias,
1009 2011 1064 2030 seu
1078 2001 1200 2029 domum
1214 2000 1408 2039 bipatentem,
1428 2009 1485 2027 non
1501 1999 1592 2028 aliter

878 2040 1023 2078 accipias,
1038 2050 1127 2078 quam
1147 2042 1181 2068 ut
1195 2039 1246 2071 sit.
1260 2039 1341 2077 quod
1355 2038 1391 2067 ab
1412 2038 1508 2067 antica
1520 2042 1547 2066 et
1570 2048 1592 2066 a

873 2083 989 2117 posttea
996 2083 1084 2118 parte
1097 2078 1206 2107 aditum
1217 2078 1311 2111 habet,
1326 2081 1359 2105 ut
1374 2080 1433 2105 ναοὶ
1448 2080 1589 2112 ἀμφι-πρὸ-

879 2123 988 2146 στυλοι.
1028 2117 1137 2154 Itaque
1151 2117 1225 2145 bene
1241 2116 1277 2145 ad
1292 2120 1390 2144 ortum
1405 2119 1436 2143 et
1449 2124 1589 2144 occasum

878 2157 1009 2185 refertur
1023 2166 1070 2193 ap.
1084 2155 1235 2183 Servium.
1275 2154 1381 2192 Pergit
1393 2153 1473 2182 idem
1492 2154 1589 2182 bene:

877 2200 925 2224 est
951 2199 1050 2224 autern
1072 2203 1169 2222 sermo
1198 2192 1361 2222 Ennianus.
1420 2191 1482 2221 Alii
1506 2192 1595 2222 fores.

877 2234 955 2262 binis
970 2233 1067 2262 valvis
1081 2238 1199 2270 apertas
1214 2231 1395 2270 intelligunt,
1420 2240 1476 2259 nec
1496 2231 1587 2259 male.

876 2273 924 2301 Ad
942 2282 970 2301 v.
990 2274 1018 2301 6.
1038 2272 1119 2300 idem
1144 2271 1285 2299 Servius:
1318 2269 1495 2308 “quianam,
1522 2280 1589 2304 cur,

875 2309 967 2349 quare
982 2321 988 2338 τ
1012 2320 1108 2339 sermo
1125 2309 1291 2343 Ennianus,
1305 2309 1443 2347 quianam
1458 2307 1586 2345 leyiones

873 2350 1100 2387 coedimusferro
1109 2347 1144 2378 ?'’
1170 2348 1209 2377 cf.
1230 2358 1259 2377 v.
1279 2349 1336 2378 13:
1365 2347 1434 2376 Heu
1447 2347 1587 2386 quianam

874 2393 934 2418 etc.

912 2429 933 2456 6
953 2427 1059 2456 Oratio
1088 2425 1176 2456 Jovis
1203 2425 1370 2463 majestatis
1395 2424 1490 2463 plena,
1518 2424 1586 2462 ipsa

873 2466 1023 2495 brevitate
1055 2470 1086 2494 et
1116 2464 1247 2502 autiquae
1283 2463 1427 2492 orationis
1473 2463 1588 2492 studio.

874 2505 1025 2534 Hortatur
1038 2504 1124 2538 deos,
1146 2503 1354 2532 contentiones
1374 2502 1452 2531 inter
1474 2512 1507 2531 se
1527 2512 1584 2540 pro

873 2543 1013 2581 Trojanis
1034 2547 1066 2571 et
1093 2542 1208 2571 Latinis
1228 2542 1389 2579 deponant.
1428 2540 1479 2570 Sic
1500 2551 1585 2569 verm

872 2586 953 2611 retro
970 2592 1026 2620 pro
1045 2579 1317 2619 mutata.——iniquis
1337 2590 1392 2618 pro
1411 2579 1583 2608 infestis.—

873 2622 893 2650 S
920 2631 986 2659 sqq.
1031 2620 1201 2658 Nusquam,
1236 2619 1262 2647 si
1289 2620 1362 2649 bene
1382 2619 1581 2650 meminimus,

874 2661 965 2698 poeta
984 2657 1230 2688 commemoravit
1244 2657 1272 2686 in
1288 2668 1322 2686 su
1346 2658 1507 2690 erioribus,
1527 2657 1582 2685 Jo-

874 2708 942 2726 vem
959 2697 1162 2731 interdixisse,
1185 2706 1221 2725 ne
1236 2697 1278 2725 dii
1292 2697 1329 2726 be
1344 2697 1403 2725 lum
1415 2696 1493 2724 inter
1507 2695 1582 2722 Tro-

870 2738 959 2775 janos
985 2741 1015 2765 et
1037 2736 1167 2766 Latinos·
1182 2736 1331 2765 foverent.
1383 2735 1448 2764 Nec
1470 2737 1582 2772 praeter
