1796 3077
180 285 274 330 518

602 287 646 323 P.
678 285 908 323 VIRGILII
939 285 1188 325 MARONIS

187 401 319 449 Quod
340 410 413 446 tua
433 418 529 445 cara
549 418 702 458 parens
723 405 881 446 domito
902 413 943 447 te
963 407 1098 461 poscit
1120 407 1317 463 Olympo.

185 458 318 502 Pinea
339 462 438 502 silva
458 461 559 501 mihi
578 460 729 502 multos
751 461 902 503 dilecta
922 478 999 518 per
1019 479 1148 505 annos
1165 480 1174 505 ε

187 515 330 558 Lucus
351 519 392 558 in
413 532 508 558 arce
529 517 607 558 fuit
629 533 799 568 summa,
821 534 905 573 quo
927 535 1044 562 sacra
1064 521 1268 571 serebant,

185 572 382 628 Nigranti
401 575 522 628 picea
542 575 817 629 trabibusque
839 577 1043 618 obscurus
1064 579 1224 619 acernis
1241 594 1249 618 :

184 629 277 671 Has
298 645 377 685 ego
399 630 619 672 Dardanio
633 631 792 685 juveni,
814 648 943 687 quum
964 633 1108 675 classis
1129 642 1286 689 egeret,

182 686 304 727 Laeta
324 688 448 737 dedi;
479 702 590 730 nunc
612 688 827 730 sollicitam
847 690 971 731 timor
991 692 1139 732 anxius
1160 699 1299 746 urget,

182 743 307 785 Solve
327 752 475 794 metus,
492 752 619 799 atque
640 745 722 787 hoc
743 747 939 800 precibus
960 747 1046 789 sine
1067 763 1191 802 posse
1212 754 1440 803 parentem,

1572 750 1629 790 90

180 799 251 841 Ne
272 815 397 842 cursu
416 810 624 856 quassatae
645 802 729 843 ullo
749 818 832 844 neu
853 804 1019 845 turbine
1039 806 1152 846 venti

181 856 432 899 Vincantur.

495 858 635 900 Prosit
656 861 807 901 nostris
827 861 869 901 in
890 862 1101 903 montibus
1123 869 1254 903 ortas.

180 913 312 955 Filius
332 915 431 957 huic
451 923 610 965 contra,
634 923 805 971 torquet
825 918 896 971 qui
916 918 1053 959 sidera
1072 919 1218 959 mundi
1236 934 1246 959 z

179 971 221 1011 O
240 973 446 1026 genetrix,
469 988 553 1027 quo
574 973 661 1013 fata
681 988 803 1014 vocas
821 975 837 1014 ’ἰ
869 981 942 1015 aut
963 976 1065 1028 quid
1086 977 1195 1029 petis
1216 976 1340 1016 istis?

179 1027 408 1070 Mortaline
428 1044 554 1070 manu
574 1029 696 1070 factae
716 1030 948 1071 immortale
970 1032 1123 1072 carinae
1574 1032 1630 1072 9ο

177 1083 259 1126 Fas
278 1085 486 1136 habeant3
519 1093 744 1140 certusque
764 1087 925 1128 incerta
944 1087 1131 1142 pericula
1150 1087 1300 1130 lustret

178 1141 370 1184 AEneas?
402 1144 469 1184 cui
489 1150 604 1183 tanta
623 1143 705 1184 deo
724 1144 926 1198 permissa
945 1146 1164 1198 potestas?

176 1197 324 1249 Immo,
346 1200 420 1241 ubi
440 1199 653 1241 defunctae
673 1200 799 1242 finem
820 1208 1053 1254 portusque
1074 1202 1279 1243 tenebunt

175 1254 406 1305 Ausonios,
428 1256 524 1298 olim
545 1271 809 1310 quaecunque
829 1258 1007 1299 evaserit
1025 1258 1162 1307 undis,

177 1310 525 1366 Dardaniumque
547 1314 696 1353 ducem
715 1312 945 1354 Laurentia
964 1314 1125 1354 vexerit
1146 1328 1260 1363 arva,

1547 1314 1630 1355 loo

176 1367 403 1409 Mortalem
424 1370 597 1422 eripiam
618 1369 805 1418 formam,
826 1371 1049 1423 magnique
1065 1371 1230 1423 jubebo

174 1425 382 1479 AEquoris
404 1440 495 1466 esse
515 1426 639 1466 deas:
671 1424 805 1472 Qualis
824 1424 984 1466 Nereia
1006 1426 1124 1466 Doto

174 1481 235 1522 Et
258 1481 438 1522 Galatea
458 1488 601 1523 secant
621 1488 883 1535 spumantem
903 1489 1075 1536 pectore
1095 1488 1285 1538 pontum.

175 1538 357 1579 Dixerat
374 1554 383 1578 :
415 1538 542 1593 idque
564 1545 701 1579 ratum
722 1538 858 1593 Stygii
878 1554 955 1593 per
975 1539 1148 1580 flumina
1169 1540 1324 1589 fratris,

175 1595 261 1636 Per
281 1595 373 1649 pice
395 1602 603 1637 torrentes
624 1602 800 1650 atraque
816 1597 1015 1650 voragine
1032 1597 1158 1650 ripas,

1547 1597 1628 1638 105

174 1651 351 1702 Annuit,
374 1660 416 1693 et
437 1659 571 1693 totum
592 1659 698 1693 nutu
714 1654 947 1694 tremefecit
970 1652 1212 1708 Olympum.

231 1709 352 1764 Ergo
373 1709 520 1751 aderat
540 1710 744 1765 promissa
765 1710 869 1760 dies,
892 1716 934 1752 et
954 1717 1145 1765 tempora
1165 1709 1313 1752 Parcae
1494 1750 1511 1769 ¹

173 1880 207 1905 ut
225 1876 327 1915 pineta
341 1876 451 1906 montis
465 1877 491 1905 ei
508 1880 607 1906 essent
620 1878 792 1907 sacra.-—S5
807 1878 880 1907 silva

172 1920 204 1943 et
237 1916 316 1943 lucus
348 1925 404 1953 per
431 1916 645 1953 appositionem
687 1916 770 1944 dicta
797 1921 880 1954 puta.

174 1955 234 1982 Sed
259 1955 396 1982 turbatus
417 1954 502 1982 loeus
523 1956 659 1982 esu-86
686 1955 715 1982 in
743 1965 820 1987 arce,
850 1955 880 1983 in

173 1991 289 2020 vertice
305 1992 385 2020 Idae:
408 1997 455 2020 est
468 1997 499 2019 τὸ
516 1995 654 2026 Γάργαρον
675 1998 766 2027 ἄκρων,
790 1993 881 2023 Iliad.

171 2033 197 2063 ξ,
222 2032 290 2059 292.
344 2030 380 2058 In
402 2031 457 2059 hoe
480 2031 572 2068 igitur
598 2041 677 2059 sacra
704 2033 767 2060 fieri
793 2031 880 2060 solita

170 2069 265 2097 Matri
304 2069 410 2103 ldaeae,
440 2070 479 2097 cf.
512 2070 549 2097 ad
582 2080 611 2098 v,
646 2071 701 2098 80:
737 2071 780 2098 uti
808 2070 879 2099 Jovi

171 2108 277 2136 eodem
292 2108 319 2136 in
340 2108 407 2136 loco
431 2108 469 2136 Il.
486 2111 511 2142 θ,
530 2109 657 2137 48.-93
681 2113 805 2148 torquet,
837 2109 876 2138 cf.

170 2146 309 2180 IV,269.

207 2186 245 2213 94
272 2195 327 2223 quo
340 2186 410 2222 fala
433 2188 535 2214 vocas?
556 2195 590 2214 ea
611 2188 728 2215 mutas?
750 2187 793 2215 uti
817 2188 878 2216 fata

169 2223 252 2257 verti,
262 2224 355 2260 flecti,
369 2225 486 2257 mutari.
502 2225 655 2259 dicuntur,
667 2236 733 2254 cum
750 2226 786 2254 de
802 2226 877 2254 fato-

168 2272 234 2290 rum
247 2263 349 2291 ordine
362 2264 503 2291 mutando
518 2264 626 2299 agitur.
643 2268 695 2292 aut
716 2264 786 2302 quid
800 2265 877 2302 petis

169 2300 233 2329 istis
259 2302 396 2330 trabibus
426 2312 479 2330 seu
506 2302 643 2336 navibus,
669 2303 698 2331 h.
720 2304 749 2331 in
777 2313 877 2331 earum

170 2339 508 2374 ‚qratiam.-immortale
529 2342 583 2378 sas
602 2341 630 2368 h.
652 2340 671 2368 l.
694 2351 748 2378 pro
774 2342 877 2371 condi-

170 2377 266 2413 tione3
290 2383 323 2406 ut
339 2379 549 2415 jus—certus,
570 2383 604 2407 ut
626 2380 662 2407 ab
677 2380 760 2408 initio
775 2381 875 2409 statim

169 2421 283 2445 certum
306 2421 336 2445 et
359 2417 549 2455 exploratum
572 2418 681 2446 habeat
702 2419 824 2452 AEneas,
847 2419 875 2447 in

167 2455 313 2491 periculis
326 2466 357 2483 se
369 2456 544 2485 incolumem
557 2456 873 2494 sore.—{)8‹quu11‹·toe,

167 2494 247 2530 quod
264 2494 377 2529 plenius
390 2495 448 2529 VI,
460 2497 497 2523 83
512 2495 621 2532 nmquis
633 2495 731 2533 pelaqi
743 2496 874 2533 (lqszmcte

162 2531 369 2569 pe›·iclis.—99
380 2532 455 2561 Olim
463 2544 637 2572 quaeczmqne
645 2534 766 2562 evaserit
774 2535 872 2562 undis:

168 2579 255 2598 unam
270 2570 346 2597 enim
369 2573 492 2600 Orontis
513 2576 677 2610 tempestas
700 2573 773 2601 inari
796 2583 872 2602 mer-

169 2613 249 2637 serat
266 2608 293 2642 Ι,
310 2610 363 2636 11ῑό
380 2615 506 2646 quatuor
521 2611 654 2640 incensae
669 2622 686 2639 a
699 2612 873 2641 mulieribus

170 2646 200 2674 in
217 2646 331 2681 Sicilia,
347 2648 383 2680 V,
398 2651 465 2676 (Mt).
507 2651 589 2686 Ergo
605 2660 642 2678 cx
662 2650 728 2679 XX
753 2650 872 2679 navium

170 2694 290 2715 numero
305 2695 362 2715 non
377 2686 436 2715 nisi
452 2687 514 2716 XV
530 2688 662 2718 Tiberim
676 2689 872 2720 intraverant.

919 1879 1015 1907 -105
1030 1888 1126 1906 amnes
1139 1877 1257 1917 rapidos
1269 1877 1312 1913 (S.
1324 1875 1493 1913 ferventes)
1506 1880 1533 1904 et
1544 1878 1626 1904 aira!

920 1916 1013 1944 voluit
1029 1917 1142 1945 dicere.
1182 1917 1367 1954 Ambiguum
1382 1915 1457 1944 enim
1472 1915 1510 1943 ob
1525 1915 1625 1943 diver-

921 1964 985 1983 sum
1008 1957 1164 1993 poetarum
1184 1965 1272 1984 usum
1293 1959 1350 1987 est,
1373 1963 1432 1992 quo
1454 1962 1542 1995 sensu
1564 1956 1625 1980 tor-

920 1998 1015 2021 rentes
1044 1995 1157 2022 dietum
1185 1994 1234 2022 sit.
1288 1994 1410 2021 Torrere
1434 2000 1557 2029 proprie
1579 1996 1626 2019 est

920 2031 1121 2061 calefaciendo
1135 2033 1247 2060 siccare
1259 2042 1266 2067 3
1278 2036 1341 2059 tum
1352 2039 1494 2062 cremare,
1503 2029 1624 2058 tandem

920 2071 1023 2099 ardere
1044 2075 1073 2099 et
1093 2071 1219 2099 fervere.
1259 2069 1326 2099 Jam
1353 2078 1539 2107 quaecunque
1557 2069 1625 2111 fes·

918 2113 982 2136 vent
1007 2120 1060 2137 seu
1082 2109 1192 2141 calore,
1209 2118 1261 2137 seu
1274 2113 1354 2136 motu
1379 2111 1409 2135 et
1429 2107 1553 2144 impetu,
1575 2107 1622 2134 di-

917 2152 1023 2176 cuntur
1036 2152 1066 2176 et
1079 2148 1144 2186 ipsa
1154 2152 1275 2175 torrere.
1314 2147 1362 2175 lta
1374 2146 1491 2174 tandem
1504 2145 1624 2174 flumina

918 2187 1070 2220 torrentia,
1087 2190 1155 2214 suut
1170 2184 1327 2219 ferventia,
1348 2184 1471 2223 rapida3
1496 2184 1540 2212 sic
1556 2183 1623 2213 Ecl.

917 2226 956 2259 V,
970 2227 1008 2253 52
1024 2230 1137 2254 torrens
1148 2225 1224 2252 mula
1239 2224 1328 2253 Padi.
1341 2224 1397 2252 Ge.
1413 2223 1459 2256 II,
1475 2223 1532 2252 451
1545 2232 1622 2260 aqua

917 2267 1040 2292 torrens.
1053 2264 1105 2292 ins.
1122 2263 1166 2297 X,
1179 2265 1247 2292 003.
1271 2263 1378 2301 Itaque
1394 2262 1425 2290 h.
1438 2261 1460 2289 l.
1475 2261 1548 2300 ripae
1560 2265 1620 2289 tor-

917 2307 1021 2336 rentes,
1036 2303 1145 2340 rapidi,
1159 2302 1221 2340 pice
1235 2306 1356 2339 atraque
1371 2300 1519 2338 vorayine,
1533 2308 1619 2342 aqua,

917 2341 1013 2374 alveo,
1028 2341 1113 2379 piceo
1127 2345 1156 2369 et
1171 2345 1247 2369 atro.
1288 2340 1355 2370 Jam
1366 2344 1464 2368 autem
1477 2347 1576 2367 amnes
1587 2346 1618 2364 ιη

917 2379 1020 2408 inferis
1036 2380 1124 2408 etiam
1138 2380 1298 2417 flagrantes
1314 2378 1434 2416 ignibus
1451 2380 1529 2410 sunt,
1547 2384 1618 2418 pos-

917 2423 983 2446 sunt
996 2418 1086 2456 igitur
1096 2423 1238 2447 torrentes
1251 2427 1368 2456 quoque
1382 2417 1410 2445 h.
1421 2416 1441 2444 l.
1452 2415 1494 2458 sic
1504 2423 1618 2457 accipi-3

915 2458 1010 2485 multo
1034 2457 1130 2495 magis
1152 2461 1321 2494 propterea,
1350 2455 1418 2492 quia
1440 2453 1513 2496 alias
1535 2451 1619 2481 ssuvu

915 2495 944 2523 hi
967 2500 1103 2531 stagnare
1125 2495 1373 2524 dicuntur.—106
1387 2492 1532 2535 Interiora
1551 2490 1617 2518 haeo

913 2532 1085 2563 Homericis
1107 2534 1146 2563 Il.
1168 2549 1196 2569 a,
1218 2535 1275 2562 528
1296 2543 1342 2570 sq.
1358 2531 1490 2568 judicant
1509 2529 1615 2572 Gram-

913 2574 1013 2601 matini
1039 2584 1085 2611 ap.
1108 2573 1244 2601 Macrob.
1260 2572 1299 2605 V,
1313 2572 1364 2599 13:
1387 2571 1417 2596 at
1430 2576 1487 2610 uon
1502 2568 1615 2612 ubique

914 2612 1015 2640 eadem
1028 2612 1175 2640 sententia
1186 2611 1290 2639 iisdem
1302 2609 1481 2636 ornamentis
1492 2605 1616 2643 ampliti-

914 2651 976 2680 cari
989 2655 1090 2688 potest
1104 2654 1153 2678 aut
1169 2650 1269 2678 debet.

952 2691 1006 2719 107
1019 2689 1114 2719 debita
1128 2689 1199 2718 fato.
1211 2686 1286 2721 vll,
1304 2684 1377 2714 120:
1391 2682 1469 2721 fatis
1483 2682 1551 2712 mihi
1565 2681 1612 2711 tle-
