1796 3077
606 253 878 293 AENEiDos,
936 255 1039 293 ΜΒ.
1074 255 1146 294 xi.
1526 266 1617 310 601

162 371 270 415 Haec
292 376 425 417 omnis
446 375 577 430 regio,
599 383 642 416 et
663 375 764 416 celsi
783 375 909 430 plaga
929 376 1054 429 pinea
1073 377 1226 418 montis
1510 383 1513 386 '
1535 379 1621 421 320

160 429 298 472 Cedat
318 433 511 474 amicitiae
532 433 822 482 Teucrorum;
854 440 897 473 et
919 433 1093 474 foederis
1114 449 1258 487 aequas

160 485 366 529 Dicamus
385 488 515 543 leges,
541 489 761 542 sociosque
782 489 825 528 in
844 503 976 542 regna
996 503 1192 531 vocemus
1209 507 1219 540 ;

160 541 407 606 Considant,
429 547 464 587 si
484 552 626 586 tantus
646 559 775 594 amor,
801 552 844 585 et
864 545 1019 586 moenia
1041 546 1240 588 condant.

159 597 235 638 Sin
254 599 356 642 alios
378 601 485 643 fines
504 601 711 655 aliamque
732 615 954 655 capessere
973 609 1144 655 gentem

157 653 240 720 Est
258 658 435 708 animus,
456 664 723 712 poscuntque
744 657 835 698 solo
856 658 1067 700 decedere
1089 666 1234 700 nostro
1253 674 1262 700 :
1533 661 1618 702 325

156 710 233 752 B1s
255 713 386 755 denas
407 714 515 755 Italo
535 721 729 755 texamus
749 714 904 756 robore
924 728 1065 764 naves,

156 768 244 809 Seu
264 769 407 824 plures
424 769 636 824 complere
655 769 821 811 valent:
847 771 964 824 jacet
985 772 1118 811 omnis
1139 771 1194 812 ad
1216 772 1373 814 undam

156 824 388 876 Materies3
420 827 501 880 ipsi
522 841 827 879 numerumque
847 827 1106 880 modumque
1125 829 1276 870 carinis

157 881 437 937 Praecipiant3
469 897 545 923 nos
567 896 666 931 aera,
680 896 843 931 manus,
858 882 1022 931 navalia
1039 883 1203 925 demus.

156 937 387 988 Praeterea,
405 939 479 992 qui
498 938 612 979 dicta
628 937 779 987 ferant,
801 944 843 979 et
863 938 1028 979 foedera
1048 938 1233 991 firment,
1530 941 1617 982 330

156 994 340 1036 Centum
361 1002 550 1037 oratores
571 995 706 1049 prima
727 994 781 1036 de
801 1001 928 1048 gente
951 994 1128 1037 Latinos

155 1050 223 1092 Ire
244 1052 396 1106 placet,
418 1051 621 1105 pacisque
640 1065 767 1091 manu
780 1051 1047 1104 praetendere
1068 1066 1231 1104 ramos3

154 1106 339 1149 Munera
359 1114 578 1163 portantes
599 1107 775 1160 aurique
796 1107 1022 1161 eborisque
1044 1107 1203 1150 talenta

154 1164 214 1205 Et
231 1164 376 1205 sellam
396 1164 517 1218 regni
538 1164 812 1216 trabeamque
833 1163 1013 1217 insignia
1032 1165 1178 1205 nostri.

154 1219 373 1261 Consulite
394 1220 436 1260 in
456 1219 654 1268 medium,
671 1224 715 1259 et
734 1219 862 1259 rebus
884 1220 1117 1261 succurrite
1138 1220 1273 1262 fessis.

1532 1220 1559 1260 02

1562 1220 1618 1261 ἓξ

210 1276 325 1317 Tum
347 1277 556 1324 Drances,
578 1275 691 1316 idem
708 1274 912 1324 infensus,
936 1289 1063 1329 quem
1081 1275 1217 1330 gloria
1237 1275 1377 1317 Turni

153 1332 345 1387 Obliqua
363 1332 519 1373 invidia
540 1330 802 1384 stimulisque
822 1331 1013 1384 agitabat
1033 1332 1198 1381 amaris,
1324 1337 1328 1340 “

154 1389 324 1444 Largus
346 1403 486 1443 opum,
509 1394 552 1428 et
571 1386 716 1439 lingua
736 1385 894 1435 melior,
912 1387 988 1427 sed
1008 1386 1163 1441 frigida
1178 1387 1291 1429 bello

152 1445 360 1494 Dextera,
383 1442 564 1486 consiliis
584 1442 755 1483 habitus
775 1455 861 1482 non
876 1441 1006 1483 futilis
1027 1449 1191 1491 auctor,

153 1502 369 1542 Seditione
386 1507 561 1555 potens3
593 1512 728 1553 genus
748 1497 848 1539 huic
868 1505 1058 1539 materna
1079 1499 1311 1553 superbum
1532 1498 1617 1539 340

152 1557 365 1599 Nobilitas
386 1557 529 1605 dabat,
551 1556 759 1597 incertum
780 1554 833 1595 de
854 1561 976 1608 patre
998 1554 1185 1604 ferebat3

153 1615 312 1669 Surgit,
334 1620 377 1654 et
392 1613 458 1653 his
480 1619 628 1653 onerat
645 1610 768 1652 dictis
788 1618 917 1664 atque
934 1618 1112 1665 aggerat
1131 1612 1214 1652 iras
1233 1626 1243 1651 ε

151 1671 263 1712 Rem
286 1669 389 1710 nulli
409 1670 646 1716 obscuram,
667 1674 823 1708 nostrae
843 1681 922 1708 nec
942 1668 1055 1708 vocis
1075 1674 1286 1721 egentem,

153 1726 362 1775 Consulis,
381 1741 406 1767 o
426 1726 538 1766 bone
560 1739 652 1765 rex.

715 1723 869 1764 Cuncti
889 1738 934 1764 se
956 1724 1064 1765 scire
1086 1724 1287 1772 fatentur,

151 1784 271 1830 Quid
291 1782 462 1824 fortuna
482 1781 591 1823 ferat
611 1779 785 1835 populi3
818 1780 893 1822 sed
914 1780 1055 1822 dicere
1076 1786 1280 1821 mussant.
1531 1779 1615 1821 345

150 1970 292 1992 occasum
306 1959 514 1998 protendatur,
527 1958 579 1987 sed
589 1957 670 1995 quod
680 1966 697 1986 a
709 1957 861 1985 Laurento

151 2002 180 2031 in
195 2008 336 2029 occasum
352 2001 471 2036 spectat
495 2000 527 2025 et
550 1996 611 2025 late
632 2005 740 2024 versus
763 1994 861 2023 orien-

149 2040 210 2069 tale
237 2037 356 2067 Tiberis
378 2036 466 2064 littus
491 2034 629 2073 procedit
653 2043 741 2072 super
763 2042 864 2070 usque,

152 2087 248 2115 usque
276 2076 326 2110 ad,
353 2075 527 2104 Sicanorum
541 2073 627 2109 fines,
657 2082 732 2109 quos
757 2079 865 2099 versus

152 2117 280 2145 Romam
294 2125 311 2143 a
325 2114 417 2151 poe'ta
428 2112 511 2150 poni,
527 2110 675 2140 credibile
689 2110 732 2138 fit.
773 2108 862 2138 Scili-

151 2157 202 2182 cet
231 2156 370 2181 auctores
395 2151 446 2179 ille
476 2150 597 2178 videtur
624 2148 778 2182 habuisse,
812 2146 863 2184 qui

151 2192 278 2220 Sicanos
299 2199 419 2228 quoque
433 2189 472 2217 ad
485 2188 618 2217 Tiberim
639 2187 797 2225 aliquando
818 2185 862 2214 in-

151 2229 285 2259 coluisse
296 2230 461 2260 narrarent,
475 2226 658 2260 conf.VIII‚
671 2226 740 2254 328.
780 2225 862 2262 Ager

152 2269 214 2301 bic,
245 2266 298 2304 qui
321 2266 399 2295 Latii
412 2275 482 2303 pars
508 2268 583 2299 erat,
611 2265 649 2292 ab
663 2262 816 2292 Auruncis
833 2265 863 2290 et

153 2306 281 2336 Rutulis
297 2304 405 2342 partim
416 2303 583 2336 colebatur,
596 2303 705 2339 partim
718 2301 864 2339 pasceba—

152 2349 223 2374 tur:
254 2354 283 2372 v.
305 2343 374 2371 318.
399 2342 475 2377 3193
504 2350 578 2378 ergo
601 2341 655 2369 hos
677 2340 810 2369 Rutulos
835 2341 866 2367 et

153 2384 311 2413 Auruncos
332 2381 388 2409 sub
414 2379 516 2408 Latini
540 2379 665 2417 imperio
693 2378 789 2407 fuisse
812 2387 863 2405 ne-

152 2431 238 2451 cesse
263 2424 319 2449 est.
374 2419 450 2447 Sunt
474 2417 503 2445 iu
526 2417 584 2446 hoc
612 2427 684 2455 agro
712 2416 804 2446 colles
834 2419 864 2444 et

152 2463 267 2489 tractus
290 2456 389 2495 asperi
406 2459 436 2485 et
453 2455 570 2490 saxosi,
593 2465 645 2484 nec
668 2455 725 2483 nisi
740 2453 863 2492 pascuis

152 2497 265 2530 idonei,
284 2502 349 2524 tum
361 2504 479 2533 quoque
492 2493 603 2531 pineta.
657 2493 785 2522 Videtur
807 2493 864 2520 hoc

154 2536 191 2565 ad
205 2536 299 2564 colles
314 2534 448 2563 Albanos
461 2535 611 2570 spectare,
633 2541 708 2569 quos
723 2541 792 2569 ager
807 2530 865 2558 iste

155 2574 302 2612 attingere
329 2572 445 2604 debuit,
475 2569 596 2608 quaudo
624 2570 746 2606 quidem
773 2569 865 2598 iidem

156 2612 276 2641 omnino
290 2620 394 2649 agrum
409 2611 586 2638 Laurentem
601 2607 754 2636 finiebant.
788 2608 866 2635 Sunt

156 2651 186 2680 in
199 2650 246 2680 his
259 2649 368 2685 omnia,
388 2652 475 2688 puto,
490 2647 564 2677 satis
580 2646 733 2684 expedita.
774 2645 865 2682 Quod

902 1955 1023 1984 tandem
1037 1953 1162 1983 Latinus
1180 1953 1221 1982 ait
1231 1951 1288 1980 sibi
1299 1959 1360 1980 esse
1374 1959 1475 1989 (tyrum
1491 1961 1520 1980 v.
1547 1952 1618 1987 316,

902 1997 1004 2030 potest
1014 1993 1082 2026 hoc,
1107 1992 1133 2020 si
1147 1992 1216 2030 quis
1230 1991 1273 2019 ita
1289 1989 1372 2024 velit,
1385 1990 1507 2027 proprie
1520 1990 1618 2028 accipi

905 2040 942 2058 ex
958 2035 1060 2059 vetere
1077 2031 1149 2064 vita,
1173 2039 1232 2068 qua
1245 2028 1369 2067 regibus
1389 2029 1541 2066 assignata
1553 2032 1624 2057 erat

905 2068 969 2106 agri
983 2069 1095 2106 portio,
1115 2072 1227 2102 τέμενος
1240 2071 1275 2095 ut
1290 2066 1337 2095 vel
1350 2075 1388 2094 cx
1403 2066 1538 2095 Homero
1562 2076 1616 2096 no-

904 2110 977 2140 tum,
991 2107 1030 2135 ΙΙ.
1043 2120 1076 2140 μ,
1088 2107 1159 2135 313.

942 2146 1001 2173 324
1020 2145 1108 2173 aliam
1130 2147 1260 2182 flentem.-
1282 2141 1391 2170 iterum
1402 2151 1459 2179 pro
1484 2145 1616 2170 terra.—

903 2184 960 2211 327
990 2182 1128 2221 conzplere
1162 2180 1318 2219 proprium
1353 2179 1534 2208 vocabulum
1577 2180 1617 2209 de

903 2221 994 2250 sociis
1022 2231 1056 2250 ac
1083 2220 1179 2258 copiis
1204 2218 1379 2254 navalibusf,
1410 2222 1444 2246 ut
1469 2219 1618 2252 πλήρωμα.

903 2261 962 2289 328
978 2259 1089 2293 modus,
1111 2258 1200 2287 modo
1224 2255 1507 2286 aedificandi.—33l
1521 2255 1621 2294 prima

904 2299 938 2327 ‹Ie
950 2303 1044 2336 yeme.
1078 2297 1183 2335 primis
1207 2296 1245 2324 de
1287 2294 1418 2327 entibus,
1445 2304 1484 2322 ex
1508 2293 1617 2323 nobili-

905 2337 1075 2365 tata—333
1108 2335 1202 2364 eboris
1233 2339 1263 2361 tu
1276 2336 1342 2361 enta
1376 2332 1550 2370 simpliciter
1578 2333 1617 2361 ad

903 2375 1021 2413 pondus
1047 2378 1077 2402 et
1099 2373 1216 2412 copiam
1245 2370 1400 2400 referenda
1421 2371 1616 2400 suun—334

904 2413 988 2442 Sella
1013 2411 1127 2441 curulis
1151 2416 1181 2440 et
1205 2410 1310 2438 trabea
1333 2408 1463 2446 insignia
1486 2408 1631 2446 imperii,-

905 2456 934 2481 et
953 2452 1033 2480 inter
1052 2459 1175 2479 munera
1191 2448 1270 2477 mitti
1287 2446 1387 2480 solita,
1407 2446 1488 2484 apud
1499 2447 1616 2476 Roma-

903 2500 968 2524 nos,
983 2489 1130 2521 Albanos,
1146 2488 1305 2520 Etruscos,
1317 2485 1444 2523 ideoque
1458 2484 1517 2513 h.l.
1531 2489 1615 2514 recte

905 2533 937 2557 et
950 2527 1031 2565 apud
1047 2526 1182 2555 Latinos.

944 2568 1001 2595 345
1024 2567 1122 2602 ferat,
1150 2561 1294 2601 postulet,
1319 2563 1420 2599 petat:
1448 2561 1500 2589 secl
1521 2561 1615 2589 dicere

905 2608 1045 2637 mussant,
1073 2604 1260 2634 cunctantur,
1274 2608 1332 2627 non
1357 2599 1467 2628 audent
1490 2599 1615 2628 dicere:

906 2642 1027 2682 proprie
1051 2641 1087 2670 de
1109 2640 1157 2677 iis,
1180 2638 1231 2679 qui
1247 2636 1398 2667 submissa
1419 2648 1452 2666 ac
1472 2638 1616 2674 depressa

1279 2678 1367 2718 411
