1796 3077
231 225 295 268 30

690 218 738 258 Ρ.
767 215 999 256 VIRGILII
1030 213 1281 253 MARONIS

234 339 330 383 Nec
349 339 454 383 deus
474 338 587 382 hunc
607 353 764 390 mensa,
794 339 876 381 dea
896 352 974 381 nec
993 338 1166 393 dignata
1186 336 1313 379 cubili
1333 343 1409 379 est.

226 453 375 487 parentes.
398 449 440 478 N.
464 449 492 482 h,
513 459 540 477 e.
563 448 698 477 arrisere·
733 447 886 486 Exprimit
908 447 950 482 id,

230 488 312 525 quod
319 489 381 525 jam
395 488 548 517 dicendum
559 491 637 516 erat:
658 486 750 515 risum
762 486 838 515 hunc
849 486 952 515 matris

231 527 267 554 ad
284 526 416 564 puellum
430 530 527 555 natum
551 525 674 563 prodere
693 525 828 554 laetitiam
848 525 951 554 matris

231 574 271 593 ex
287 565 410 602 pulchro
426 565 495 598 filio,
519 564 594 592 inter
617 564 721 593 heroas
744 564 876 602 deosque
897 563 951 592 ali-

231 604 349 640 quando
369 603 465 632 locum
485 602 631 637 habituro,
655 613 672 631 a
694 603 859 640 contrario3
882 612 950 640 quae

230 641 383 671 conversio
404 652 420 670 a
441 641 552 670 ratione
570 641 689 680 poetica
708 651 765 670 non
788 641 880 670 aliena
894 645 950 670 est.

231 681 329 715 Quem
345 680 480 709 infantem
496 690 595 708 recens
614 684 715 708 natum
730 680 781 708 tali
800 689 868 708 curu
888 679 951 708 risu

232 728 288 746 non
311 728 454 757 excepere
478 718 588 756 gremio
609 718 781 756 impositum
802 723 949 756 parentes,

230 757 269 786 de
282 767 341 795 quo
356 762 423 785 nato
436 767 491 785 non
507 757 599 785 laaetati
614 762 692 792 sunt,
715 757 800 786 estis
820 757 950 794 ingratus

231 800 260 823 et
277 795 448 824 invenustus
467 796 564 830 homo,
587 796 644 824 diis
664 795 888 834 hominibusque
905 796 948 824 in—

232 834 326 868 visus,
348 835 447 872 itaque
466 835 503 862 ad
523 834 644 863 deorum
667 835 758 863 vitam
782 839 812 863 et
830 844 948 863 consor-

232 872 305 900 tium
324 873 439 902 admitti
458 882 513 901 non
534 873 654 909 poterit,
678 874 757 911 quod
773 882 865 911 puero
880 883 948 912 pro-

232 911 353 940 miserat
385 922 413 940 v.
442 913 488 939 15.
526 911 682 950 Designari
710 916 808 940 autem
838 912 950 950 recepti

233 949 308 977 inter
323 950 394 978 deos
416 950 511 978 herois
533 950 594 978 vita
613 950 728 978 duabus
751 952 840 979 rebus
861 952 948 985 solet,

230 988 368 1017 convictu
381 998 447 1016 cum
461 988 537 1018 Jove
548 993 578 1016 et
588 989 652 1018 deae
667 989 790 1027 alicujus
802 990 949 1029 conjugio.

231 1026 282 1055 Sic
304 1027 342 1057 de
367 1027 498 1057 Hercule
523 1027 633 1057 Horat.
672 1028 731 1057 Od.
755 1028 814 1064 IV,
842 1032 870 1058 ὃ.
900 1030 949 1058 29.

982 445 1067 476 Jovis
1079 446 1197 474 interest
1209 446 1314 489 optatis
1324 447 1426 484 epulis,
1444 448 1580 486 idemque
1591 448 1699 478 Heben

980 484 1117 523 conjugio
1130 488 1254 522 accepit.
1268 485 1306 514 cf.
1321 486 1406 525 Virg.
1421 488 1475 516 Ge.
1490 487 1519 521 Ι,
1534 488 1581 516 31.
1621 488 1700 517 Haec

981 523 1184 562 interpretatio
1195 522 1239 551 uti
1247 523 1474 562 simplicissima,
1497 525 1538 554 ita
1546 526 1700 556 verissima

981 567 1038 591 est.
1072 561 1242 601 (Siquidem
1265 564 1438 593 sententiam
1461 565 1624 603 generalem
1645 575 1701 594 ex-

982 611 1117 639 pressam
1154 610 1220 629 esse
1258 606 1383 638 statues,
1420 604 1496 632 unde
1531 604 1701 633 consecutio

982 644 1149 678 temporum
1165 639 1260 678 plana.
1295 640 1435 670 Ceterum
1451 642 1584 680 positura
1595 643 1700 671 verbo-

982 688 1047 707 rum
1069 678 1123 707 dea
1143 688 1194 706 nec
1214 687 1269 714 pro
1292 690 1342 707 nec
1363 680 1416 709 <lea
1434 691 1537 717 magna
1556 682 1700 710 vocabulo

980 717 1034 745 cleu
1053 717 1099 745 vis
1122 717 1250 745 additur.
1290 719 1403 748 Eadem
1424 720 1493 747 sede
1513 719 1591 748 idem
1612 730 1701 749 ausus

981 761 1028 784 est
1051 755 1203 786 Juvenalis
1235 754 1328 792 XIV,
1353 758 1402 786 43.
1436 758 1498 787 Sed
1516 768 1567 786 nec
1589 759 1703 788 Brutus

980 795 1047 830 erit,
1078 795 1167 823 Bruti
1194 805 1244 823 nec
1271 797 1427 825 avunculus
1462 807 1593 836 usquam.
1631 797 1701 828 AEn.

981 834 1040 867 lv,
1069 835 1138 862 096.
1174 832 1252 862 Nam
1278 836 1347 873 qnia
1369 846 1419 863 nes
1434 837 1502 873 salo
1528 836 1631 865 merim
1652 847 1703 866 nec

979 877 1071 900 morte
1085 871 1212 910 peribat.
1246 874 1377 903 Eandem
1397 875 1542 904 licentiam
1564 875 1592 904 in
1615 886 1701 905 voca-

982 911 1059 940 bulis
1079 916 1173 940 eta—ot
1193 912 1248 941 sihi
1272 918 1439 943 sumserunt
1462 914 1567 943 Latini.
1591 915 1701 943 Horat.

981 951 1044 979 Sat.
1072 951 1098 983 Ι,
1120 951 1149 985 6,
1173 952 1219 979 11.
1256 952 1299 979 ΕΙ
1314 952 1419 981 vixisse
1431 953 1540 992 probos
1555 953 1658 992 amplis
1674 958 1702 982 ct

983 989 1139 1018 honoribus
1163 992 1364 1020 auctos.—-De
1391 992 1574 1031 repetitionis
1608 993 1701 1032 ligura

983 1029 1032 1057 62.
1055 1028 1115 1058 vid.
1139 1028 1179 1064 v,
1201 1030 1249 1058 12.
1274 1029 1341 1068 W.)

879 1145 1076 1170 *-

575 1233 879 1277 ECLOGA
909 1234 967 1276 V.
1019 1234 1367 1279 DAPHNIS.

751 1345 1173 1385 ARGUMENTUM.

289 1452 594 1491 CONVENERANT
628 1453 793 1503 Mopsus
825 1463 863 1490 et
896 1452 1105 1498 Menalcas,
1137 1460 1320 1504 pastores,
1360 1452 1423 1490 ille
1461 1452 1598 1498 fistula,
1638 1455 1699 1493 hic

237 1516 349 1544 cantu
371 1507 574 1551 excellens,
604 1516 641 1544 et
659 1522 699 1544 se
718 1507 766 1544 ad
787 1507 998 1544 canendum
1018 1516 1152 1544 mutuo
1172 1507 1346 1543 invitant.
1407 1510 1502 1543 1-1
1513 1511 1547 1543 9.
1587 1508 1699 1546 Post-

236 1573 352 1609 quam
382 1561 453 1596 sub
478 1569 628 1596 antrum
656 1568 931 1604 concesserant,
960 1560 1063 1609 prior
1093 1559 1258 1610 Mopsus
1287 1563 1457 1596 20—-44.
1485 1560 1701 1611 Daphnidis

234 1621 398 1650 mortem
427 1612 556 1662 luget3
588 1613 676 1651 inde
705 1612 902 1650 Menalcas
933 1612 1139 1650 succedens
1168 1615 1338 1650 56—80.
1370 1613 1540 1663 ejusdem
1566 1614 1700 1664 Daph-

236 1666 334 1703 nidis
366 1674 557 1715 tamquam
588 1667 660 1703 diis
690 1666 843 1716 ascripti
873 1666 1004 1704 laudes
1034 1666 1286 1716 persequitur.
1344 1665 1495 1704 Mutuis
1521 1666 1609 1704 hinc
1628 1669 1699 1705 sibi

236 1720 457 1756 muneribus
483 1719 582 1756 datis
613 1719 825 1756 discedunt.
882 1718 1009 1756 Etiam
1028 1720 1065 1756 in
1092 1719 1206 1769 hujus
1235 1719 1394 1768 Eclogae
1423 1720 1604 1769 allegoria
1631 1733 1699 1758 ex-

236 1772 444 1822 sculpenda
469 1772 619 1808 molesti
644 1772 748 1808 suere
769 1772 1003 1822 interpretes.
1061 1772 1106 1809 In
1137 1772 1342 1822 Daphnide
1367 1772 1537 1822 plerique
1554 1773 1700 1812 Julium

237 1824 442 1869 Caesarem,
471 1824 630 1874 ejusque
656 1837 785 1861 necem
817 1832 855 1861 et
879 1825 1101 1874 apotheosin
1127 1824 1183 1871 (v.
1215 1825 1294 1861 Vit.
1324 1825 1433 1874 Virg.
1464 1827 1513 1863 ad
1530 1840 1564 1863 a.
1590 1830 1700 1874 712),

237 1877 420 1921 nonnulli,
444 1877 526 1928 jam
545 1891 593 1915 ex
610 1878 896 1927 antiquioribus,
927 1877 1101 1914 Maronis
1121 1877 1277 1914 fratrem
1298 1877 1487 1923 Flaccum,
1517 1880 1575 1916 cui
1590 1881 1699 1929 opin-

238 1930 315 1967 ioni
342 1932 458 1968 verba
489 1930 678 1968 Menalcae
708 1930 897 1980 (Virgilii)
927 1934 989 1968 51.
1021 1933 1085 1967 52.
1109 1930 1190 1980 jam
1221 1931 1311 1967 satis
1337 1931 1487 1968 obstare
1507 1932 1697 1979 videntur,

237 1992 304 2021 aut
341 1983 592 2025 Quinctilium
629 1984 935 2029 Cremonensem,
973 1997 1070 2020 anno
1108 1988 1197 2022 730.
1236 1993 1443 2029 mortuum,
1479 1994 1557 2030 aut,
1594 1988 1699 2035 quod

237 2036 347 2087 pejus
373 2037 496 2081 etiam,
527 2037 778 2079 Quinctilium
799 2036 957 2082 Varum,
986 2037 1051 2087 qui
1080 2037 1118 2073 in
1148 2036 1353 2074 Germania
1382 2041 1471 2076 763.
1508 2041 1698 2086 occubuit,

238 2091 329 2127 item
361 2089 593 2138 Saloninum,
634 2091 815 2128 Pollionis
841 2090 974 2136 filium,
1012 2090 1281 2141 quaesiverunt.
1338 2090 1488 2133 Quodsi
1512 2092 1697 2139 altiorem,

239 2156 353 2192 quam
374 2144 579 2182 verborum
607 2145 703 2182 ratio
728 2145 813 2190 fert,
839 2144 1068 2182 sententiam
1086 2144 1330 2194 quaerendam
1349 2153 1471 2194 putes,
1500 2145 1545 2182 ad
1567 2145 1698 2185 Caesa-

239 2210 320 2234 rem
356 2205 399 2234 ut
433 2197 598 2247 opineris
631 2197 838 2248 Virgilium
869 2198 1094 2248 respexisse,
1135 2197 1255 2234 feram
1284 2198 1473 2248 equidem,
1505 2199 1622 2237 modo
1649 2214 1698 2238 ne

237 2249 390 2299 singula
417 2250 619 2300 allegorice
649 2251 699 2289 ad
731 2251 887 2288 taedium
914 2251 1153 2301 interpretari
1181 2251 1293 2296 ausis,
1327 2252 1415 2302 quia
1442 2251 1535 2289 illud
1564 2252 1698 2291 saltem

238 2316 314 2340 non
333 2302 572 2342 incommode
591 2304 670 2342 fieri
690 2312 837 2355 potest3
869 2305 973 2354 quod
992 2313 1117 2342 tamen
1136 2312 1250 2354 cogat
1267 2317 1349 2350 1108,
1378 2305 1470 2342 nihil
1489 2305 1598 2344 inest.
1635 2306 1697 2356 (Si

238 2356 288 2393 ad
307 2355 512 2402 Caesarem,
544 2358 604 2395 cui
623 2371 721 2395 anno
741 2361 828 2397 7152.
856 2371 878 2394 a
893 2358 1099 2395 triumviris
1119 2357 1237 2395 divini
1254 2358 1415 2396 honores
1443 2359 1584 2396 decreti
1609 2368 1698 2397 sunt

238 2409 453 2459 respexisse
470 2419 581 2460 putes
596 2410 813 2461 Virgilium,
834 2424 933 2457 eum,
962 2411 1063 2449 bello
1082 2410 1295 2448 Mutinensi
1315 2412 1416 2461 agris
1436 2413 1569 2450 vicinis
1593 2413 1697 2450 haud

239 2462 355 2500 dubie
373 2464 541 2508 vastatis,
570 2465 755 2515 novisque
772 2464 882 2502 malis
901 2479 950 2502 ex
969 2464 1154 2502 divisione
1173 2478 1364 2514 agrorum,
1393 2466 1580 2503 veteranis
1606 2471 1696 2515 pro-

240 2515 368 2560 missa,
397 2525 484 2566 post
504 2517 699 2569 Philippos
718 2518 1013 2563 imminentibus,
1042 2517 1115 2556 hoc
1134 2519 1298 2556 carmine
1320 2519 1548 2557 desiderium
1575 2518 1695 2556 felici-

240 2568 327 2606 tatis
339 2570 507 2619 priorum
521 2580 733 2621 temporum
747 2571 899 2609 Caesare
911 2572 1094 2609 dictatore
1107 2573 1350 2621 expressisse,
1370 2587 1444 2610 non
1456 2571 1695 2609 incommode

241 2629 397 2660 statues.
435 2623 510 2672 W.)
565 2623 664 2661 Nam
681 2626 711 2661 si
730 2638 881 2662 carmen
899 2625 1023 2662 animo
1042 2626 1089 2662 ab
1109 2625 1285 2675 opinione
1303 2627 1430 2676 aliqua
1446 2638 1567 2662 vacuo
1585 2634 1622 2662 et
1637 2625 1694 2662 in-

242 2683 345 2712 tacto
360 2675 537 2725 legimus,
565 2677 658 2715 nihil
670 2678 773 2715 aliud
788 2682 901 2728 poeta
919 2687 1108 2728 spectasse
1121 2678 1240 2716 videri
1255 2680 1380 2724 debet,
1405 2692 1517 2728 quam
1533 2687 1573 2716 ut
1590 2678 1696 2728 Idy]-

242 2728 378 2767 liorum
399 2729 594 2768 Theocriti
623 2731 657 2770 Ι.
691 2741 728 2769 ct
752 2731 864 2770 XIX.
893 2732 1382 2780 imitationeminstitueret,
1411 2741 1459 2779 et,
1490 2740 1530 2769 ut
1550 2731 1695 2782 Ecloga
