1796 3077
150 226 245 269 :3322

158 341 258 384 Heu
281 351 421 384 vatum
437 344 593 397 ignarae
616 342 798 381 mentes!
836 339 938 392 quid
959 345 1056 378 vota
1076 338 1299 387 furentem,

734 396 814 436 Est
829 395 962 436 mollis
983 395 1149 436 flamma
1168 395 1372 437 medullas

158 400 274 447 Quid
297 400 473 441 delubra
488 399 638 452 juvant
655 399 670 438 ῗ

581 221 623 258 Ρ.
656 219 888 256 Vllifflmt
922 218 1169 256 MARONJS

1556 338 1610 376 (55

157 456 337 506 Interea,
357 465 399 498 et
421 456 592 496 tacitum
612 455 712 495 vivit
733 454 812 494 sub
832 460 1005 508 pectore
1025 451 1188 493 vulnus.

159 514 309 555 Uritur
330 513 473 554 infelix
497 512 627 561 Dido,
649 518 820 564 totaque
841 518 1019 564 vagatur

160 571 280 612 Urbe
301 572 457 618 furens,
479 568 614 623 qualis
634 569 825 623 conjecta
846 582 969 609 cerva
986 567 1152 621 sagitta,

162 628 301 674 Quam
323 626 472 681 procul
491 627 702 667 incautam
723 639 894 667 nemora
914 625 1024 664 inter
1041 623 1189 664 Cresia
1207 622 1302 663 fixit

162 684 310 725 Pastor
330 699 459 738 agens
476 683 583 733 telis,
597 683 802 737 liquitque
823 680 988 723 volatile
1008 681 1167 722 ferrum

162 741 342 782 Nescius
361 758 370 791 3
402 740 471 781 illa
493 741 594 795 suga
615 740 738 781 silvas
758 739 972 793 saltusque
992 743 1192 793 peragrat

162 799 373 847 Dictaeos3
406 798 540 839 haeret
559 798 679 839 lateri
699 796 866 838 lethalis
888 796 1066 836 arundo.

160 855 290 897 Nunc
310 855 449 896 media
470 855 641 896 sEnean
663 869 804 896 secum
825 868 902 908 per
922 853 1076 894 moenia
1096 852 1228 899 ducit,

161 913 441 966 Sidoniasque
462 919 646 953 ostentat
667 928 783 967 opes,
805 912 1038 964 urbemque
1059 916 1247 964 paratam
1267 925 1276 957 3

162 969 314 1024 Incipit
336 969 470 1018 effari,
492 970 714 1023 mediaque
735 970 776 1009 in
796 983 897 1009 voce
918 967 1099 1008 resistit:

161 1026 290 1068 Nunc
311 1027 472 1075 eadem,
493 1026 661 1068 labente
683 1026 763 1076 die,
785 1025 975 1066 convivia
993 1024 1158 1078 quaerit,

162 1084 397 1137 Iliacosque
419 1084 568 1124 iterum
591 1084 762 1125 demens
781 1082 930 1124 audire
950 1081 1117 1121 labores

164 1141 388 1196 Exposcit,
412 1141 655 1194 pendetque
672 1141 823 1181 iterum
843 1139 1051 1179 narrantis
1074 1139 1127 1178 ab
1149 1152 1236 1177 ore.

165 1197 282 1247 Post,
304 1198 376 1238 ubi
397 1198 589 1252 digressi,
611 1197 836 1250 lumenque
858 1196 1039 1236 obscura
1058 1194 1238 1235 vicissim

1568 1192 1623 1231 80

166 1255 293 1295 Luna
307 1255 472 1309 premit,
495 1254 760 1307 suadentque
782 1252 976 1294 cadentia
997 1250 1135 1291 sidera
1157 1263 1339 1297 somnos„

168 1312 267 1352 Sola
288 1312 413 1352 domo
434 1318 579 1352 maeret
599 1325 744 1358 vacua,
767 1309 992 1361 stratisque
1013 1307 1167 1348 relictis

166 1368 370 1418 Incubat3
403 1367 516 1409 illum
538 1368 689 1408 absens
710 1368 926 1407 absentem
948 1364 1151 1417 auditque
1171 1363 1384 1416 videtque.

168 1506 362 1534 instauratum
379 1509 432 1534 est.
456 1504 537 1533 Dido
552 1503 698 1533 instaurat
713 1503 785 1532 diem
800 1502 883 1531 donis

168 1549 233 1573 est:
254 1544 405 1573 celebrem
429 1543 530 1572 reddit
545 1543 711 1578 sacrificiis,
731 1542 760 1571 ln.
784 1552 811 1571 e.
836 1552 883 1570 sa-

168 1583 282 1612 crificia
303 1583 398 1612 multa
413 1583 511 1611 offert.
530 1581 783 1621 l'V.)—spiran{ia
804 1586 882 1615 est-t,

169 1622 356 1661 palpitantia.
372 1625 405 1651 ut
419 1623 506 1650 Serv.
520 1621 645 1655 inhians,
670 1620 785 1659 ingenti
798 1620 883 1658 cupi-

170 1662 239 1690 dine
268 1661 369 1690 sutura
397 1660 776 1699 cognoscendi.—(i5——-67
803 1664 884 1688 vates

170 1700 349 1739 generaliter
364 1700 415 1737 qui
441 1700 543 1728 futura
563 1698 721 1736 aperiuut3
743 1699 771 1727 h.
786 1698 807 1727 l.
825 1709 880 1727 ex-

172 1739 295 1777 tispices
309 1738 458 1776 intellige,
472 1737 524 1776 qui
534 1738 644 1776 reginae
659 1738 759 1766 fausta
772 1747 880 1766 renun-

172 1779 291 1807 tiarunt.
303 1778 353 1806 66.
366 1776 495 1811 delubra,
511 1777 610 1805 aditus
625 1776 661 1804 ad
678 1776 803 1805 delubra
813 1786 881 1814 sup.

170 1817 271 1854 -fixit
285 1826 384 1854 ayens,
399 1815 528 1853 agitans,
546 1824 665 1852 urgens,
679 1819 798 1850 ornate,
820 1814 883 1843 vid.

172 1857 245 1885 Not.
270 1855 309 1883 ad
327 1855 384 1883 Ge.
410 1854 476 1888 111,
500 1854 569 1882 412.
590 1852 726 1886 Nescius,
751 1863 795 1881 sc.
824 1862 882 1881 non

172 1894 292 1923 viderat
306 1892 400 1921 telum
412 1902 484 1921 vere
497 1892 527 1920 in
542 1901 661 1920 cervam
676 1890 882 1926 descendisse,

174 1933 240 1967 sed,
257 1932 370 1961 frustra
393 1930 536 1959 emissum
550 1930 689 1964 credens,
708 1929 884 1968 reliquerat.

175 1971 275 2009 Capra
289 1970 420 1999 fortasse
438 1969 544 2007 melius
559 1981 576 1997 ,ι
594 1970 684 2007 poe'ta
698 1968 809 1998 fuisset
822 1978 885 1997 me-

175 2013 300 2043 morata,
335 2008 577 2047 quandoquidem
598 2017 636 2036 ex
665 2007 769 2036 Solino
795 2018 822 2036 c.
849 2009 885 2036 17

174 2052 303 2082 constat,
315 2057 417 2086 (tyrum
433 2047 580 2076 Creticum
592 2046 768 2074 silvestrium
782 2056 885 2084 capra-

174 2097 240 2116 rum
263 2097 294 2114 co
316 2086 520 2123 iosnmsuz'sse,
540 2095 622 2114 cervo
636 2085 757 2123 equisse.
800 2085 886 2114 Adde

176 2126 257 2155 Plin.
302 2125 369 2159 III,
384 2125 441 2161 583
463 2126 494 2153 S.
507 2125 633 2153 isa—75
647 2123 712 2161 (H.
725 2134 791 2162 opes
804 2134 886 2163 mag-

174 2165 297 2194 nificum
309 2167 447 2193 ornatum
463 2164 556 2198 urbis,
570 2167 679 2193 testem
692 2172 794 2200 opum.
818 2163 888 2201 W.)

176 2203 325 2237 Sidonias,
338 2203 421 2241 Tyro
436 2202 590 2237 advectas,
602 2212 632 2230 v.
652 2202 681 2236 I,
705 2203 774 2230 363.
788 2202 888 2230 urbem

172 2246 321 2280 paratum,
344 2241 479 2280 egregie,
500 2245 535 2270 ut
552 2251 609 2270 non
631 2250 707 2279 opus
728 2244 822 2273 esset,
835 2250 887 2269 no—

178 2291 243 2309 vam
263 2290 399 2318 quaerere
420 2290 475 2318 per
489 2280 593 2319 longos
607 2289 735 2309 errores.
757 2279 888 2317 convivia

177 2319 295 2357 quaerit,
310 2319 455 2348 desiderii
466 2319 547 2348 notio
560 2319 650 2353 inest,
664 2328 777 2347 moram
792 2318 887 2356 impa-

178 2358 285 2386 tienter
299 2358 368 2391 fert,
383 2357 455 2386 dum
470 2368 563 2387 coenae
577 2358 651 2386 hora
661 2357 827 2385 illucescat.
842 2356 887 2386 H.

175 2397 300 2434 pendent
322 2406 351 2424 η.
363 2406 391 2424 α.
412 2406 472 2430 ore,
485 2396 686 2426 attentissimo
701 2395 795 2425 animo
822 2397 888 2433 ejus

179 2435 379 2464 narrationem
397 2435 525 2473 excipit.
537 2435 662 2473 pendere
685 2445 703 2463 ιι
723 2444 755 2462 re
769 2438 817 2463 est
835 2435 888 2462 ob-

179 2477 278 2502 tutum
292 2473 449 2502 oculorum
460 2474 489 2502 in
503 2483 566 2503 rem
579 2474 675 2503 fixum
689 2472 885 2502 liabere.Val.

181 2512 229 2541 Fl.
246 2513 274 2546 Ι,
288 2513 357 2541 481.
397 2512 531 2550 Pervigil
540 2513 670 2542 Arcadio
693 2512 802 2550 Tiphys
813 2522 884 2550 pen·

180 2550 262 2580 debat
273 2550 308 2579 ab
321 2554 412 2579 astro.
439 2550 476 2579 W
478 2553 640 2580 .—80-83
652 2552 698 2580 De
714 2555 801 2580 nocte
821 2560 887 2580 sera

183 2590 242 2628 agi,
263 2599 321 2628 qua
345 2599 362 2617 a
381 2589 531 2624 convivio,
553 2591 609 2620 sub
627 2594 758 2624 noctem,
778 2589 887 2618 labente

181 2629 237 2663 die,
260 2628 407 2657 instructo
427 2631 495 2655 sunt
515 2629 639 2667 diyressz'
653 2629 802 2662 convivae,
830 2629 886 2657 du-

182 2667 271 2696 bitari
293 2665 414 2704 nequit3
436 2665 503 2694 hinc
523 2671 554 2696 et
566 2667 698 2696 cadentia
718 2667 824 2697 sidera.
839 2677 887 2696 oc-

183 2706 312 2735 cidentia
323 2707 451 2734 exeunte
466 2709 566 2739 nocte,
580 2707 619 2734 cf.
632 2706 688 2735 lib.
702 2706 749 2738 ΙΙ.
765 2706 795 2736 9.
826 2706 888 2735 Ita-

923 1512 981 1540 que
1005 1502 1100 1531 lumen
1118 1502 1239 1530 obscura
1259 1499 1383 1529 vicissim
1404 1499 1489 1528 Lumz
1508 1500 1628 1538 premit,

924 1542 1038 1570 occulit
1050 1542 1169 1577 lumen3
1191 1550 1246 1568 nec
1262 1539 1298 1567 ad
1314 1539 1555 1568 vicissitudinem
1569 1539 1630 1567 diei

923 1586 952 1609 et
973 1580 1079 1615 noctis,
1096 1590 1160 1613 nec,
1181 1589 1249 1608 cum
1267 1578 1448 1611 Burmanno,
1470 1578 1507 1606 ad
1521 1578 1630 1606 ohscu-

924 1624 988 1648 rata
1001 1620 1079 1648 lunae
1095 1619 1191 1648 nitore
1206 1618 1319 1646 minora
1332 1617 1430 1645 sidera
1451 1616 1506 1654 (of.
1519 1616 1630 1645 Horat.

924 1659 951 1686 l.
968 1659 1028 1686 Od.
1045 1660 1093 1691 12,
1107 1658 1241 1695 46-48)
1258 1656 1363 1685 referri
1380 1659 1493 1694 potest,
1518 1656 1572 1684 sed
1589 1656 1628 1683 de

920 1707 1031 1726 occasu
1052 1698 1131 1726 lunae
1154 1696 1211 1725 sub
1231 1699 1392 1724 exeuntem
1412 1698 1530 1723 noctem
1552 1694 1630 1723 acci<-

921 1736 1063 1774 piendum
1091 1745 1171 1769 esse,
1196 1734 1385 1763 manifestum
1410 1733 1629 1765 tin—vicissim,

921 1780 1081 1813 postquam
1108 1785 1163 1813 per
1190 1778 1283 1802 totam
1303 1776 1419 1802 noctem
1440 1772 1631 1801 illuxerat.-

923 1814 1003 1842 domo
1017 1824 1118 1848 vacua,
1141 1812 1278 1841 convivis
1292 1811 1427 1840 dimissis
1447 1821 1515 1839 cum
1530 1810 1631 1839 minis-

923 1852 990 1885 tris,
1017 1853 1053 1881 ad
1076 1856 1212 1880 ornatum
1233 1852 1394 1888 adjectum.
1436 1850 1564 1879 Duabus
1584 1859 1630 1877 ra-

923 1890 1056 1919 tionibus
1078 1890 1143 1918 haec
1158 1889 1306 1928 explicari
1330 1892 1468 1927 possunt,
1487 1892 1578 1926 prout
1600 1887 1629 1916 in

924 1929 1073 1957 vocabulo
1101 1928 1203 1956 stratis
1227 1928 1338 1956 lectum
1362 1927 1399 1955 ad
1426 1927 1629 1955 dormiendum

924 1974 1061 2006 paratum
1076 1967 1144 2001 ΙΙΙ,
1164 1967 1241 2000 176.,
1257 1970 1309 1994 aut
1321 1969 1419 1994 torum
1433 1965 1632 1998 convivalem,

925 2007 1051 2035 Metam.
1072 2006 1163 2035 Ovid.
1184 2005 1222 2038 V,
1237 2005 1285 2033 34.
1308 2004 1464 2042 intelligis.
1503 2004 1535 2032 Si
1557 2003 1632 2032 illud

947 2045 1054 2079 onitur,
1072 2048 1167 2073 strata
1185 2043 1287 2073 relicta
1302 2047 1381 2077 sunt,
1397 2053 1464 2080 quae
1489 2043 1571 2071 Dido
1585 2052 1632 2071 re-

925 2055 1076 2122 liquerat3
1096 2087 1160 2112 tum
1171 2083 1252 2111 illam
1269 2082 1378 2110 amoris
1395 2085 1471 2110 aestu
1487 2082 1632 2119 jactatam

926 2122 1036 2152 lectum
1062 2123 1150 2150 modo
1173 2121 1340 2160 reliquisse,
1365 2121 1455 2149 modo
1474 2120 1634 2158 repetiisse

927 2165 1053 2190 statuas.
1084 2161 1134 2189 lta
1147 2160 1282 2189 brevitas
1296 2159 1416 2198 quidem
1426 2160 1563 2194 obseura,
1578 2159 1634 2188 sed

927 2201 1004 2229 bona
1017 2199 1170 2228 sententia.
1211 2198 1327 2228 Melius
1349 2208 1419 2227 vero
1440 2198 1578 2227 Lucanus
1592 2198 1631 2231 V¹

925 2240 994 2268 790.
1016 2238 1126 2267 relictis
1145 2237 1260 2266 exsiluit
1273 2236 1387 2266 stratis.
1427 2237 1514 2266 Hanc
1535 2236 1634 2274 expli-

926 2277 1083 2311 cationem,
1109 2280 1142 2306 ut
1163 2277 1387 2315 simpliciorem,
1414 2276 1633 2314 praeferendam

927 2321 1001 2355 puto
1023 2316 1122 2352 alteri,
1138 2325 1177 2344 ex
1199 2325 1258 2354 qua
1275 2320 1369 2344 torum
1386 2314 1574 2343 convivalem
1587 2313 1631 2341 in-

927 2356 1065 2394 telligunt
1088 2354 1218 2384 relictum
1240 2353 1276 2383 ab
1296 2353 1417 2389 AEnea3
1439 2362 1526 2392 quem
1551 2351 1631 2380 illam

926 2394 1085 2432 repetiisse
1113 2394 1252 2432 locoque,
1279 2402 1339 2431 quo
1360 2393 1471 2421 AEneas
1493 2390 1631 2425 sedisset,

927 2433 1101 2462 incubuisse
1117 2431 1351 2470 statuunt‚qu0d
1359 2430 1525 2459 furentibus
1533 2438 1633 2458 amore

925 2472 981 2501 hoc
1003 2472 1116 2510 saepius
1133 2471 1287 2500 tribuitur.
1326 2469 1419 2498 Ovid.
1434 2467 1563 2497 Heroid.
1586 2467 1632 2497 X.

926 2513 959 2539 5]
980 2521 1047 2549 sqq.
1068 2511 1142 2545 XV,
1157 2511 1225 2539 149.
1240 2509 1284 2539 H.
1306 2508 1338 2538 Si
1353 2517 1457 2536 verum
1478 2511 1535 2541 est,
1551 2507 1631 2544 quod

927 2554 1051 2588 ponunt,
1064 2549 1229 2579 discrimen
1242 2548 1318 2577 inter
1328 2545 1462 2575 incubare
1475 2550 1507 2573 et
1521 2546 1631 2574 incum-

927 2590 1009 2625 bere‚·
1028 2588 1105 2617 illud
1131 2586 1291 2626 posteriori
1324 2584 1514 2623 explicationi
1540 2584 1632 2614 favet.

927 2629 1010 2665 Quid
1029 2628 1055 2656 si
1072 2637 1165 2661 more,
1181 2635 1269 2664 quem
1286 2624 1424 2662 Heynius
1444 2622 1632 2658 memoravit,

926 2678 985 2696 non
1002 2667 1160 2699 advocato,
1177 2665 1258 2694 Dido
1274 2663 1426 2692 ardentem
1441 2662 1515 2691 toris
1529 2661 1631 2691 convi-

929 2706 1061 2740 valibus,
1073 2704 1192 2738 relictis,
1205 2702 1254 2731 ubi
1268 2701 1392 2731 convince
1405 2701 1527 2739 ἀίξῃ-επὶ
1539 2704 1632 2729 eram.

984 2747 1011 2785 3
