1796 3077
611 238 877 277 AENEmos
924 239 1022 276 Lm.
1056 239 1105 277 x.
1497 247 1592 292 573

135 357 399 412 Captivoque
417 358 508 413 rogi
527 359 756 412 perfundat
777 359 980 413 sanguine
1002 359 1204 400 flammas.

135 412 242 455 Inde
265 414 399 468 Mago
421 414 567 468 procul
588 415 793 456 infensam
814 416 1090 456 contenderat
1109 415 1289 457 hastam.

132 469 208 510 Ille
229 478 323 510 astu
344 471 478 511 subit:
512 478 554 511 at
576 472 855 512 tremebunda
878 470 1120 526 supervolat
1141 471 1286 522 hasta3

131 525 192 566 Et
212 541 349 579 genua
371 527 627 579 amplectens
648 527 803 567 effatur
823 526 922 568 talia
942 527 1123 581 supplex
1142 544 1151 568 :

131 581 218 622 Per
233 583 392 635 patrios
414 582 579 631 Manes,
602 598 679 638 per
700 598 796 637 spes
817 584 1026 638 surgentis
1044 583 1136 632 Iuli,

130 637 197 678 Te
219 653 382 691 precor,
402 638 512 680 lianc
533 641 710 679 animam
732 654 872 680 serves
893 646 1076 693 natoque
1094 641 1303 694 patrique.

1505 642 1530 681 cn

1534 641 1589 680 ἔέἐ

130 693 212 733 Est
233 694 382 734 domus
405 694 510 744 alta3
539 696 683 750 jacent
705 696 871 749 penitus
888 695 1056 736 defossa
1077 695 1234 737 talenta

131 749 278 791 Caelati
300 752 462 804 argenti
482 768 491 799 3
524 760 621 791 sunt
638 753 728 791 auri
749 752 938 805 pondera
958 751 1057 792 facti

126 804 361 860 Infectique
383 807 496 846 mihi.

558 807 659 847 Non
680 807 749 848 hic
771 808 945 848 victoria
967 807 1185 848 Teucrum

130 861 351 911 Vertitur3
383 869 456 902 aut
477 863 613 902 anima
632 878 715 903 una
735 863 854 903 dabit
874 864 1112 904 discrimina
1132 870 1261 904 tanta⁰

128 917 327 958 Dixerat.

388 917 551 958 AEneas
573 926 719 959 contra
740 919 807 959 cui
826 918 925 959 talia
945 920 1087 960 reddit
1104 935 1113 959 ε

1504 922 1540 960 §.rr

1535 923 1588 961 *00

126 973 310 1028 Argenti
330 980 459 1027 atque
480 975 570 1014 auri
591 989 795 1015 memoras
812 990 907 1028 quae
924 975 1054 1016 multa
1074 974 1245 1023 talenta,

127 1029 281 1070 Gnatis
302 1044 428 1084 parce
450 1031 546 1070 tuis.

616 1030 725 1071 Belli
745 1032 996 1072 commercia
1014 1032 1189 1072 Turnus

125 1085 307 1127 Sustulit
328 1086 407 1126 ista
428 1087 542 1140 prior
556 1087 644 1140 jam
665 1094 756 1127 tum
779 1086 970 1128 Pallante
989 1095 1197 1141 peremto.

122 1141 222 1183 Hoc
242 1143 374 1196 patris
395 1141 599 1183 Anchisae
619 1143 786 1192 Manes,
807 1143 888 1184 hoc
909 1144 1035 1184 sentit
1056 1143 1187 1184 Iulus.

122 1197 193 1238 Sic
214 1198 324 1238 fatus
344 1197 507 1252 galeam
528 1198 633 1238 laeva
653 1206 785 1247 tenet,
808 1206 936 1252 atque
956 1199 1117 1240 reflexa

123 1253 298 1295 Cerviee
318 1255 475 1294 orantis
496 1253 648 1308 capulo
670 1263 792 1295 tenus
814 1254 1001 1308 applicat
1021 1269 1177 1295 ensem.

120 1309 217 1351 Nec
238 1309 386 1365 procul
408 1310 696 1358 Haemonides,
726 1310 884 1350 Phoebi
906 1310 1149 1364 Triviaeque
1170 1311 1383 1359 sacerdos,

120 1366 260 1407 Insula
281 1367 348 1407 cui
369 1381 487 1407 sacra
507 1367 730 1406 redimibat
751 1373 942 1420 tempora
964 1367 1081 1415 vitta,

118 1422 257 1463 Totus
278 1422 489 1463 collucens
510 1430 624 1462 veste
647 1430 774 1475 atque
802 1422 1037 1476 insignibus
1058 1422 1196 1462 armis.

123 1479 265 1525 Quem
282 1493 531 1532 congressus
552 1479 638 1532 agit
659 1492 821 1531 campo,
849 1477 1099 1532 lapsumque
1120 1485 1364 1531 superstans

1498 1480 1582 1519 540

118 1534 324 1583 Immolat‚
345 1535 590 1588 ingentique
613 1535 762 1575 umbra
783 1535 914 1588 tegit3
947 1549 1063 1575 arma
1079 1535 1276 1575 Serestus

120 1590 255 1643 Lecta
275 1590 405 1631 refert
426 1591 624 1639 humeris,
647 1591 737 1639 tibi,
759 1604 835 1630 rex
857 1590 1061 1639 Gradive,
1083 1597 1304 1644 tropaeum.

118 1646 361 1688 Instaurant
382 1647 492 1687 acies
516 1646 698 1687 Vulcani
717 1647 847 1700 stirpe
868 1653 1033 1687 creatus

117 1702 313 1745 Caeculus
334 1710 376 1745 et
394 1703 562 1744 veniens
585 1702 828 1744 Marsorum
850 1704 1061 1744 montibus
1084 1702 1262 1744 Umbro.

112 1849 179 1868 rum
207 1839 429 1878 oppida-520
448 1839 615 1878 captivoque
630 1839 658 1867 h.
687 1838 823 1877 captivo-

112 1888 190 1916 rum,
213 1888 288 1916 pro:
318 1882 348 1907 et
369 1888 495 1915 quorum
517 1877 662 1915 sanguine
682 1882 739 1905 etc.
787 1878 823 1906 In

112 1916 289 1944 ulciscendo
304 1915 438 1944 Pallante
448 1920 479 1944 et
492 1926 562 1944 mox
578 1916 607 1943 in
625 1925 661 1944 eo
677 1915 823 1952 sepelien-

113 1954 153 1982 do
167 1954 329 1986 Achillem,
351 1955 402 1991 qui
417 1954 549 1982 Patrocli
569 1954 683 1982 caedem
700 1953 821 1982 ulcisci-

113 1996 163 2021 tur
177 1993 264 2030 eique
281 1992 403 2021 inferias
419 1992 500 2025 facit,
517 1991 638 2020 Maroni
660 1996 727 2019 ante
751 2000 821 2019 ocu-

112 2030 159 2059 los
179 2031 272 2060 fuisse
292 2034 419 2059 constat.
479 2031 528 2059 Ad
550 2030 627 2058 idem
649 2030 821 2067 exemplum

112 2069 240 2098 Achillis
256 2079 334 2098 nunc
346 2073 470 2097 octonos
483 2070 608 2104 juvenes
622 2068 740 2096 inferias
753 2068 821 2096 Pal-

111 2107 185 2135 lanti
199 2107 330 2136 destinat
350 2110 380 2135 et
397 2107 450 2135 lib.
475 2107 539 2141 XI,
559 2107 608 2134 81.
631 2108 669 2135 82
690 2106 825 2134 immolat

111 2145 236 2174 AEneas.
274 2146 419 2173 Nondum
432 2145 525 2183 igitur
542 2155 577 2173 ea
590 2148 677 2173 aetate
692 2149 825 2173 metuen-

112 2183 185 2211 dum
208 2183 266 2212 suit
286 2183 416 2217 Maroni,
437 2193 473 2211 ne
495 2183 673 2219 displiceret
700 2183 824 2211 immane

111 2221 228 2249 facinus
244 2221 406 2251 lectoribus
420 2232 426 2249 :
448 2231 502 2249 nec
517 2222 639 2255 AEneas,
657 2221 707 2249 ubi
727 2222 772 2249 ira
788 2222 824 2249 ad

110 2260 242 2288 furorem
275 2263 362 2288 actus
395 2269 510 2287 summa
543 2269 611 2288 cum
645 2259 824 2288 crudelitate

110 2298 279 2336 supplicem
299 2307 334 2325 ac
355 2297 483 2334 pretium
506 2297 677 2326 offerentem
700 2298 822 2335 Magum

110 2346 141 2364 v·
152 2337 210 2365 523
220 2346 287 2373 sqq.
308 2336 477 2367 obtruncat,
492 2340 522 2364 et
530 2336 667 2373 Tarquiti
679 2336 820 2364 cadaveri

109 2374 237 2403 insultat
256 2384 282 2401 v.
296 2375 353 2402 555
368 2383 426 2411 sq.,
437 2373 475 2400 ad
494 2374 695 2402 Romanorum
713 2383 819 2402 sensus

110 2412 209 2442 videri
225 2412 333 2440 debuit
345 2411 541 2440 inhumanIter
552 2416 581 2440 et
593 2413 683 2450 impie
698 2412 818 2449 egisse3

108 2451 165 2479 etsi
181 2451 238 2479 hoc
253 2451 289 2478 ad
300 2453 432 2478 nostrum
448 2458 566 2478 sensum
580 2450 666 2478 aliter
678 2451 818 2480 sehabet.

108 2489 186 2518 Mihi
209 2489 329 2526 quidem
353 2487 494 2525 displicet
519 2488 676 2517 manifesta
697 2488 818 2517 nimium

108 2527 235 2556 imitatio
250 2526 376 2555 Homeri
392 2526 432 2554 Il.
447 2533 477 2561 φ,
490 2526 530 2553 26
546 2536 612 2564 sqq.
628 2531 661 2559 ψ,
677 2527 733 2555 175
751 2537 818 2565 sqq.

147 2567 203 2594 521
226 2575 292 2603 sqq.
333 2566 447 2593 Iterum
473 2567 589 2599 aperta,
623 2565 678 2593 sed
700 2570 814 2599 ornata,

109 2603 237 2632 imitatio
250 2603 309 2631 loci
324 2602 479 2632 Homerici
496 2601 583 2630 Iliad.
604 2609 634 2636 φ,
657 2604 695 2630 67
710 2612 817 2640 sqq.—

108 2642 199 2679 Mayo
210 2641 238 2670 in
247 2641 382 2679 Magum,
395 2647 427 2670 ut
449 2640 549 2669 toties.
571 2639 816 2675 ιειιόἱι,ὑπὲὸραμε.

105 2680 278 2718 supervolat,
306 2683 470 2714 ὑπέρπτατο.
512 2678 553 2708 Et
574 2688 666 2716 yeuua
693 2680 814 2717 amplec-

863 1842 944 1867 tens:
975 1839 1054 1877 apud
1077 1838 1244 1867 Homerum
1267 1838 1334 1876 plus
1357 1839 1580 1871 miserationis.-

864 1877 959 1905 altera
973 1879 1044 1905 ἑλὼν
1060 1879 1213 1905 ἐλλίσσετο
1228 1883 1339 1911 γούνων,
1353 1878 1447 1906 altera
1462 1879 1577 1908 hastam

864 1915 995 1943 Achillis
1014 1915 1235 1943 retinen—526
1256 1915 1355 1943 Duxit
1376 1916 1440 1944 liaec
1460 1927 1497 1944 ex
1519 1919 1579 1946 alio

862 1953 929 1980 loco
944 1953 1034 1981 simili
1049 1953 1141 1981 Iliad.
1159 1958 1183 1987 ζ,
1195 1955 1234 1982 46
1249 1962 1333 1991 sqq.:
1356 1954 1431 1982 adde
1448 1954 1539 1983 Iliad.
1550 1969 1576 1989 κ,

862 1992 919 2019 378
944 1992 1128 2028 sqq.—clal1ic
1151 2001 1207 2029 pro
1234 1992 1335 2024 faciet,
1351 1996 1385 2020 ut
1398 1996 1429 2020 et
1450 1992 1531 2027 alibi,
1545 1999 1576 2022 et

862 2032 964 2057 δοῦναι.
975 2030 1138 2066 Aryentum
1151 2030 1280 2058 caelatum
1292 2033 1339 2058 est
1350 2029 1378 2057 in
1391 2030 1471 2058 vasis
1487 2041 1578 2069 opere

864 2071 986 2105 ectypo,
1008 2068 1182 2101 elaboratis,
1206 2071 1238 2095 ut
1256 2077 1360 2095 aurum
1373 2068 1485 2096 facturn
1502 2080 1575 2106 quo-

865 2115 922 2142 que
937 2115 944 2141 ;
965 2110 995 2134 et
1008 2106 1116 2133 talenta
1130 2105 1310 2142 simpliciter
1323 2115 1379 2149 pro
1391 2107 1577 2143 ponderibus

864 2143 1053 2172 dixin—532
1066 2153 1154 2180 parce
1173 2143 1270 2180 quatis
1285 2147 1342 2171 turs
1356 2153 1412 2181 pro
1425 2153 1524 2176 serva.
1544 2150 1578 2174 ut

865 2182 943 2219 apud
960 2182 1108 2210 Lucilium
1123 2186 1153 2209 et
1169 2181 1298 2209 Ennium
1313 2181 1461 2210 invenitur
1475 2193 1481 2210 :
1505 2183 1577 2212 Ser-

865 2220 914 2248 vio
926 2224 1077 2248 monente.
1092 2220 1157 2247 belli
1168 2219 1345 2252 commercia,
1358 2220 1576 2250 redemtionem

864 2258 1163 2295 captivorum—534
1177 2258 1308 2286 Eandem
1324 2257 1464 2286 Anchisae
1478 2259 1578 2288 Mani-

864 2306 911 2324 um
927 2300 962 2325 et·
972 2296 1031 2325 Iuli
1046 2296 1220 2325 sententiam
1235 2306 1301 2325 esse
1315 2296 1372 2324 aio.
1432 2296 1575 2335 Respicit

861 2335 898 2363 ad
911 2344 1025 2371 preces.
1049 2344 1079 2362 v.
1100 2335 1168 2363 524.
1188 2336 1257 2363 525.

898 2374 955 2402 537
978 2373 1177 2401 Haemonides
1190 2377 1220 2401 et
1233 2372 1300 2410 ipse
1314 2383 1329 2401 e
1343 2371 1468 2406 Latinis,
1478 2372 1573 2412 Apol-

859 2411 929 2439 linis
951 2416 981 2440 et
1004 2411 1107 2439 Dianae
1129 2411 1283 2445 sacerdos,
1306 2411 1385 2439 inter
1405 2417 1574 2449 pugnantes

860 2454 970 2483 tamen,
984 2460 1000 2478 e
1014 2459 1096 2477 more
1109 2453 1245 2477 veterum
1261 2452 1383 2477 aetatum
1395 2459 1401 2476 z
1424 2459 1481 2477 non
1501 2461 1573 2479 con-

859 2488 973 2525 scripto
999 2487 1056 2515 hoc
1077 2487 1228 2515 hominum
1248 2497 1360 2525 genere
1383 2486 1412 2514 1ιι
1434 2488 1570 2518 ordinem

858 2525 1000 2564 aliquem,
1023 2525 1074 2562 qui
1091 2526 1128 2553 ab
1149 2525 1240 2553 armis
1261 2529 1292 2554 et
1306 2525 1420 2563 praeliis
1442 2532 1571 2556 vacaret.

857 2565 951 2592 —541
984 2563 1146 2606 inyemique
1170 2563 1272 2592 umbra
1296 2563 1376 2602 teyit,
1409 2573 1452 2592 sc.
1479 2575 1571 2602 super

857 2603 977 2631 adstans
998 2601 1064 2638 ipse
1080 2611 1127 2629 vir
1147 2601 1253 2639 ingens
1273 2602 1405 2640 clipeum
1427 2612 1511 2631 manu
1527 2608 1571 2631 te-

856 2651 941 2673 nens,
962 2639 1109 2668 inclinans
1126 2650 1168 2674 se,
1185 2644 1216 2668 ut
1227 2640 1328 2678 spolia
1341 2641 1434 2677 legat.

895 2680 952 2708 543
973 2678 1145 2708 Instaurant
1160 2678 1236 2708 acies
1249 2682 1323 2717 puto
1342 2678 1443 2716 simpl.
1465 2688 1565 2707 succe-
