1796 3077
644 223 913 263 AENEIDOS.
971 225 1070 264 LIB.
1100 227 1193 266 XII.
1515 237 1610 282 659

152 340 466 397 -Juturnamque
487 351 609 398 parat
629 345 769 385 fratris
791 346 1001 387 dimittere
1022 348 1077 387 ab
1096 348 1234 389 armis.

154 398 370 439 Dicuntur
389 402 568 453 geminae
588 408 728 455 pestes
750 403 999 455 cognomine
1022 403 1154 452 Dirae,

1516 409 1599 449 8125

153 453 274 499 Quas
294 463 337 496 et
357 455 608 498 Tartaream
629 457 732 498 Nox
752 459 1003 512 intempesta
1024 460 1259 514 Megaeram

151 509 251 551 Uno
271 512 506 566 eodemque
527 512 621 554 tulit
636 522 776 567 partu,
799 516 1056 569 paribusque
1077 518 1258 558 revinxit

148 565 403 621 Serpentum
425 570 560 623 spiris,
580 578 858 624 ventosasque
879 571 1044 612 addidit
1059 571 1160 613 alas.

147 622 234 663 Hae
255 624 284 663 J
287 625 373 665 ovis
390 626 444 666 ad
465 625 625 675 solium,
648 627 831 680 saevique
848 628 890 667 in
910 627 1049 669 limine
1070 630 1196 683 regis,

146 678 386 733 Apparent,
409 690 650 736 acuuntque
670 690 826 723 metum
847 684 1092 725 mortalibus
1113 686 1249 740 aegris,

1511 690 1594 729 850

145 735 192 776 Si
212 738 384 789 quando
404 737 533 778 letum
553 738 796 780 horrificum
815 741 1068 794 morbosque
1089 742 1215 783 deum
1236 757 1311 783 rex

143 791 337 842 Molitur,
359 796 527 835 meritas
547 803 619 835 aut
640 795 750 836 bello
771 797 934 836 territat
949 798 1089 837 urbes.

142 847 311 889 Harum
332 864 457 891 unam
480 850 658 892 celerem
679 853 845 892 demisit
864 854 917 893 ab
939 853 1098 894 aethere
1118 869 1278 895 summo

139 904 325 959 Jupiter,
348 907 474 961 inque
490 922 614 948 omen
630 907 659 947 J
663 916 826 948 uturnae
848 924 1069 950 occurrere
1084 911 1222 963 jussit.

141 961 219 1001 Illa
240 961 363 1011 volat,
386 963 596 1017 celerique
618 965 672 1004 ad
693 972 844 1004 terram
866 966 1033 1006 turbine
1047 966 1201 1006 fertur:

140 1017 243 1058 Non
264 1033 398 1068 secus,
415 1035 463 1060 ac
484 1035 612 1060 nervo
631 1035 706 1074 per
722 1022 878 1060 nubem
895 1022 1075 1076 impulsa
1093 1024 1245 1077 sagitta
1264 1040 1273 1072 ;

139 1073 360 1115 Armatam
382 1077 481 1116 saevi
502 1076 689 1116 Parthus
712 1092 837 1130 quam
858 1077 952 1117 felle
974 1080 1135 1128 veneni,

139 1129 342 1180 Parthus,
365 1132 450 1173 sive
473 1132 635 1185 Cydon,
654 1132 784 1173 telum
804 1134 1123 1183 immedicabile,
1145 1135 1289 1184 torsit3

138 1186 347 1237 Stridens,
375 1196 418 1228 et
439 1188 596 1229 celeres
616 1189 829 1243 incognita
844 1189 1023 1230 transilit
1043 1191 1226 1231 umbras.

137 1241 256 1284 Talis
277 1258 321 1285 se
343 1251 434 1285 sata
455 1244 596 1286 Nocte
616 1244 727 1293 tulit,
750 1251 969 1299 terrasque
990 1247 1150 1300 petivit.

170 1390 230 1418 845
245 1398 312 1426 sqq.
330 1388 378 1417 Sit
395 1392 425 1417 et
446 1389 495 1417 bic
515 1388 600 1418 locus
622 1399 677 1427 pro
699 1388 841 1425 exemplo

134 1427 226 1455 variae
241 1428 313 1455 artis
328 1431 358 1455 et
376 1427 511 1461 ratIOnis,
527 1437 584 1465 qua
605 1429 696 1465 poeta
720 1427 839 1455 fabulas

133 1466 282 1503 antiquas,
298 1466 435 1503 interque
454 1476 504 1494 eas
526 1466 555 1494 id
571 1466 599 1493 in
614 1466 719 1503 primis
733 1475 838 1503 genus,

132 1504 214 1540 quod
227 1503 428 1541 symbolicum
443 1508 474 1532 et
489 1504 681 1542 allegoricum
700 1505 737 1532 ab
750 1503 842 1542 origi-

134 1551 170 1570 ne
184 1542 252 1576 fuit,
266 1546 385 1571 tractat.
427 1543 475 1570 De
491 1542 592 1571 Furiis
606 1543 727 1580 poetam
739 1551 840 1579 agere,

132 1580 267 1609 dubitari
291 1580 405 1618 nequit.
446 1581 518 1615 Sed,
535 1590 603 1608 cum
628 1590 731 1610 earnm
750 1580 841 1608 sedes

130 1618 206 1647 alias
221 1619 281 1647 sint
301 1618 331 1647 in
355 1619 494 1652 Tartaro,
517 1618 625 1647 saltem
644 1619 674 1647 in
697 1618 836 1647 Plutonis

130 1658 214 1695 regia
229 1657 276 1686 vel
289 1657 317 1685 in
340 1658 424 1686 aditu
446 1657 620 1691 inferorum,
642 1661 675 1685 ut
690 1657 747 1690 VI,
767 1657 836 1690 280,

131 1703 210 1724 nunc
236 1696 265 1724 in
293 1696 380 1725 Jovis
406 1695 466 1724 iilae
498 1695 648 1723 vestibulo
674 1695 838 1723 excubant.

128 1733 239 1771 Neque
262 1734 351 1762 etiam
373 1733 446 1761 alias
466 1733 573 1762 Furias
600 1734 734 1767 Plutoni,
760 1732 834 1761 alias

127 1771 212 1805 Jovi,
225 1772 298 1801 dare
320 1772 452 1800 voluisse
477 1771 628 1809 putandus
647 1772 734 1800 Maro
753 1781 760 1805 ;
781 1771 836 1799 sed

127 1810 262 1839 variasse
273 1810 761 1848 poeticaphantasmataputandus
776 1813 834 1838 est.

131 1850 245 1877 Verum
269 1848 433 1877 communis
466 1852 513 1877 est
540 1848 600 1876 ista
633 1848 835 1885 antiquiorum

125 1888 283 1925 poetarum
299 1887 387 1921 ratio,
401 1891 434 1915 ut
447 1896 547 1914 canum
556 1886 674 1914 nomine
689 1896 743 1923 pro
759 1895 829 1914 cus-

125 1925 247 1954 todibus
266 1929 296 1954 et
320 1925 466 1953 ministris
483 1925 710 1953 mantum—845
727 1934 829 1960 coqne-

125 1965 200 1993 mine
215 1973 269 2001 pro
281 1964 410 1992 nomine.
432 1962 519 1991 Dirae
533 1967 579 1991 est
595 1972 700 1991 nomeu
711 1962 830 1990 illarum

123 2002 257 2040 pestium
272 2002 301 2030 h.
321 2002 518 2030 exitiosarum
533 2001 669 2034 dearum,
682 2000 828 2029 substitu-

122 2045 187 2069 tum
203 2050 220 2069 a
233 2042 324 2078 poeta
339 2043 396 2069 ταῖς
413 2043 509 2073 Κηρσί.
533 2041 608 2072 Ἀραὶ
629 2043 697 2067 sunt
713 2048 759 2075 ap.
776 2038 829 2067 AE-

122 2079 219 2116 schyl.
248 2079 375 2108 Eumeu.
401 2076 696 2115 420.-9en12'11oe-—et
719 2077 830 2114 Μερμε-

121 2127 202 2145 ram:
225 2118 325 2146 Docte
341 2117 385 2145 sic
400 2116 528 2144 variavit
550 2116 651 2154 poeta,
667 2115 747 2152 quod
762 2115 829 2143 vul-

124 2165 162 2194 go
176 2160 256 2184 erat:
279 2159 349 2183 sunt
360 2159 423 2183 tres
440 2154 535 2182 Dirae.
574 2154 650 2181 Tum
661 2163 750 2181 unum
765 2157 828 2181 tan-

120 2197 185 2222 tum
199 2203 305 2221 nomen
317 2193 419 2231 ponit3
441 2192 531 2220 etiam
546 2192 601 2220 hoc
610 2193 729 2229 poetam
739 2191 827 2219 dece-

122 2232 184 2260 bat.
205 2231 315 2259 Alecto
331 2235 363 2259 et
377 2230 562 2266 Tisiphonen
588 2230 656 2267 quis
669 2239 725 2257 non
741 2229 827 2257 facile

122 2269 248 2307 supplet
269 2267 533 2297 animo?—Noctz's
546 2267 628 2305 filias
650 2267 757 2296 Furias
780 2267 828 2295 vel

121 2307 304 2336 Eumenides
317 2307 407 2336 etiam
420 2306 482 2340 VI,
499 2308 567 2335 250.
580 2306 658 2339 Vll,
684 2307 751 2334 331.
767 2306 828 2334 edj-

120 2346 227 2381 derat3
249 2345 328 2373 idem
348 2343 457 2373 AEsch.
481 2344 500 2373 l.
516 2345 626 2372 c.419.
667 2344 757 2379 Quod
773 2353 829 2372 uno

113 2388 208 2422 partu
222 2383 314 2412 editas
329 2382 415 2416 facit,
430 2382 532 2411 nescio
552 2392 588 2410 an
602 2382 720 2410 aliunde
741 2392 828 2410 acce·

119 2420 451 2460 perit.--847paribus:
473 2430 528 2458 pro
544 2420 667 2458 pariter,
682 2420 747 2457 pari
762 2430 825 2448 0111-
865 2430 884 2457 p

119 2470 175 2489 nes
189 2460 289 2488 modo.
331 2458 459 2497 Species
480 2458 639 2486 Furiarum
657 2462 704 2486 est
726 2460 826 2495 poetae

116 2498 196 2531 haec,
209 2501 242 2526 ut
251 2497 312 2526 sint
326 2496 519 2534 serpentibus
529 2497 672 2525 revinctae
688 2500 718 2524 et
730 2496 827 2525 alatae.

118 2537 166 2565 De
181 2535 237 2564 alis
252 2536 291 2565 cf.
306 2535 386 2568 VII,
405 2535 645 2563 561.—ventosas
666 2534 730 2562 alas
749 2543 827 2562 novo

115 2574 268 2612 epitheto,
278 2574 358 2612 quod
375 2573 525 2602 notionem
538 2572 752 2611 magnitudinis
765 2573 826 2601 ala-

118 2622 187 2642 rum
209 2615 241 2642 et
262 2611 404 2642 concitati
427 2611 547 2641 volatus
574 2611 688 2649 habet5
710 2621 777 2641 nam
800 2612 826 2641 is

1505 1250 1591 1289 860

880 1393 1005 1417 ventum
1026 1390 1238 1418 movet—849
1252 1390 1338 1418 ,πει-ἰ.-
1360 1391 1513 1427 epitheton
1527 1392 1555 1420 h.
1570 1393 1592 1420 l.

879 1427 1139 1455 accommodatum
1156 1428 1247 1456 rebus
1259 1438 1292 1456 ac
1310 1429 1507 1466 temporibus,
1522 1432 1588 1467 qui-

880 1465 934 1493 bus
951 1465 1110 1494 Furiarum
1126 1466 1292 1494 ministerio
1304 1466 1341 1494 ad
1356 1468 1468 1495 atrocia
1477 1469 1588 1497 actris-

882 1503 923 1531 tia
932 1503 1027 1531 utitur
1039 1504 1172 1542 Jupiter,
1180 1514 1247 1532 cum
1255 1504 1589 1543 nescitum—apparent

881 1551 942 1569 vox
958 1542 1082 1579 propria
1095 1543 1133 1570 de
1144 1542 1324 1576 ministerio,
1340 1543 1418 1572 unde
1433 1545 1587 1581 apparito-

880 1582 1053 1608 res—851.
1064 1581 1121 1609 852
1143 1582 1340 1618 Argutantnr,
1358 1582 1410 1618 qui
1425 1581 1587 1611 Furiarum

876 1627 998 1646 munera
1011 1619 1196 1656 dispescunt,
1212 1623 1241 1647 et
1251 1619 1433 1656 Tisiphonen
1449 1622 1583 1656 morbos,

879 1656 984 1699 A.lecto
996 1657 1086 1693 bella,
1097 1657 1300 1695 etMegaeram
1312 1657 1407 1686 letum
1421 1658 1584 1692 immittere

876 1699 969 1723 amnt.

912 1733 970 1761 853
983 1743 1077 1761 uuam.
1103 1733 1179 1762 Cum
1199 1734 1289 1771 poeta
1312 1734 1364 1762 vix
1391 1734 1514 1773 dignum
1531 1735 1585 1770 sit,

873 1770 1027 1800 indefinite
1043 1771 1138 1809 loqui,
1154 1771 1320 1809 Megaeram
1337 1782 1376 1800 ex
1387 1783 1430 1800 vs.
1444 1774 1513 1802 846.
1526 1774 1581 1802 de-

875 1809 1010 1847 signasse
1035 1810 1180 1838 dicendus
1201 1815 1263 1838 est:
1286 1821 1372 1838 mmm
1394 1810 1583 1841 illam—855

874 1847 988 1875 turbine
1005 1847 1105 1885 simpl.
1120 1857 1174 1885 pro
1194 1852 1277 1876 motu
1295 1850 1352 1876 320
1365 1853 1395 1877 et
1409 1850 1477 1878 531.
1518 1850 1581 1878 Vo-

869 1885 912 1914 lat
930 1886 1070 1923 Megaera
1083 1890 1231 1923 tamquam
1248 1887 1358 1923 sagitta
1373 1896 1443 1915 areu
1458 1888 1581 1917 emissa.

864 1934 920 1961 per
940 1924 1053 1957 nubem,
1077 1928 1169 1962 auget
1192 1924 1381 1961 phantasma,
1396 1935 1517 1963 proper
1531 1928 1580 1955 ae'-

868 1971 941 1989 rem.
974 1962 1103 1990 Parthos
1116 1961 1235 2000 sagittis
1246 1963 1401 1990 venenatis
1413 1973 1484 1991 usos
1498 1974 1580 1998 esse,

870 1999 967 2027 firmat
975 2000 1099 2028 Servius
1116 2000 1226 2028 Lucani
1237 2001 1416 2029 auctoritate
1426 2001 1581 2037 1ib.V111,

870 2039 937 2066 303.
952 2039 1020 2066 304.
1035 2038 1086 2066 lib.
1102 2038 1204 2071 XIII,
1220 2039 1364 2066 1972198.
1397 2041 1444 2067 An
1459 2040 1580 2075 Cretes,

870 2086 907 2104 ex
924 2076 1034 2113 quibus
1043 2076 1187 2113 Cydones
1195 2076 1452 2113 sunt(v.Homer.
1464 2078 1580 2115 Odyss-

869 2128 896 2147 τ,
911 2115 978 2147 176,
996 2118 1026 2142 et
1037 2128 1065 2148 γ,
1080 2115 1148 2147 292,
1166 2123 1182 2141 a
1203 2114 1311 2150 quibus
1326 2115 1461 2151 Cydonia
1475 2117 1580 2154 urbs,)

868 2152 1013 2180 medicari
1038 2152 1097 2180 tela
1112 2161 1226 2180 veneno
1248 2152 1330 2180 soliti
1348 2153 1467 2187 fuerint,
1483 2163 1578 2191 eaque

868 2191 905 2219 de
923 2199 965 2223 re,
989 2190 1047 2218 etsi
1067 2190 1169 2218 multis
1192 2190 1315 2227 populis
1338 2191 1366 2218 in
1387 2191 1484 2228 prima
1504 2193 1578 2221 vitae

868 2228 1049 2256 immanitate
1069 2232 1099 2256 et
1116 2228 1253 2256 barbarie
1273 2229 1435 2262 communi,
1458 2234 1578 2259 constet

870 2267 1002 2299 aliunde,
1028 2266 1321 2303 ignorabant—857.
1331 2268 1389 2295 858
1400 2266 1458 2294 Fe!
1464 2269 1575 2303 veneni,

868 2310 986 2337 ornate,
998 2309 1032 2332 ut
1048 2305 1142 2338 virus,
1161 2304 1182 2331 i.
1197 2314 1225 2332 e.
1236 2314 1346 2333 succus
1357 2314 1486 2339 amarus,
1498 2315 1574 2335 uox-

866 2343 925 2371 ius.
955 2343 1006 2370 Sic
1022 2346 1051 2371 et
1064 2342 1185 2380 Tragici
1200 2347 1286 2375 χόλον
1301 2344 1338 2371 de
1352 2353 1478 2377 veneno,
1495 2346 1576 2381 quod

868 2391 935 2409 cum
953 2381 1093 2418 sanguine
1106 2380 1256 2417 serpentis
1271 2381 1468 2415 confundunt,
1484 2391 1574 2411 usur-

888 2423 946 2447 ant.
962 2419 1046 2447 telum
1060 2418 1272 2452 immedicabile,
1286 2420 1365 2456 quod
1378 2419 1485 2448 vulnus
1496 2419 1575 2448 insa-

866 2457 964 2485 nabile
990 2457 1070 2484 facit.
1085 2458 1194 2485 -859
1218 2456 1345 2495 Singula
1368 2458 1405 2486 ad
1431 2459 1574 2495 majorem

866 2495 1082 2533 phantasmatis
1099 2495 1251 2523 horrorem
1265 2495 1398 2524 faciunt:
1421 2505 1476 2533 pro
1491 2497 1572 2524 auris

869 2533 1053 2571 exquisitius
1067 2533 1147 2561 dixit
1161 2532 1286 2568 umbras,
1300 2534 1330 2562 h.
1349 2543 1376 2562 e.
1389 2534 1506 2573 nigrum
1522 2536 1571 2562 ae-

865 2581 940 2604 rem,
954 2580 1041 2609 quem
1053 2570 1217 2599 transvolat
1237 2571 1345 2610 sagitta
1357 2581 1365 2604 ς
1384 2572 1454 2601 hinc
1467 2572 1571 2600 celeres

865 2609 986 2645 umbrae,
994 2612 1027 2638 ut
1034 2609 1138 2639 celeres
1146 2619 1237 2645 aurae,
1245 2620 1313 2648 quae
1321 2609 1460 2640 celeriter
1474 2614 1572 2638 trans.=
