1796 3077
624 240 892 279 AENEIDOS.
948 241 1048 280 ΜΒ.
1080 241 1149 281 VI.

1506 246 1600 292 409

158 358 282 401 Illum
296 375 376 416 ego
396 375 473 415 per
487 360 674 403 flammas
695 369 737 404 et
756 360 865 404 mille
887 363 1104 416 sequentia
1124 360 1207 404 tela
1520 362 1600 404 110

158 417 312 472 Eripui
332 419 397 459 his
413 417 610 467 humeris,
631 419 853 473 medioque
869 434 922 460 ex
938 419 1060 460 hoste
1080 417 1244 473 recepi3

157 473 234 515 Ille
255 489 393 516 meum
412 476 633 517 comitatus
652 477 742 526 iter,
764 477 892 517 maria
908 477 1046 517 omnia
1064 491 1242 525 mecum,

154 529 301 585 Atque
322 546 465 573 omnes
486 532 708 587 pelagique
729 534 861 574 minas
881 533 1061 587 coelique
1081 533 1247 575 ferebat

156 587 384 638 Invalidus,
401 590 507 631 vires
528 589 638 630 ultra
654 597 892 644 sortemque
913 596 1108 632 senectae.

153 643 283 695 Quin,
304 652 351 686 ut
372 653 412 687 te
429 646 609 701 supplex
629 654 832 702 peterem,
863 653 906 688 et
925 655 998 688 tua
1016 646 1156 688 limina
1177 645 1349 696 adirem,
1517 645 1596 686 110

853 703 1069 758 Gnatique
1085 705 1314 759 patrisque,

153 700 274 743 Idem
294 717 416 744 orans
435 704 632 746 mandata
650 705 794 746 dabat.

154 757 294 808 Alma,
315 774 480 813 precor,
501 761 712 809 miserere,
732 767 854 814 potes
874 774 1054 815 namque
1075 761 1226 811 omnia,
1242 773 1319 803 nec
1340 766 1380 801 te

154 815 456 870 Nequidquam
471 816 574 858 lucis
592 817 757 859 Hecate
772 816 963 871 praefecit
979 816 1185 868 Avernis;

154 871 200 911 Si
221 873 359 925 potuit
371 872 524 914 Manes
545 887 758 915 arcessere
771 874 962 928 conjugis
983 873 1202 928 Orpheus,

151 927 354 970 Threicia
373 929 507 971 fretus
527 930 688 972 cithara
707 929 949 984 fidibusque
965 932 1128 972 canoris
1144 948 1154 981 ;
1516 928 1595 968 120

153 984 200 1025 Si
219 985 392 1027 fratrem
412 985 568 1028 Pollux
588 987 750 1029 alterna
767 994 901 1028 morte
921 988 1114 1037 redemit,

150 1041 275 1095 Itque
291 1043 486 1097 reditque
505 1044 613 1085 viam
628 1045 765 1085 toties.

152 1097 270 1145 Quid
286 1114 511 1141 memorem
531 1100 713 1142 Alciden
729 1102 745 1141 2

826 1043 944 1090 Quid
964 1043 1151 1094 Thesea,
1172 1059 1370 1099 magnum

805 1100 865 1141 Et
879 1101 935 1142 mi
954 1115 1088 1154 genus
1108 1102 1162 1143 ab
1183 1101 1290 1142 Jove
1311 1115 1485 1143 summo.

208 1154 387 1197 Talibus
408 1157 557 1198 orabat
577 1158 712 1206 dictis,
729 1171 908 1210 arasque
929 1158 1124 1208 tenebat3

151 1211 296 1258 Quum
317 1214 374 1254 sic
395 1228 490 1254 orsa
509 1212 624 1268 loqui
640 1221 781 1255 vates:
814 1213 915 1254 Sate
932 1215 1134 1268 sanguine
1157 1214 1310 1264 divum,
1514 1211 1593 1252 1525

149 1267 262 1310 Tros
282 1268 555 1321 Anchisiade,
575 1271 706 1313 facilis
726 1271 953 1312 descensus
979 1269 1170 1321 Averno3

146 1389 303 1418 uberantis
313 1390 446 1429 (refusi)
460 1401 546 1429 aqua,
559 1391 760 1427 emissarium3
779 1391 852 1420 duc·

147 1431 210 1455 tum
230 1428 260 1456 id
276 1438 312 1456 ex
330 1429 469 1463 Platone,
492 1430 521 1457 in
540 1431 627 1467 eujus
648 1430 801 1458 Phaedone
823 1438 854 1466 p.

147 1467 216 1494 112.
240 1466 279 1494 Β.
307 1467 412 1505 Steph.
438 1477 465 1497 c.
489 1469 537 1496 62.
571 1469 715 1497 Tartarus
750 1477 854 1496 ornnes

150 1505 269 1542 recipit,
285 1515 362 1543 aqua
376 1509 472 1535 autem
483 1509 619 1541 αἰωρεῖται
635 1510 718 1541 ὁὴκαὶ
733 1509 853 1541 κυμαίνει

150 1547 204 1571 [ivm
227 1547 284 1572 etc.
327 1545 417 1581 Apud
438 1545 538 1573 Valer.
564 1546 612 1573 Fl.
630 1546 688 1579 IV,
713 1546 771 1573 594
793 1545 852 1573 illic

147 1582 253 1619 (juxta
267 1582 443 1611 Heracleam
458 1583 689 1622 Paphlagoniae)
714 1584 851 1612 Acheron

148 1625 323 1659 -—vastoque
345 1623 468 1650 extrudat
492 1622 572 1650 hiatu
594 1622 739 1658 Fumeus;
763 1626 793 1650 vt
813 1622 852 1650 de

149 1659 253 1687 eodem
278 1660 419 1698 Apollon.
442 1661 488 1694 ΙΙ,
509 1661 565 1689 745
587 1664 667 1692 κοίλη
692 1664 721 1689 δέ·
745 1662 852 1696 φάραγξ

150 1701 262 1733 κατάγει
278 1711 322 1732 μιν
338 1702 447 1727 ἄνωθεν.
488 1699 559 1737 Ipse
573 1699 650 1727 enim
670 1699 807 1728 Acheron
822 1699 851 1726 in

148 1735 217 1764 imis
232 1741 320 1765 terrae
336 1737 504 1766 radicibus:
528 1741 646 1766 Κυάνεον
660 1740 682 1765 δ’
702 1737 850 1771 Ἀχέρονθ’,

149 1775 178 1802 ’ὸς-
194 1777 250 1808 {xer
262 1778 402 1812 ῥιζώματα
412 1779 490 1817 γαίῃς
505 1776 850 1814 Orph.Hymn.XVII,

151 1814 207 1848 103
229 1814 308 1842 unde
322 1818 472 1852 tamquam
492 1815 690 1843 effervescens
715 1817 745 1843 et
765 1814 850 1842 ebul-

148 1850 223 1879 liens
250 1852 381 1890 erumpit
406 1853 435 1881 in
462 1863 588 1891 superas
616 1862 695 1881 oras.
736 1852 850 1881 Deliis

148 1889 222 1926 ipsis
242 1890 316 1919 locis
341 1891 462 1929 Ulyssis
487 1892 571 1921 aditu
585 1891 746 1920 celebratis
761 1901 851 1926 aiens

148 1928 283 1966 Lycoph.
293 1939 321 1957 V.
329 1930 386 1957 695
397 1933 439 1957 καὶ
449 1933 601 1965 ’χερουσίαν
610 1932 746 1964 Ῥόχθοισι
757 1933 852 1964 κυμαί-

149 1980 246 1995 νουσαν
261 1970 391 2002 οἴδματος
404 1974 491 2002 χύσιν,
505 1974 535 1998 et
550 1969 676 1998 eundem
688 1969 719 1998 in
731 1979 851 1997 sensum

149 2005 240 2034 Silius
261 2011 391 2035 eructare
415 2007 495 2036 dixit
522 2008 551 2036 in
571 2007 639 2036 loco
665 2018 702 2037 ex
727 2008 852 2036 Marone

150 2053 296 2081 expresso
314 2045 414 2080 XIII,
434 2047 491 2075 425
513 2056 613 2085 ,specus
635 2050 747 2075 eructat
771 2056 852 2075 acer-

148 2081 213 2110 bam
242 2082 344 2121 Cocyti
369 2084 433 2113 laxo
457 2085 609 2123 suspirans
633 2095 682 2114 ore
706 2085 850 2124 paludem.

150 2121 250 2150 Docta
273 2121 337 2150 haeo
361 2128 452 2159 sunt;
472 2124 540 2162 quis
564 2125 670 2162 neget?
725 2124 756 2153 Si
783 2124 851 2162 quis

149 2163 246 2188 tamen
262 2160 337 2198 ipsis
349 2162 450 2204 poetae
469 2162 572 2191 verbis
586 2162 716 2195 insistat,
742 2172 778 2191 ea
798 2162 852 2191 vix

149 2197 235 2226 aliter
261 2199 399 2236 accipiet,
421 2210 508 2238 quam
527 2201 663 2239 paludem
688 2201 853 2230 Acheronte

147 2237 247 2273 refuso
261 2237 372 2266 dictam
386 2247 453 2267 esse
468 2249 523 2276 pro
528 2239 663 2278 paludem
677 2239 852 2269 Acherontis

148 2275 250 2312 refusi,
262 2275 291 2303 h.
305 2285 332 2304 e.
348 2278 562 2306 exaestuantis:
586 2282 775 2312 ἀναχυθέντος.
803 2279 853 2307 Ita

149 2323 188 2342 ex
203 2313 352 2342 communi
372 2323 428 2343 usu
440 2319 578 2350 ἁνάχυσις,
590 2317 618 2345 in
631 2317 682 2345 illo
697 2317 853 2346 Strabonis

148 2352 192 2386 V,
206 2362 237 2390 p.
252 2353 320 2381 243.
336 2353 375 2380 D.
389 2352 427 2381 de
442 2353 607 2383 Acherusia
620 2356 731 2393 palude
740 2356 778 2385 ad
793 2356 854 2385 Cu-

152 2400 216 2419 mas
230 2391 273 2420 ita
285 2391 465 2429 exponentis
477 2403 482 2419 :
504 2394 662 2427 Ἀχερουσία
676 2397 770 2429 λίμνη,
784 2398 850 2422 ἀνά-

136 2436 141 2439 ”
152 2432 229 2463 χυσίς·
242 2443 282 2460 τις
298 2433 449 2464 τεναγώδης·
466 2433 620 2466 θαλάσσης,
635 2432 664 2460 11.
690 2442 717 2461 e.
731 2438 778 2462 est
792 2443 849 2462 338-

151 2468 280 2497 marium
294 2468 385 2497 maris
394 2478 448 2506 per
455 2473 563 2497 aestum
576 2471 753 2500 exundantis
761 2481 852 2510 supra

150 2505 250 2535 litora.
291 2507 364 2536 Fuit
384 2506 500 2536 scilicet
521 2507 550 2536 in
571 2507 615 2536 his
630 2508 705 2546 ipsis
719 2510 794 2538 locis
809 2510 848 2538 ad

151 2543 262 2574 Cumas
271 2545 358 2583 palus
369 2545 532 2574 Acherusia
540 2546 637 2584 (Plin.
646 2548 713 2583 III,
723 2551 740 2577 5
751 2549 851 2586 med.),

151 2592 241 2620 quam
264 2584 352 2613 Maro
378 2584 546 2623 intelligere
569 2584 666 2614 videri
690 2590 801 2624 potest,
823 2591 854 2616 et

152 2631 316 2651 memorare
329 2623 368 2652 ad
380 2623 561 2652 declaranda
574 2623 638 2652 haec
652 2623 729 2659 loca,
743 2625 771 2654 in
788 2625 853 2663 qui-

154 2660 212 2688 bus
232 2661 331 2690 aditus
353 2664 400 2690 est
416 2662 455 2692 ad
471 2661 538 2691 loca
555 2661 669 2697 infera3
689 2672 742 2692 nec
757 2667 855 2693 tamen

154 2708 207 2736 per
219 2698 328 2736 lacum,
342 2700 394 2730 sed
409 2710 464 2739 per
477 2704 559 2731 antra
571 2700 793 2733 vicina-*Mox
808 2712 855 2731 sa-

892 1401 943 1419 cra
961 1392 1047 1426 ostia,
1068 1395 1102 1419 ut
1124 1391 1321 1420 Homericum
1335 1392 1406 1426 θεῖα,
1428 1394 1458 1419 et
1471 1389 1520 1418 inf.
1534 1390 1592 1419 573

893 1431 968 1465 (non
992 1433 1027 1458 ut
1051 1429 1165 1467 Sena),
1191 1430 1276 1467 cujus
1302 1429 1383 1459 vocis
1409 1429 1593 1467 significatus

892 1467 1040 1496 latissime
1055 1472 1150 1506 patet,
1172 1472 1206 1497 ut
1220 1468 1250 1496 in
1265 1467 1377 1496 nostris
1399 1467 1509 1505 linguis
1522 1467 1594 1496 nihil

894 1506 943 1540 sit,
958 1506 1038 1543 quod
1054 1506 1127 1535 satis
1140 1507 1317 1544 respondeat
1332 1517 1339 1543 3
1360 1506 1391 1534 h.
1405 1506 1426 1534 1.
1441 1516 1507 1543 quae
1524 1515 1593 1534 cum

890 1545 1012 1573 horrore
1028 1545 1252 1574 adimus—116
1265 1544 1402 1573 ‘mandata
1420 1544 1506 1572 dabat
1525 1554 1593 1582 sup.

890 1583 930 1617 V,
945 1584 1001 1611 731
1017 1592 1084 1620 sqq.
1126 1584 1201 1612 Mox
1221 1584 1276 1612 118
1292 1583 1420 1612 Hecate:
1443 1593 1507 1611 nam
1525 1593 1592 1620 sup.

891 1631 920 1649 v.
933 1622 970 1650 35
987 1621 1090 1650 Phaebi
1106 1621 1267 1660 Triviaeque
1280 1622 1414 1651 sacerdos
1423 1621 1502 1650 dicta
1516 1625 1594 1650 erat.

891 1661 998 1689 ——119.
1011 1661 1066 1689 120
1080 1660 1143 1688 Aut
1153 1661 1351 1698 supplendum
1364 1660 1489 1689 alterum
1500 1670 1592 1688 mem-

893 1698 994 1726 brum:
1019 1699 1121 1736 quidni
1135 1702 1165 1727 et
1178 1699 1249 1727 mihi
1263 1699 1343 1727 adire
1358 1699 1468 1727 inferos
1484 1699 1593 1727 liceat?

892 1738 1045 1774 autjunge
1057 1748 1063 1765 ε
1079 1737 1403 1775 miserere—Sipotuit.
1424 1737 1512 1766 Statii
1526 1738 1592 1766 imi·

891 1776 1031 1804 tationem
1048 1775 1115 1804 vide
1129 1776 1205 1804 Silv.
1220 1777 1260 1809 V,
1275 1777 1305 1810 3,
1321 1777 1378 1805 271
1394 1786 1460 1814 sqq.
1481 1779 1593 1814 fretus,

889 1823 974 1842 usus.
1014 1813 1210 1843 Homericum
1231 1818 1375 1847 πεποιθὼς,
1395 1815 1444 1842 vel
1467 1818 1595 1852 πίσυνοςς

890 1856 921 1880 et
935 1852 964 1880 in
984 1852 1039 1880 hac
1060 1853 1126 1891 ipsa
1138 1863 1170 1882 re
1194 1854 1290 1891 Orph.
1310 1854 1384 1892 Arg.
1407 1854 1446 1882 42
1460 1856 1592 1895 Ἠμετέρῃ

891 1895 999 1920 πίσυνος·
1022 1895 1132 1931 κιθάρῃε
1162 1891 1262 1930 simpl.
1288 1901 1358 1930 pro:
1381 1901 1437 1930 ope
1457 1892 1592 1922 citharam

891 1930 930 1958 cf.
944 1931 1013 1958 sEn.
1030 1930 1086 1964 lv,
1099 1931 1167 1960 245.

930 1969 996 1998 1:21.
1012 1970 1068 1997 122
1090 1970 1130 1999 Ut
1152 1979 1220 1997 cum
1241 1969 1378 2003 Castore,
1403 1969 1454 2007 qui
1475 1970 1594 1999 mortali

891 2011 989 2044 patre,
1004 2008 1171 2045 Tyndareo,
1186 2012 1272 2036 natus
1287 2010 1360 2041 erat,
1384 2008 1592 2038 immortalita-

892 2050 953 2074 tem
967 2046 1196 2074 communicaret
1210 2046 1335 2081 Pollux,
1348 2046 1427 2076 Jove
1441 2051 1526 2084 patre
1542 2058 1593 2076 na-

890 2088 951 2117 tus,
962 2084 1018 2112 hoc
1035 2094 1051 2111 a
1065 2085 1122 2112 diis
1136 2085 1320 2122 impetravit,
1336 2090 1380 2118 ut,
1394 2085 1512 2122 quoties
1526 2086 1592 2123 ipse

892 2123 929 2151 ad
953 2123 1063 2151 inferos
1088 2132 1120 2151 se
1148 2122 1340 2157 contulisset,
1367 2123 1452 2151 fratri
1472 2123 1592 2154 interim

892 2161 973 2198 apud
988 2162 1060 2190 deos
1080 2161 1194 2189 versari
1213 2161 1326 2190 liceret.
1366 2161 1447 2190 HIno
1471 2161 1595 2191 alternis

893 2200 980 2228 sedes
1005 2203 1137 2228 mutatae.
1198 2199 1315 2228 Fabula
1342 2200 1423 2228 varie
1452 2210 1468 2228 a
1494 2202 1593 2239 poetis

890 2242 1019 2266 tractata
1043 2241 1074 2267 et
1101 2241 1213 2266 ornata.
1266 2238 1391 2267 Fundus
1418 2238 1534 2277 Odyss.
1561 2246 1591 2275 λ,

891 2278 959 2306 302.
972 2278 1029 2306 303
1044 2287 1051 2312 3
1073 2280 1103 2305 at
1118 2286 1146 2305 v.
1171 2276 1292 2305 Pindar.
1314 2277 1402 2305 Nem.
1418 2277 1463 2311 X,
1485 2279 1592 2308 103.—

893 2316 994 2345 Etiam
1015 2316 1150 2344 Theseus
1166 2319 1196 2344 et
1211 2315 1361 2344 Hercules
1382 2321 1593 2347 memorantur.

893 2358 1041 2393 quatenus
1060 2354 1169 2382 inferos
1191 2354 1304 2387 adiere,
1329 2364 1359 2382 v.
1381 2353 1431 2383 inf.
1454 2356 1512 2384 392
1527 2366 1594 2394 sqq.

889 2393 988 2423 Aliter
1009 2393 1064 2421 hoc
1085 2392 1152 2430 ipso
1173 2392 1250 2420 libro
1265 2396 1351 2421 sexto
1367 2403 1397 2422 v.
1419 2394 1477 2423 617
1492 2394 1594 2424 fabula

890 2432 927 2461 de
941 2432 1058 2460 Theseo
1068 2435 1209 2467 tractata3
1224 2431 1302 2459 unde
1312 2431 1509 2468 reprehensus
1523 2434 1594 2471 poe-

891 2475 921 2499 ta
932 2471 994 2508 jain
1009 2470 1081 2498 olim
1096 2470 1132 2498 ab
1148 2469 1289 2507 Hygin03
1309 2470 1373 2498 vid.
1386 2470 1465 2499 Gell.
1486 2471 1530 2507 X,
1546 2473 1594 2502 16.

890 2509 1054 2537 Enimvero
1070 2509 1158 2546 poeta
1173 2518 1230 2541 non
1244 2508 1394 2536 Theseum
1415 2509 1475 2538 isse
1495 2514 1525 2539 et
1547 2521 1595 2539 re-

892 2547 985 2576 diisse
1011 2550 1119 2579 narrat,
1156 2547 1209 2574 sed
1235 2546 1411 2584 Pollucem3
1444 2548 1594 2578 Theseum

893 2590 991 2614 autem
1012 2588 1126 2613 tantum
1146 2585 1190 2613 sic
1210 2586 1395 2622 memoravit,
1416 2592 1450 2615 ut
1470 2587 1508 2616 de
1528 2587 1593 2616 solo

892 2624 1055 2653 inferorum
1071 2624 1155 2652 aditu
1169 2628 1281 2662 ageret.

932 2663 989 2690 124
1013 2672 1082 2690 aras
1101 2662 1220 2691 tenebat.
1261 2662 1447 2693 Notissimus
1462 2673 1594 2702 praecan-

896 2701 1161 2732 nummos—126
1174 2701 1309 2731 Avernus
1332 2702 1361 2730 h.
1382 2702 1402 2731 l.
1427 2702 1524 2741 simpl.
1541 2711 1594 2739 pro

1301 2743 1371 2782 36
