1796 3077
227 270 321 314 652

230 384 376 430 Quum
395 384 493 433 ruit,
515 383 702 424 avulsum
723 390 862 431 vento,
883 397 957 423 seu
977 383 1171 424 turbidus
1191 384 1325 425 imber

656 266 699 301 P.
730 262 962 300 VIRGILII
993 263 1245 300 MARONIS

1590 385 1672 424 685

231 439 407 487 Proluit,
431 446 502 480 aut
522 439 639 479 annis
661 438 781 479 solvit
802 438 1000 493 sublapsa
1020 447 1221 487 vetustas,

230 495 384 536 Fertur
404 496 446 534 in
466 495 692 547 abruptum
712 510 864 548 magno
885 510 1003 535 mons
1023 495 1241 548 improbus
1261 502 1371 544 actu,

235 550 519 603 Exsultatque
540 550 654 599 sol03
687 550 822 599 silvas,
844 559 1044 599 armenta,
1066 552 1259 604 virosque

232 606 451 647 Involvens
472 621 636 646 secum:
668 607 845 659 disjecta
865 622 942 660 per
961 608 1128 661 agmina
1147 606 1321 647 Turnus

234 663 304 703 Sic
325 662 441 701 urbis
461 662 544 702 ruit
563 663 617 702 ad
637 677 791 711 muros,
812 664 886 703 ubi
905 663 1084 716 plurima
1104 663 1197 703 fuso
1595 663 1679 702 690

236 718 449 771 Sanguine
470 726 582 759 terra
602 719 754 767 madet,
777 719 1041 772 striduntque
1062 719 1283 759 hastilibus
1304 733 1441 767 aurae3

237 773 543 827 Significatque
564 789 702 823 manu,
724 782 765 815 et
786 790 936 828 magno
958 774 1078 815 simul
1098 776 1244 828 incipit
1265 789 1361 815 ore:

237 829 404 869 Parcite
421 831 521 883 jam,
546 830 721 880 Rutuli3
753 839 795 871 et
816 846 888 871 vos
909 830 992 871 tela
1008 831 1208 879 inhibete,
1232 831 1399 879 Latini,

236 885 526 940 Quaecumque
543 895 606 927 est
627 887 826 936 Fortuna,
848 901 941 927 mea
960 894 1023 927 est
1041 904 1049 935 ;
1081 902 1145 927 me
1165 888 1304 927 verius
1325 901 1454 926 unum

239 941 325 981 Pro
346 943 465 982 vobis
486 942 626 983 foedus
647 942 775 992 luere,
801 951 843 984 et
863 944 1090 984 decernere
1112 943 1237 983 ferro.

1597 943 1682 982 (395

238 997 484 1039 Discessere
505 1014 647 1039 omnes
668 1000 808 1047 medii,
829 999 1094 1052 spatiumque
1116 999 1286 1038 dedere.

295 1052 357 1093 At
377 1062 498 1107 pater
518 1055 695 1104 AEneas,
716 1055 860 1095 audito
881 1055 1045 1095 nomine
1066 1054 1220 1102 Turni,

239 1108 412 1150 Deserit
433 1118 475 1150 et
495 1126 648 1159 muros,
669 1119 711 1151 et
732 1125 912 1151 summas
932 1111 1090 1151 deserit
1109 1125 1226 1150 arces
1243 1126 1254 1158 3

240 1164 569 1219 Praecipitatque
589 1182 728 1207 moras
745 1181 888 1207 omnes
906 1184 914 1215 ;
947 1181 1077 1220 opera
1097 1167 1234 1207 onmia
1253 1166 1408 1218 rumpit
1426 1183 1435 1214 ;

240 1220 411 1261 Laetitia
430 1222 659 1271 exsultans,
677 1223 1018 1275 horrendumque
1039 1223 1201 1262 intonat
1222 1223 1345 1262 armis
1362 1237 1370 1260 :

1601 1222 1684 1262 700

241 1276 438 1322 Quantus
459 1276 613 1326 Athos,
636 1286 708 1318 aut
729 1286 910 1331 quantus
932 1278 1064 1330 Eryx,
1087 1285 1159 1317 aut
1177 1278 1283 1331 ipse,
1306 1278 1490 1318 coruscis

242 1332 386 1378 Quum
407 1332 545 1373 fremit
563 1333 742 1381 ilicibus,
764 1341 957 1386 quantus,
978 1334 1219 1386 gaudetque
1241 1333 1367 1372 nivali

242 1388 427 1436 vertice,
451 1403 494 1428 se
515 1388 708 1429 attollens
729 1397 850 1442 pater
871 1389 1121 1442 Apenninus
1142 1389 1196 1428 ad
1218 1403 1354 1428 auras.

241 1443 338 1483 Jam
363 1458 463 1484 vero
481 1451 522 1484 et
545 1444 692 1484 Rutuli
715 1446 919 1493 certatim,
940 1452 982 1484 et
1003 1444 1153 1493 Troes,
1176 1451 1219 1484 et
1240 1459 1383 1485 onmes
1426 1489 1433 1495 ,

245 1499 502 1540 Convertere
522 1500 664 1540 oculos
686 1500 792 1549 Itali,
814 1501 969 1554 quique
990 1500 1073 1540 alta
1094 1501 1294 1541 tenebant

1607 1502 1692 1541 705

245 1555 419 1604 Moenia,
441 1557 597 1609 quique
619 1558 720 1596 imos
741 1557 968 1611 pulsabant
990 1558 1120 1597 ariete
1141 1571 1283 1597 muros
1302 1573 1312 1605 ;

241 1693 303 1728 jam
324 1692 360 1720 ab
385 1691 521 1720 Homero
536 1695 693 1720 tractatam
713 1691 753 1719 Il.
774 1705 796 1724 υ,
812 1691 867 1719 137
882 1701 950 1730 sqq.

246 1730 376 1759 Hesiod.
402 1730 485 1758 Scut.
511 1730 569 1757 374
597 1740 663 1768 sqq.
688 1730 867 1758 437.-655.
890 1731 949 1759 6³:⁶6

247 1769 342 1797 Ornat
366 1777 523 1796 causarum
553 1768 772 1796 enumeratione
796 1771 825 1795 et
852 1768 949 1796 variat

246 1807 409 1834 orationem
423 1815 478 1843 pro
489 1806 603 1843 vulgari
618 1817 623 1832 z
639 1806 775 1834 avulsum
790 1809 879 1833 vento
896 1817 946 1835 seu

248 1845 342 1873 imbre
376 1853 430 1872 seu
465 1847 623 1872 vetustate.
652 1844 787 1881 sublapsa
823 1848 949 1872 vetustas

251 1883 327 1915 saxi,
355 1892 410 1919 pro
435 1891 510 1910 saxo
533 1881 676 1918 sublapso
697 1885 867 1910 vetustate:
889 1887 948 1910 tra-

247 1921 340 1948 ducto
359 1919 611 1948 attributa—687
631 1924 698 1947 actu
720 1919 880 1956 exquisite.
895 1919 949 1947 im·

247 1963 330 1994 putu,
344 1958 486 1994 impulsu.
507 1957 555 1994 ‘19²'
574 1967 628 1994 pro
643 1957 767 1989 moveri,
785 1958 949 1992 deturbari,

248 1995 336 2024 docte
352 1996 465 2024 dictum
479 2006 486 2030 3
508 1995 575 2023 hine
591 2000 681 2023 tutus.
698 2005 775 2023 mous
792 2004 846 2032 pro
860 2005 945 2030 saxo,

249 2039 281 2060 ut
297 2037 404 2070 augeat
416 2033 601 2069 phantasma,
618 2033 771 2071 improbus,
786 2033 900 2070 ingens,
915 2038 948 2062 ut

249 2071 287 2099 al.
310 2073 378 2100 653.
404 2072 462 2099 689
492 2071 552 2099 His
579 2076 743 2100 exornatur
770 2081 817 2099 res
846 2076 876 2099 et
903 2072 948 2099 in-

247 2110 358 2138 crescit
373 2108 541 2137 admiratio.
567 2109 644 2138 Haec
660 2109 754 2138 multo
769 2112 949 2143 ἐναργέστερα

248 2152 279 2175 et
303 2148 341 2175 ad
365 2157 484 2176 sensum
504 2147 671 2176 efficaciora
690 2148 772 2181 fiunt,
793 2148 818 2175 si
843 2147 949 2176 Graeca

248 2195 415 2223 compares,
436 2190 487 2213 aut
502 2186 527 2213 si
543 2186 580 2214 ad
594 2185 817 2223 simplicitatem
839 2186 948 2214 oratio-

249 2224 295 2251 nis
311 2223 445 2261 vulgaris
460 2223 574 2261 singula
588 2224 754 2262 redegeris,

287 2263 355 2290 690.
383 2263 440 2290 691
473 2261 669 2299 Simplicibus
707 2261 809 2290 verbis
844 2261 949 2290 eadem

250 2299 331 2327 dieta
345 2299 384 2327 Il.
399 2314 422 2333 v,
436 2300 507 2328 789.
525 2304 555 2328 et
572 2314 594 2328 ν.
609 2301 667 2329 692
680 2300 850 2336 comparari
871 2300 948 2328 solet

250 2347 317 2365 cum
334 2337 371 2365 Il.
386 2352 414 2371 -γ,
436 2339 491 2366 81:
515 2338 632 2375 Odyss.
653 2352 686 2372 ω,
705 2339 762 2366 529
779 2339 947 2375 sqq—692

250 2384 353 2412 magna
366 2385 442 2403 voce
458 2375 632 2404 infit—694
646 2376 742 2404 verius
762 2380 815 2408 est,
830 2376 945 2411 justius

250 2417 307 2445 est,
333 2423 380 2441 me
405 2423 496 2442 unum
511 2423 565 2451 pro
578 2414 714 2442 omnibus
729 2413 809 2451 rupti
823 2414 945 2442 foederis

248 2460 367 2487 poenam
388 2451 484 2484 luere,
506 2455 539 2479 ut
559 2453 622 2489 jam
647 2452 735 2480 Serv.
777 2452 855 2479 Nota
871 2461 946 2480 nuno

249 2488 335 2516 vocis
358 2498 440 2516 verus
467 2489 646 2527 significatio
667 2500 682 2518 e
707 2490 812 2527 graecis
841 2489 945 2518 adum-

249 2526 346 2560 brata,
373 2526 418 2553 vel
441 2536 479 2554 ex
506 2527 557 2555 illo
580 2528 770 2557 Horatiano:
790 2527 895 2555 iwerin*
915 2538 944 2556 sc

250 2573 388 2601 quemque
399 2574 450 2591 suo
463 2565 573 2593 modulo
586 2577 619 2594 ar·
631 2566 702 2604 pede
714 2575 809 2593 verum
823 2570 875 2593 est.

288 2602 344 2629 697
361 2611 396 2638 sq
421 2622 428 2629 .
443 2602 553 2630 AEneas
575 2614 641 2632 cum
659 2604 854 2641 comperisset
869 2604 945 2632 Tur⁴

251 2649 319 2668 num
343 2640 400 2668 hau
441 2639 528 2677 longe
551 2642 667 2676 abesse,
693 2642 722 2670 iu
744 2651 811 2670 eum
836 2642 894 2670 rujt
917 2646 947 2670 et

988 1702 1117 1730 pugnam
1133 1702 1198 1721 cum
1215 1701 1249 1721 eo
1261 1692 1439 1721 committit:
1461 1702 1562 1730 pu‘rua
1586 1696 1685 1722 tamen

988 1732 1096 1759 iterum
1111 1731 1261 1764 differtur,
1273 1731 1367 1759 fracto
1382 1731 1475 1759 Turni
1492 1718 1588 1769 gladio
1604 1733 1685 1769 ejus—

989 1779 1047 1806 que
1070 1769 1150 1807 fuga.
1190 1768 1360 1798 Praeclarus
1380 1769 1464 1797 locus
1482 1779 1487 1796 z
1510 1769 1639 1806 primum
1655 1770 1688 1797 iu

988 1807 1158 1835 exhibenda
1172 1807 1356 1845 impatientia
1371 1817 1462 1835 morte
1478 1811 1508 1835 et
1520 1808 1688 1836 festinatio-

988 1854 1037 1878 ne,
1065 1852 1127 1873 tum
1153 1846 1182 1873 in
1215 1845 1422 1883 phantasmate
1456 1846 1539 1874 mirae
1564 1845 1687 1874 heroum

988 1883 1204 1917 magnitudinis
1221 1888 1249 1911 et
1263 1883 1374 1920 speciei
1394 1883 1541 1921 corporis.
1563 1893 1690 1912 summas

988 1931 1080 1952 arcem
1099 1921 1128 1948 h.
1143 1921 1163 1949 l.
1180 1926 1292 1955 turres,
1308 1922 1398 1950 ardua
1419 1931 1582 1950 murorum.
1595 1926 1629 1949 ut
1643 1932 1690 1950 vs.

989 1961 1057 1987 705.
1087 1961 1106 1987 (5
1126 1960 1186 1988 alta
1210 1960 1311 1988 mcenia
1332 1960 1482 1997 oppositis
1505 1959 1569 1987 imis
1589 1960 1690 1988 muris.

981 1997 1204 2035 praecipitatque
1234 2007 1328 2026 moras
1350 2008 1455 2030 omnes,
1484 2001 1596 2030 ornate,
1620 1997 1690 2026 h.e.

988 2035 1093 2068 omnia,
1115 2046 1181 2073 quae
1204 2045 1271 2064 eum
1298 2035 1406 2063 morari
1430 2040 1580 2072 poterant,
1602 2036 1692 2064 sesti-

988 2077 1090 2101 nanter
1118 2074 1288 2110 agur—700
1319 2072 1430 2101 intonat
1461 2074 1563 2108 armis,
1589 2078 1691 2103 tantus

990 2110 1124 2148 corporis
1142 2111 1252 2148 specie,
1276 2115 1401 2148 quantus
1414 2111 1520 2139 Athos.
1563 2111 1639 2140 Nam
1653 2113 1691 2141 ad

988 2150 1137 2177 incessum
1160 2150 1224 2176 haec
1251 2153 1407 2185 spectant,
1428 2149 1526 2186 qualis
1548 2149 1693 2178 incedens

988 2187 1099 2215 AEneas
1121 2188 1302 2224 apparuerit.
1344 2187 1443 2215 Etiam
1470 2187 1586 2215 Hector
1609 2189 1690 2225 apud

989 2225 1154 2253 Homerum
1178 2225 1216 2252 Il.
1233 2239 1255 2257 υ,
1270 2226 1346 2253 754:
1369 2227 1477 2259 ὡρμήθη
1494 2230 1550 2259 ὄρει
1571 2230 1689 2261 νιφόεντι

989 2266 1089 2295 ἐοικὼς,
1104 2263 1156 2291 sed
1169 2263 1399 2291 ornatiusMaro
1414 2263 1530 2301 singula
1543 2263 1689 2292 montium

988 2301 1105 2329 nomina
1126 2301 1222 2338 ponit,
1244 2301 1325 2338 quod
1351 2301 1502 2330 efficacius
1523 2301 1560 2329 ad
1581 2311 1687 2330 sensus

986 2339 1150 2376 impulsum
1167 2346 1224 2367 est.
1260 2339 1358 2367 Duxit
1370 2339 1437 2368 hino
1451 2339 1597 2368 Miltonus
1607 2349 1689 2377 mag-

987 2377 1106 2405 nificum
1131 2387 1165 2404 ac
1192 2376 1320 2405 sublime
1346 2377 1421 2405 illud
1449 2378 1568 2405 Satanae
1593 2377 1687 2419 phan-

985 2419 1100 2447 tasma,
1135 2415 1243 2442 «liberal
1271 2415 1363 2449 stood,
1394 2415 1465 2443 Like
1499 2416 1628 2451 Teneriff
1656 2424 1689 2442 or

984 2452 1084 2485 Attae,
1100 2452 1284 2480 unremou'd:
1307 2453 1367 2481 His
1382 2457 1493 2481 stature
1513 2452 1630 2480 reach’d
1642 2452 1690 2481 Une

984 2491 1114 2528 sky,a11d
1131 2501 1167 2518 on
1187 2490 1231 2518 his
1247 2495 1321 2519 erest
1336 2491 1391 2519 Sat
1408 2491 1547 2519 Horrour
1567 2490 1687 2528 plum’d.

986 2528 1098 2557 Purad.
1124 2529 1195 2556 Lost
1224 2529 1280 2561 lv,
1309 2530 1474 2557 ost—702
1500 2537 1563 2555 curn
1585 2529 1688 2564 fremit

986 2570 1143 2595 ventorum
1156 2566 1313 2604 procellis:
1330 2567 1396 2594 hinc
1410 2571 1440 2595 et
1452 2575 1576 2594 coruscoe
1591 2566 1687 2599 ilices,

985 2605 1120 2633 variante
1149 2605 1266 2633 variato
1296 2605 1434 2632 arborum
1461 2608 1543 2631 motu
1573 2603 1640 2632 luce
1662 2608 1693 2632 et

987 2643 1099 2672 umbra.
1121 2643 1170 2671 Sic
1186 2644 1213 2676 1,
1228 2644 1284 2672 164
1298 2653 1304 2671 ι
1320 2642 1399 2671 silvis
1414 2652 1496 2670 scena
1511 2641 1694 2671 coruscis.—
