1796 3077
487 216 509 232 Ὗ
545 249 812 292 AENEIDOS.

867 248 969 288 Lm.
990 248 1083 287 xn.
1479 253 1574 300 647

126 370 330 425 Lyrnessi
351 370 499 411 domus
520 369 617 418 alta,
640 368 728 410 solo
750 366 968 410 Laurente
989 364 1242 420 sepulcrum.

125 426 253 467 Totae
273 427 381 467 adeo
402 440 614 467 conversae
633 426 757 472 acies,
779 437 1007 477 omnesque
1030 422 1185 471 Latini,

126 482 287 522 Omnes
309 482 584 522 Dardanidae.
646 479 912 528 Mnestheus,
935 493 1116 532 acerque
1138 478 1350 531 Serestus,

125 537 187 578 Et
209 537 436 591 Messapus
458 551 613 590 equum
633 536 827 584 domitor,
848 543 892 576 et
911 535 1031 576 fortis
1051 533 1220 587 Asylas,

1494 537 1579 578 550

125 592 452 646 Tuscorumque
472 591 672 647 phalanx,
695 591 969 644 Evandrique
988 590 1181 631 Arcades
1203 591 1306 633 alae:

126 648 213 688 Pro
235 663 278 689 se
299 650 492 702 quisque,
514 649 592 689 viri
614 661 774 688 summa
793 647 983 687 nituntur
1004 660 1132 699 opum
1152 648 1204 688 vi.

126 704 222 744 Nec
243 719 374 752 mora,
396 719 475 745 nec
497 704 663 757 requies
681 720 690 752 ;
721 709 841 743 vasto
862 702 1089 743 certamine
1111 704 1304 744 tendunt.

184 759 270 800 Hic
290 766 471 800 mentem
491 759 643 800 AEneae
669 758 879 798 Genetrix
899 757 1182 811 pulcherrima
1202 760 1326 808 misit,

128 815 216 856 Iret
235 822 282 855 ut
302 815 357 855 ad
377 829 534 862 muros,
556 815 735 867 urbique
756 814 998 854 adverteret
1018 828 1169 867 agmen

1493 814 1520 855 (Ξῖ

1524 814 1578 855 ὃ

129 870 278 918 Ocius,
301 877 343 910 et
365 870 506 909 subita
527 871 718 909 turbaret
739 868 857 909 clade
879 868 1070 909 Latinos.

127 925 204 966 Ille
224 932 284 973 ut,
306 926 518 979 vestigans
539 925 706 965 diversa
725 938 803 977 per
822 924 991 977 agmina
1012 923 1222 973 Turnum,

129 980 230 1022 Huc
250 988 377 1034 atque
397 981 481 1021 huc
504 981 614 1021 acies
636 979 892 1021 circumtulit
910 995 919 1020 :
951 980 1103 1033 aspicit
1123 981 1274 1021 urbem

129 1036 363 1078 Immunem
384 1036 488 1076 tanti
507 1035 620 1083 belli,
642 1042 770 1088 atque
792 1036 965 1088 impune
986 1036 1184 1088 quietam.

130 1092 343 1132 Continuo
364 1106 519 1145 pugnae
539 1091 731 1131 accendit
750 1091 919 1144 majoris
940 1091 1101 1144 imago,

1499 1090 1583 1130 560

129 1147 374 1195 lVlnesthea,
397 1148 727 1200 Sergestumque
749 1153 885 1193 vocat,
909 1146 1145 1198 fortemque
1167 1146 1399 1196 Serestum,

131 1203 359 1250 Ductores,
383 1201 672 1254 tumulumque
694 1202 834 1254 capit3
873 1216 957 1254 quo
977 1208 1117 1241 cetera
1141 1202 1356 1242 Teucrum

132 1258 357 1299 Concurrit
376 1257 500 1311 legio,
521 1271 599 1297 nec
620 1263 739 1297 scuta
759 1264 832 1296 aut
853 1256 1013 1308 spicula
1032 1257 1153 1296 densi

132 1314 383 1368 Deponunt.

445 1312 570 1353 Celso
592 1312 753 1352 medius
775 1318 888 1351 stans
911 1326 1066 1364 aggere
1088 1312 1226 1352 fatur:

131 1369 202 1410 Ne
223 1384 307 1422 qua
326 1368 428 1409 meis
449 1375 540 1408 esto
559 1367 682 1407 dictis
702 1381 841 1414 mora;
874 1366 1045 1419 Jupiter
1065 1367 1145 1407 hac
1167 1373 1248 1407 stat
1267 1383 1277 1416 3
1497 1366 1582 1406 565

134 1425 236 1465 Neu
257 1425 349 1477 quis
373 1425 427 1464 ob
447 1424 661 1476 inceptum
682 1422 867 1461 subitum
887 1421 987 1460 mihi
1010 1423 1177 1473 segnior
1198 1423 1269 1462 ito.

134 1480 298 1520 Urbem
318 1479 457 1527 hodie,
479 1493 647 1519 causam
667 1477 778 1525 belli,
798 1492 929 1530 regna
948 1478 1040 1530 ipsa
1062 1478 1218 1526 Latini,

133 1536 196 1576 Ni
216 1535 382 1575 frenum
403 1535 595 1587 accipere
623 1541 664 1574 et
685 1533 782 1572 victi
803 1547 952 1585 parere
973 1533 1170 1581 fatentur,

136 1592 310 1639 Eruam,
332 1598 374 1631 et
393 1605 515 1643 aequa
535 1589 622 1629 solo
644 1589 845 1629 fumantia
865 1588 1044 1628 culmina
1063 1603 1231 1641 ponam.

139 1646 308 1688 Scilicet
327 1653 584 1699 exspectem,
612 1645 742 1684 libeat
763 1644 862 1683 dum
883 1643 1031 1696 proelia
1052 1644 1201 1684 Turno

135 1703 297 1743 Nostra
317 1702 426 1755 pati3
459 1714 687 1753 rursusque
709 1699 807 1739 velit
826 1714 1074 1739 concurrere
1093 1701 1227 1740 victus
1245 1700 1262 1740 ἓ

137 1757 235 1799 Hoc
256 1764 398 1811 caput,
419 1772 444 1798 o
463 1758 586 1805 cives,
609 1756 701 1796 haec
720 1754 819 1796 belli
838 1770 996 1795 summa
1013 1754 1198 1796 nefandi.

137 1939 183 1965 tat
214 1935 253 1964 Il.
280 1948 312 1968 π,
337 1935 413 1963 787;
444 1937 496 1962 ἔνθ’
528 1938 580 1968 ἄρα
612 1945 667 1966 τοι,
694 1935 847 1966 Πάτροκλε,

142 1978 215 2010 φάνη
241 1977 349 2010 βιότοιο
373 1972 598 2006 wisurae—548
618 1980 761 1999 conversa?
784 1970 813 1996 h.
828 1969 848 1996 l.

139 2012 219 2040 inter
243 2021 276 2039 se
301 2011 337 2039 ad
361 2010 575 2048 pugnandum:
602 2013 634 2036 ut
661 2009 848 2042 σιιστρεφθείς.

135 2049 248 2087 Pugna
259 2059 315 2086 per
329 2052 420 2076 totam
433 2048 571 2084 utrinque
582 2047 675 2075 aciem
688 2045 845 2073 increbuit.

138 2088 236 2116 —552
250 2088 314 2116 Pro
327 2097 356 2114 se
377 2086 497 2123 quisque
510 2085 568 2113 *viri
577 2095 586 2112 :
609 2085 702 2113 verba
715 2083 845 2120 repetita

140 2135 181 2153 ex
195 2125 249 2153 lib.
270 2125 310 2157 V,
334 2125 402 2152 501.
444 2123 624 2160 Exemplum
645 2132 683 2150 ex
703 2121 788 2149 Anio
814 2120 844 2147 in

140 2163 296 2200 Meleagro
312 2162 415 2190 laudat
428 2161 541 2194 Ursin.,
564 2161 614 2189 ubi
636 2160 725 2188 etiam
740 2160 804 2187 Pro
817 2168 846 2186 se

141 2201 281 2238 quisque:
303 2199 382 2237 quod
408 2199 486 2227 inter
506 2199 679 2227 imitationis
703 2196 844 2233 exempla

143 2248 300 2276 perperam
320 2237 425 2265 refert.
466 2237 507 2265 Et
517 2238 578 2273 jam
594 2237 722 2264 alterum
737 2234 846 2263 hemis-

143 2276 279 2309 tichium,
294 2275 374 2312 quod
390 2275 451 2311 jam
467 2274 531 2308 IX,
553 2275 611 2303 532
624 2274 768 2308 vidimus,
784 2273 846 2300 En-

142 2314 262 2342 nianum
276 2323 343 2341 csse
356 2312 482 2341 Servius
496 2316 612 2341 monet:
627 2321 739 2340 samma
750 2311 846 2338 nitun-

143 2356 193 2380 tur
205 2361 287 2388 opum
300 2351 339 2378 vi.

185 2391 243 2418 554
257 2389 317 2417 Hic
332 2392 460 2419 mentem,
482 2387 635 2416 consilium
651 2386 786 2419 immisit,
806 2387 848 2414 in-

146 2427 234 2461 didit,
249 2428 372 2455 Venus:
391 2426 591 2463 pulcherrima,
611 2430 724 2454 tantum
745 2434 849 2452 ornans

144 2465 314 2502 epitheton.
367 2464 443 2492 Cum
472 2465 534 2500 jam
549 2464 724 2492 ‚novissima
758 2463 849 2490 totins

148 2503 219 2531 belli
232 2507 262 2531 et
276 2502 415 2530 carminis
427 2506 586 2539 parentur:
609 2511 644 2529 ea
655 2501 776 2538 quidem
791 2500 849 2536 ipsi

148 2541 217 2569 urbi
232 2541 413 2569 Laurentum
427 2539 552 2576 propius
569 2539 730 2567 admovere
753 2538 849 2566 voluit

147 2579 250 2616 poeta,
267 2582 301 2606 ut
313 2578 411 2606 omnia
431 2581 533 2605 essent
546 2576 612 2613 ipsa
628 2586 726 2605 rerum
747 2576 849 2613 specie

148 2620 179 2645 et
193 2616 343 2645 hominurn
364 2614 531 2653 frequentia
543 2614 731 2652 augustiora:
755 2618 848 2652 utque

151 2654 299 2692 peripetia
324 2653 426 2692 aliqua
452 2652 541 2682 etiam
564 2653 629 2682 haec
656 2656 748 2687 esset,
779 2662 847 2682 cum

888 1935 972 1960 autea
985 1932 1180 1970 Trojanorum
1195 1937 1294 1961 castra
1304 1936 1474 1970 oppugnata
1487 1937 1587 1962 essent

887 1979 903 1996 a
924 1970 1051 2003 Latinis,
1078 1974 1111 1998 ut
1133 1980 1209 1998 nunc
1227 1971 1330 1998 eadem
1356 1971 1474 1998 fortuna
1493 1975 1588 1998 trans-

888 2006 1017 2035 ferretur
1032 2008 1067 2035 ad
1084 2008 1315 2036 Latinos—556
1336 2009 1434 2037 clade:
1454 2009 1588 2046 proprie,

884 2049 965 2072 metu
980 2045 1086 2078 cladis,
1101 2050 1198 2083 capite
1213 2046 1307 2074 urbis.

922 2084 980 2110 500
1002 2083 1036 2110 In
1059 2093 1126 2120 sqq.
1148 2084 1343 2111 adumbratur
1355 2083 1496 2112 allocutio
1511 2083 1590 2112 mili-

886 2124 959 2148 tum.
1001 2122 1142 2149 Brevitas
1154 2124 1183 2149 et
1195 2121 1341 2157 asperitas
1351 2121 1380 2148 in
1394 2131 1428 2149 ea
1439 2131 1588 2150 commen·-

887 2159 983 2186 danda
1003 2160 1190 2186 venia—5135
1211 2159 1330 2196 Jupiter
1350 2159 1403 2186 Ιιασ
1425 2164 1504 2188 stat:
1533 2159 1589 2188 hac

887 2200 971 2233 parte
983 2196 1027 2233 311.
1040 2206 1094 2234 pro
1108 2200 1206 2225 nostra
1216 2200 1312 2233 parte.
1327 2197 1466 2233 Respicit
1476 2196 1590 2226 scilicet

885 2235 987 2262 sir-dus
1014 2244 1031 2262 a
1057 2235 1169 2262 Latinis
1193 2234 1446 2263 violatura-567
1472 2245 1588 2263 causam

886 2272 959 2300 belli.
1000 2273 1122 2300 Servius
1139 2273 1196 2300 ait:
1220 2273 1288 2309 quia
1302 2272 1365 2300 illic
1381 2276 1445 2300 erat
1455 2272 1590 2301 Lavinia.

886 2311 984 2338 Cerd'a
999 2311 1034 2338 ad
1050 2310 1185 2338 Amatam
1200 2311 1309 2338 refert:
1331 2313 1364 2337 ut
1380 2320 1408 2338 v.
1425 2312 1494 2338 600.
1527 2311 1589 2339 Im-

886 2358 934 2376 mo
959 2358 1029 2376 vero
1051 2348 1185 2383 graviore
1208 2358 1278 2376 usus
1302 2352 1348 2376 est
1372 2349 1463 2376 verbo
1489 2349 1591 2386 poeta.

889 2387 1038 2416 Auctcres
1054 2386 1123 2414 belli
1135 2390 1217 2414 erant
1232 2385 1342 2418 Latini,
1357 2385 1406 2423 qui
1420 2386 1531 2414 bellum
1544 2386 1590 2414 in-

889 2424 1028 2452 tulerant.
1068 2425 1158 2459 Quod
1173 2423 1287 2452 Latinis
1311 2424 1501 2452 tribuendum
1516 2428 1592 2458 erat,

890 2463 955 2490 urbi
973 2462 1093 2489 tribuit:
1124 2472 1191 2499 qua}
1209 2471 1278 2489 saue
1294 2471 1348 2489 arx
1361 2466 1425 2490 erat
1438 2461 1520 2490 belli.
1560 2463 1588 2491 A

890 2500 1076 2528 Laurentinis
1088 2500 1162 2527 enim
1175 2499 1257 2528 illata
1266 2503 1348 2528 erant
1362 2509 1453 2527 arma.
1494 2499 1545 2528 Sic
1559 2503 1590 2528 et

892 2548 920 2566 v.
934 2539 990 2566 572
1006 2537 1302 2575 accipiendus.—5GS
1316 2537 1412 2566 urbem
1426 2541 1456 2566 et
1468 2537 1537 2565 victi
1551 2538 1588 2565 ad

889 2586 1018 2609 sensum,
1041 2586 1096 2603 non
1122 2576 1327 2614 grammatice,
1347 2575 1589 2613 posituim—572

887 2618 973 2651 caput
990 2613 1055 2642 belli
1074 2618 1101 2642 et
1123 2623 1233 2642 summa
1253 2617 1300 2642 est
1318 2613 1388 2651 ipsa
1408 2613 1589 2641 Laurentum

888 2652 971 2687 urbs,
992 2655 1137 2689 quatenus
1158 2651 1209 2681 illa
1230 2655 1321 2690 caput
1342 2655 1388 2681 est
1401 2650 1506 2689 populi
1524 2650 1588 2679 bel-
