1796 3077
254 217 343 262 112

251 334 342 373 Ora
361 333 501 375 fovent
519 332 600 380 illo,
631 339 673 372 et
689 331 858 372 senibus
879 330 1140 371 medicantur
1159 331 1333 374 anhelis.

675 213 718 250 P.
750 212 979 249 VIRGILII
1012 211 1262 250 MARONIS

1623 327 1702 394 135

306 391 393 432 Sed
409 405 545 445 neque
566 387 808 437 Medorum,
843 387 956 428 silvae
976 386 1190 437 ditissima,
1224 397 1349 439 terra,

247 446 342 489 Nec
364 447 540 502 pulcher
561 445 736 499 Ganges
759 452 886 499 atque
906 458 1010 485 auro
1031 445 1226 486 turbidus
1246 446 1431 488 Hermus

248 503 468 546 Laudibus
488 502 620 544 Italiae
639 509 824 552 certent3
855 516 939 543 non
960 500 1129 552 Bactra,
1160 517 1297 557 neque
1318 503 1427 554 Indi,

245 558 442 615 Totaque
464 559 646 601 turiferis
667 558 882 600 Panchaia
902 559 1069 613 pinguis
1088 561 1237 601 arenis.

246 617 352 659 Haec
373 618 463 658 loca
482 632 565 658 non
585 616 694 657 tauri
714 617 920 671 spirantes
940 616 1110 656 naribus
1131 617 1269 671 ignem

1621 621 1635 660 l
1644 621 1701 662 40

244 675 471 723 Invertere,
505 675 602 715 satis
623 674 811 714 immanis
832 673 1029 714 dentibus
1049 672 1186 727 hydri,

244 731 338 772 Nec
358 731 487 786 galeis
510 731 734 784 densisque
755 731 889 772 virum
909 744 1029 784 seges
1050 729 1213 771 horruit
1233 730 1387 781 hastis3

243 788 329 828 Sed
350 788 534 843 gravidae
555 788 698 842 fruges
719 796 761 828 et
784 787 944 829 Bacchi
965 786 1175 828 Massicus
1196 787 1347 828 humor

241 844 498 900 Implevere3
530 852 675 886 tenent
694 844 797 885 oleae
819 851 1090 897 armentaque
1110 844 1220 885 laeta.

241 902 355 943 Hinc
375 901 553 943 bellator
572 917 705 956 equus
726 916 875 956 campo
897 915 988 942 sese
1007 901 1166 942 arduus
1185 901 1332 951 infert3
1620 904 1699 945 145

243 958 355 999 Hinc
376 959 472 1009 albi,
506 954 924 1013 Clitumncjgreges,
955 965 997 998 et
1017 959 1210 1008 maxima,
1242 965 1400 1009 taurus,

240 1015 438 1065 Victima,
468 1030 582 1069 saepe
603 1022 677 1056 tuo
698 1015 857 1069 perfusi
879 1015 1050 1055 flumine
1072 1029 1192 1056 sacro

240 1071 456 1113 Romanos
477 1073 531 1113 ad
553 1071 709 1126 templa
729 1071 856 1114 deum
876 1073 1038 1112 duxere
1059 1071 1309 1129 triumphoS.

239 1129 324 1170 Hic
343 1145 415 1170 ver
435 1129 661 1178 assiduum,
694 1136 821 1183 atque
843 1129 987 1170 alienis
1007 1130 1219 1169 mensibus
1239 1137 1385 1180 aestas3

238 1186 313 1226 Bis
333 1187 518 1241 gravidae
539 1186 738 1240 pecudes,
769 1186 834 1226 bis
852 1185 985 1240 pomis
1006 1184 1117 1225 utilis
1138 1187 1278 1227 arbos.
1619 1190 1699 1229 150

237 1242 299 1284 At
319 1243 478 1283 rabidae
500 1243 628 1297 tigres
646 1244 799 1283 absunt
820 1250 862 1283 et
884 1257 993 1283 saeva
1010 1241 1177 1283 leonum

238 1300 429 1349 Semina3
463 1314 539 1340 nec
561 1300 733 1340 miseros
756 1299 903 1340 fallunt
923 1299 1088 1340 aconita
1107 1299 1294 1353 legentes
1312 1316 1322 1349 3

236 1355 333 1398 Nec
349 1358 458 1411 rapit
477 1357 698 1398 immensos
719 1358 845 1398 orbes
866 1372 942 1411 per
962 1355 1148 1407 humum,
1179 1371 1316 1411 neque
1334 1363 1452 1397 tanto

235 1465 286 1493 tiae
298 1464 370 1498 oris,
386 1466 475 1494 etiam
488 1464 608 1493 Plinius
620 1464 735 1493 monuit
746 1465 851 1494 eodem
863 1466 945 1501 loco3

226 1506 339 1540 δῙὶιτνριιί,
369 1504 397 1532 h.
425 1508 540 1537 curant,
568 1506 756 1537 θεραπεύουσι,
783 1514 851 1532 cum
878 1514 948 1532 mox

236 1542 437 1571 substituatur
457 1542 643 1570 medicantur.
685 1542 741 1570 Est
759 1543 836 1570 eniw
855 1552 948 1580 genus

234 1591 326 1615 curm,
352 1581 525 1613 calefacere,
554 1581 675 1609 reticere
704 1580 819 1609 modico
841 1581 949 1615 calore,

234 1620 314 1656 quod
330 1621 450 1658 proprie
464 1624 512 1649 est
525 1621 647 1657 fovet-35
669 1618 737 1648 bine
751 1619 840 1648 latius
855 1620 943 1648 etiam

234 1660 272 1686 de
288 1658 364 1687 aliis.

276 1697 429 1726 136-176
449 1697 591 1735 Sequitur
610 1696 828 1735 signatissimus
849 1697 943 1731 locus,

234 1745 359 1772 quocum
376 1736 413 1764 cf.
436 1736 514 1764 Plin.
534 1735 587 1763 lib.
607 1739 688 1763 extr.
702 1735 829 1772 Dionys.
842 1735 944 1764 Halic.

238 1774 264 1808 I,
284 1775 332 1803 36.
373 1774 469 1802 Varro
496 1774 536 1802 R.
557 1773 597 1801 R.
620 1774 648 1806 l,
668 1774 718 1808 2.;
745 1773 890 1810 digressio
913 1773 943 1801 in

234 1812 337 1841 laudes
350 1812 460 1841 Italiae.
501 1811 567 1840 Neo
581 1811 695 1844 Media,
716 1811 802 1839 malis
815 1812 877 1840 suis
901 1812 943 1839 fe-

234 1849 289 1883 lix,
310 1861 405 1888 neque
420 1850 507 1879 India
526 1849 649 1888 proprie
663 1850 743 1877 dicta
755 1850 790 1877 ad
800 1849 942 1888 Gangem,

235 1894 285 1917 aut
303 1889 408 1926 Lydia,
431 1890 517 1926 cujus
532 1892 578 1916 est
601 1888 711 1916 aurifer
730 1887 839 1916 fluvius
863 1888 943 1917 Her-

234 1937 311 1961 mus,
333 1938 350 1956 e
370 1927 504 1966 Phrygia
522 1927 715 1960 descendens,
739 1930 768 1954 et
788 1937 858 1955 mox
875 1937 942 1955 cum

234 1966 358 1994 Pactolo
372 1966 476 1995 eodem
491 1966 574 1994 alveo
584 1965 744 2004 profluens,
759 1975 813 1993 nec
826 1965 943 1995 Bactri-

233 2014 297 2038 ana,
320 2015 412 2042 neque
429 2004 592 2042 AEthiopia,
614 2008 676 2037 aut,
700 2003 725 2032 si
742 2004 848 2037 mavis,
874 2004 942 2033 reli-

232 2053 291 2080 qua
305 2044 401 2076 India,
420 2053 514 2081 neque
535 2043 646 2071 Arabia
665 2052 734 2070 cum
755 2042 844 2071 Italia
863 2053 942 2072 com-

232 2082 330 2118 parari
344 2086 463 2120 potest3
485 2081 579 2110 multo
596 2081 692 2110 minus
711 2081 841 2117 Colchis,
862 2091 942 2111 mon-

233 2121 304 2149 stris
320 2121 446 2153 infamis,
468 2130 499 2149 v.
520 2121 588 2149 140.

272 2161 329 2188 136
349 2159 451 2188 Media
465 2169 518 2187 seu
533 2158 651 2188 omnino
663 2158 785 2193 silvosa,
808 2168 860 2187 seu
880 2169 942 2188 res-

231 2203 320 2235 pectu
335 2198 478 2226 malorum
496 2208 541 2228 vs.
563 2198 738 2226 127.—-137.
758 2207 831 2226 auro
850 2197 942 2226 turbi-

230 2236 284 2263 dus
310 2236 439 2265 Hermus
466 2246 519 2274 per
548 2237 688 2274 oxymori
722 2237 854 2274 speciem
888 2247 942 2274 pro

232 2274 348 2303 aurifer.
389 2275 553 2312 Expressit
572 2276 648 2304 hunc
669 2275 767 2304 locum
790 2275 942 2304 Martialis

236 2313 338 2351 Epigr.
358 2313 453 2345 VIII.
477 2315 527 2347 78,
546 2315 574 2342 5.
595 2314 711 2342 turbato
724 2314 857 2342 sordidus
869 2324 941 2342 auro

229 2351 469 2381 Hermus.-139
488 2352 644 2381 Panchaia
665 2352 801 2381 fabulosa
814 2353 941 2382 Eueme-

230 2390 256 2418 ri
272 2390 377 2425 insula,
399 2390 519 2419 Arabiae
534 2391 571 2420 ab
589 2391 711 2420 Oriente
725 2392 852 2429 objecta,
867 2402 942 2420 nunc

231 2439 288 2467 pro
301 2429 368 2467 ipsa
389 2429 517 2465 Arabiam,
536 2429 665 2468 pinquis,
685 2434 735 2459 aut
755 2434 880 2469 propter
893 2434 941 2459 tus

230 2468 354 2511 pingue,
376 2468 455 2506 quod
479 2468 585 2497 resinae
608 2473 742 2497 naturam
766 2469 865 2503 habet,
890 2473 943 2498 aut

231 2507 355 2542 fertiles,
378 2506 510 2545 turiferis
524 2506 632 2542 arenis,
654 2507 718 2536 solo
737 2517 871 2542 arenoso,
892 2507 941 2536 cui

230 2545 331 2574 frutex
358 2545 433 2574 turis
460 2546 630 2581 innascitur,
659 2546 688 2575 h.
714 2556 770 2584 pro
797 2550 874 2581 ture,
901 2547 939 2575 de

253 2593 290 2612 uo
315 2593 344 2611 v.
366 2583 445 2612 Plin.
468 2584 550 2618 XII,
573 2586 609 2613 14
634 2595 658 2614 s.
683 2595 749 2624 sqq.
789 2585 826 2613 In
850 2594 940 2623 prosa

230 2593 347 2651 diceres
359 2633 365 2650 ;
378 2622 486 2651 habens
496 2623 601 2657 solum,
611 2624 690 2661 quod
700 2624 757 2652 fert
763 2624 870 2662 pingue
879 2628 939 2652 tus.

271 2662 423 2689 149--143
444 2661 525 2689 Nota
540 2662 639 2689 sabula
657 2663 693 2690 de
716 2662 853 2691 dentibus
871 2663 937 2691 dra-

230 2699 310 2729 conis
324 2701 359 2730 ab
374 2699 493 2736 Jasone,
515 2700 552 2732 ad
573 2700 664 2729 vellus
682 2710 802 2732 aureum
824 2711 937 2739 expug-

987 1464 1113 1493 nandum
1137 1464 1268 1493 Colchos
1292 1464 1436 1502 profecto,
1462 1466 1547 1499 satis,
1574 1470 1607 1498 et
1625 1466 1702 1496 viris*

989 1504 1109 1531 armatis
1123 1503 1187 1531 hinc
1202 1502 1305 1531 enatis.
1320 1513 1350 1531 v.
1364 1504 1501 1542 Apollon.
1518 1505 1617 1535 Rhod.
1632 1507 1698 1535 ΙΙΙ.

988 1542 1046 1570 1109
1052 1551 1118 1579 sqq.
1126 1542 1237 1570 horruit
1245 1542 1375 1570 ornatius
1382 1553 1480 1581 quam,
1487 1545 1600 1578 extitit,
1611 1545 1699 1579 exiit,

990 1584 1059 1608 nata
1073 1584 1128 1609 est.
1159 1580 1273 1609 Versus
1286 1581 1342 1609 140
1356 1581 1515 1611 translatus
1526 1592 1564 1611 ex
1578 1584 1699 1612 Lucret.

984 1618 1024 1652 V,
1045 1620 1085 1647 29
1124 1618 1168 1647 Et
1181 1618 1331 1648 Diomedis
1345 1620 1411 1658 equi
1420 1620 1566 1658 spirantes
1578 1621 1700 1651 naribus

983 1657 1087 1695 iyuem.
1127 1658 1205 1686 Tum
1221 1658 1278 1686 143
1291 1659 1396 1696 sruyes
1407 1659 1546 1697 yravitlae,
1561 1660 1652 1694 laetae,
1665 1671 1696 1695 v,

984 1697 1021 1724 ad
1036 1697 1090 1724 Ge..
1103 1696 1130 1731 Ι,
1151 1697 1218 1725 319.
1242 1696 1330 1725 Mons
1340 1697 1498 1733 Massicus,
1515 1698 1697 1738 Campaniae,

984 1735 1021 1763 ad
1037 1735 1221 1770 Sinuessam,
1236 1735 1348 1764 vitibus
1361 1736 1502 1766 consitus.

1022 1773 1175 1802 145—147
1208 1774 1401 1804 Ornatissimi
1428 1785 1534 1804 versus
1561 1785 1632 1814 pro:
1666 1776 1697 1805 in

983 1810 1072 1838 Italia
1086 1811 1154 1839 boni
1172 1812 1241 1849 equi
1255 1816 1285 1840 et
1307 1813 1400 1842 boves
1422 1818 1591 1843 nascuntur.
1633 1815 1696 1844 Cli-

980 1852 1107 1883 tumnus,
1136 1849 1270 1878 Uinbriae
1299 1850 1342 1878 cis
1374 1852 1559 1889 Apenninum
1576 1853 1697 1888 fluvius,

982 1886 1043 1924 qui,
1061 1888 1151 1924 juxta
1163 1888 1268 1916 urbem
1284 1888 1455 1918 Mevaniam
1468 1891 1561 1919 Tiniae
1580 1892 1697 1920 admix-

983 1931 1044 1959 tus,
1066 1935 1133 1954 cum
1145 1935 1180 1954 eo
1196 1926 1233 1954 ad
1248 1926 1379 1955 Tiberim
1394 1928 1559 1957 descendit.
1589 1930 1699 1968 Campi

984 1964 1150 2001 adjacentes
1172 1965 1330 1993 etiamnum
1353 1967 1494 1995 armentis
1512 1967 1695 2005 opulenti.—

982 2002 1163 2041 (ΛΜΨ-0993,
1185 2003 1254 2041 quia
1264 2003 1391 2032 fluminis
1403 2004 1487 2048 aquis
1499 2015 1533 2034 ea
1543 2006 1588 2034 vis
1597 2006 1697 2036 inesse

982 2042 1153 2079 putabatur,
1167 2045 1201 2070 ut
1212 2046 1341 2071 armenta
1349 2043 1468 2072 candzdo
1477 2044 1576 2073 colore
1587 2050 1696 2074 essent.

983 2079 1086 2108 Simile
1101 2080 1173 2118 quid
1186 2081 1331 2109 creditum
1347 2082 1384 2110 de
1400 2082 1529 2111 Galaeso.
1550 2093 1569 2112 v
1590 2083 1695 2122 Intpp.

983 2118 1019 2147 ad
1042 2119 1150 2148 Horat.
1172 2119 1207 2148 C.
1230 2119 1278 2154 ΙΙ,
1298 2121 1328 2154 6,
1353 2121 1400 2149 10.
1442 2120 1567 2156 Taurus,
1588 2123 1626 2151 ab
1649 2123 1694 2151 his

983 2157 1063 2186 arvis
1077 2158 1234 2192 adductus,
1255 2159 1396 2187 candidus
1411 2159 1524 2188 victima
1537 2160 1565 2189 in
1589 2161 1693 2190 trium-

982 2195 1044 2234 pho
1077 2195 1293 2225 immolabatur.
1344 2197 1387 2226 Hi
1412 2198 1489 2227 tauri
1520 2209 1587 2228 cum
1625 2203 1694 2228 ante

983 2234 1193 2273 triumphantis
1211 2245 1332 2264 currum
1351 2237 1539 2272 ducerentur,
1561 2238 1619 2276 ipsi
1641 2238 1691 2267 du-

981 2283 1043 2302 cere
1055 2274 1212 2312 trimnphos
1223 2274 1261 2302 ad
1273 2276 1378 2313 templa
1390 2276 1537 2306 (licuntur.

1020 2313 1076 2342 149
1095 2312 1197 2342 alienis
1207 2313 1347 2342 mensibus
1357 2319 1454 2348 (estas,
1468 2315 1609 2344 hibernis.
1641 2315 1691 2344 Ex

981 2351 1100 2380 Lucret.
1129 2351 1158 2385 I,
1178 2352 1231 2380 181
1257 2351 1341 2387 Quod
1363 2353 1390 2381 si
1412 2353 1445 2382 ‹Ie
1468 2353 1558 2382 nihilo
1581 2355 1690 2389 fierent,

980 2389 1074 2418 subito
1085 2394 1270 2419 exorerentur
1282 2390 1398 2420 Incerto
1411 2392 1505 2425 spatio
1518 2396 1605 2430 atque
1622 2391 1692 2420 alie-

981 2427 1027 2455 ηὶς
1045 2429 1181 2466 partibus
1204 2429 1382 2459 (mni.—150
1411 2431 1494 2459 Oves
1514 2434 1545 2459 et
1567 2431 1690 2459 arbores

983 2466 1102 2504 biserae3
1123 2468 1204 2496 utilis
1217 2478 1272 2506 pro
1296 2469 1417 2504 fertilis,
1439 2469 1476 2498 ab
1491 2468 1618 2506 effectu3
1637 2469 1691 2498 inf.

979 2505 1047 2534 323.
1067 2517 1117 2535 ‘uer
1130 2507 1201 2535 utile.
1212 2507 1305 2536 silvis.

1017 2546 1170 2574 151—154
1187 2546 1277 2575 Caret
1290 2546 1379 2575 Italia
1391 2547 1518 2574 ferarum
1533 2545 1688 2581 monstris,

978 2585 1130 2613 venenatis
1138 2585 1258 2624 plantis,
1270 2591 1300 2614 et
1310 2585 1468 2629 reptilibus
1479 2595 1485 2612 ε
1496 2594 1572 2613 saeva
1579 2585 1690 2613 leonum

978 2623 1094 2657 semina,
1121 2624 1155 2652 h.
1176 2627 1250 2659 γένη,
1277 2634 1351 2652 saevl
1374 2623 1484 2657 leones,
1511 2633 1549 2652 ex
1577 2624 1688 2652 Lucre-

978 2663 1055 2691 tiano
1076 2662 1141 2698 ΙΙΙ,
1166 2664 1221 2691 741
1250 2663 1332 2691 triste
1351 2662 1460 2690 leonum
1480 2661 1685 2692 Sentianum—-

979 2703 1036 2732 153
1057 2705 1148 2740 tauto,
1169 2706 1228 2732 tam
1243 2702 1340 2739 long-0,
1361 2710 1448 2739 quam
1464 2700 1543 2731 alibi.
