1796 3077
623 212 894 252 AENEIDOS.
951 214 1050 253 LIB.
1081 216 1113 254 1.

1504 223 1593 266 231

145 333 304 391 Impius
323 340 418 377 ante
438 349 531 376 aras
554 342 680 391 atque
702 338 793 379 auri
811 351 949 379 caecus
971 351 1112 379 amore

146 392 264 434 Clam
284 393 394 434 ferro
414 393 627 434 incautum
647 402 830 448 superat,
847 409 1017 436 securus
1038 408 1224 435 amorum

1507 394 1592 436 350

147 448 372 491 Germanae
389 466 400 501 ς
431 449 672 504 factumque
692 452 766 492 diu
786 451 947 501 celavit,
969 458 1012 492 et
1032 465 1201 505 aegram,

144 505 285 547 Multa
303 506 435 547 malus
457 507 667 555 simulans,
688 523 793 549 vana
813 523 887 563 spe
907 507 1006 549 lusit
1026 515 1247 549 amantem.

141 561 242 616 Ipsa
263 564 338 604 sed
357 564 400 604 111
420 565 571 605 somnis
591 565 798 605 inhumati
817 565 930 605 venit
945 566 1082 618 imago

142 618 348 674 Conjugis
366 638 375 670 ;
408 636 482 661 ora
501 622 634 662 modis
655 621 848 662 attollens
868 621 1026 676 pallida
1045 622 1170 671 miris,

144 675 339 717 Crudelis
360 693 453 718 aras
474 681 732 732 trajectaque
752 686 924 732 pectora
944 678 1055 719 ferro
1508 677 1533 716 3

1537 677 1561 717 §n

1565 677 1590 717 Εἴ(

141 731 347 783 Nudavit,
369 750 610 788 caecumque
631 736 779 776 domus
800 735 935 776 scelus
957 750 1077 776 omne
1097 733 1265 774 retexit.

140 787 255 831 Tum
275 791 458 832 celerare
479 792 621 845 fugam
641 793 861 845 patriaque
882 793 1090 833 excedere
1112 792 1273 840 suadet,

140 844 443 901 Auxiliumque
458 848 535 887 viae
551 855 714 888 veteres
735 848 884 888 tellure
904 848 1085 889 recludit

140 901 398 953 Thesauros,
420 905 608 958 ignotum
629 905 792 958 argenti
811 904 978 958 poncius
1000 912 1043 945 et
1062 905 1167 944 auri.

138 959 221 1001 His
238 968 445 1002 commota
464 960 608 1015 fugam
630 960 747 1001 Dido
769 961 989 1015 sociosque
1009 962 1202 1015 parabat.

1507 959 1590 999 360

140 1017 421 1066 Conveniunt,
443 1019 598 1071 quibus
619 1025 692 1058 aut
713 1018 855 1057 odium
875 1017 1046 1058 crudele
1068 1017 1236 1070 tyranni

142 1073 230 1116 Aut
251 1082 386 1115 metus
402 1089 501 1115 acer
522 1081 634 1124 erat3
666 1089 805 1123 naves,
828 1089 923 1128 quae
944 1074 1052 1114 forte
1072 1080 1244 1127 paratae,

140 1130 399 1185 Corripiunt,
422 1137 682 1184 onerantque
703 1145 805 1171 auro
824 1148 832 1179 3
865 1138 1089 1184 portantur
1110 1131 1224 1170 avari

138 1186 423 1242 Pygmalionis
444 1202 547 1241 opes
568 1187 720 1241 pelago
738 1205 746 1236 ;
781 1187 869 1226 dux
890 1187 1042 1227 femina
1062 1187 1176 1227 facti.

138 1244 364 1285 Devenere
384 1243 512 1293 locos,
534 1245 607 1284 ubi
628 1258 738 1284 nunc
758 1244 945 1296 ingentia
965 1259 1111 1284 cernes

138 1300 303 1342 Moenia
325 1308 651 1355 surgentemque
672 1315 792 1341 novae
811 1300 1079 1354 Carthaginis
1101 1313 1253 1347 arcem,

1508 1242 1591 1281 365

137 1357 406 1412 Mercatique
428 1357 574 1406 solum,
598 1357 698 1397 facti
720 1357 773 1397 (10
796 1357 963 1397 nomine
987 1357 1179 1410 Byrsam,

137 1415 328 1456 Taurino
349 1421 552 1468 quantum
571 1421 746 1468 possent
767 1414 1028 1455 circumdare
1050 1421 1185 1466 tergo.

138 1472 226 1513 Sed
245 1487 319 1512 vos
339 1471 412 1524 qui
428 1471 610 1520 tandem,
632 1471 787 1524 quibus
808 1477 880 1510 aut
901 1471 1069 1510 venistis
1093 1471 1146 1510 al)
1169 1468 1265 1517 oriS,

139 1529 292 1577 Quove
312 1528 463 1569 tenetis
483 1529 592 1569 iter?
625 1528 847 1574 Quaerenti
868 1526 1020 1567 talibus
1040 1526 1107 1567 illc
1505 1523 1591 1565 070

133 1660 189 1689 int.
229 1661 389 1699 Sychaeum
409 1664 440 1689 et
460 1660 703 1698 Pygmalionem.
743 1660 844 1688 Furor

134 1700 161 1728 si
185 1700 349 1729 nificantius
378 1709 467 1737 quam
492 1700 547 1734 ira,
578 1699 844 1728 ini111icitia.—350

136 1711 222 1767 Οῗανη
243 1740 330 1776 ferro
359 1738 502 1766 incautum
529 1742 656 1776 superat,
687 1738 842 1776 opprimit,

133 1780 232 1805 necat.
271 1777 397 1805 Securus
408 1786 537 1805 amorum
551 1787 706 1815 yermanae,
728 1777 768 1805 nil
791 1786 843 1804 011-

135 1825 205 1844 rans
220 1825 361 1850 amorem,
386 1825 446 1854 quo
461 1815 512 1844 illa
526 1816 666 1844 maritum
681 1815 841 1853 amplecte-

134 1854 234 1889 batur,
251 1865 285 1883 ne
299 1864 336 1883 ea
352 1855 476 1892 quidem
496 1854 678 1893 cogitatione
695 1864 712 1882 a
727 1853 840 1882 scelere

133 1897 306 1927 revocatus,
328 1893 410 1931 quod.
423 1893 531 1927 sorori,
549 1902 616 1931 quae
633 1892 720 1921 valde
736 1894 842 1930 conju-

134 1941 203 1970 gem
218 1933 346 1965 amabat,
359 1941 490 1960 summos
505 1931 607 1960 luctus
620 1934 747 1960 crearet.
763 1931 840 1965 VII,

132 1971 212 1999 303..
244 1970 352 2009 Optato
377 1970 538 1999 conduntur
571 1969 726 2008 Thybridis
753 1969 844 2004 alveo,

132 2007 238 2038 Securi
257 2009 357 2048 pelagi
375 2013 460 2048 atque
485 2008 551 2037 mei.
592 2008 669 2037 Mox
695 2008 786 2037 malas
807 2009 845 2036 ad

133 2047 268 2076 fraudem
295 2058 330 2076 ac
359 2048 461 2076 dolum
489 2051 614 2085 spectat.
642 2047 685 2076 H.
708 2051 742 2076 ut
765 2050 844 2076 κακὸς-

134 2087 215 2124 apud
230 2087 354 2115 Graecos
367 2086 577 2125 interponitur.
598 2085 846 2115 W.—353—356

133 2124 263 2162 conjugis
286 2125 438 2158 inhmnati,
467 2128 556 2163 auget
582 2124 624 2153 rei
654 2124 840 2153 atrocitatem
873 2125 897 2161 f

135 2166 167 2191 et
183 2163 289 2190 somnii
303 2164 414 2191 narrati
429 2163 672 2202 probabilitatem
689 2164 841 2201 epitheton

133 2201 203 2235 hoc,
218 2201 243 2230 si
261 2202 439 2236 memineris,
453 2201 634 2240 insepultos,
649 2202 705 2230 nisi
719 2202 841 2230 humen-

134 2243 196 2273 tur,
225 2239 318 2277 quieti
343 2240 431 2268 reddi
454 2250 510 2268 non
535 2250 638 2278 posse.
679 2241 716 2269 In
737 2240 841 2268 verbis

135 2282 202 2307 ante
223 2278 327 2306 oculos
348 2278 451 2306 habuit
466 2281 569 2307 notum
586 2279 799 2308 Lucretianum
813 2278 840 2313 I,

134 2318 203 2346 124.
220 2316 377 2344 simulacra
398 2316 489 2345 modis
500 2316 641 2354 pallentia
655 2317 748 2352 miris,
770 2317 798 2345 h.
814 2326 842 2346 0.

133 2355 211 2384 miro
232 2355 321 2383 modo
343 2354 463 2392 pallida.
505 2355 643 2384 Crudeles
662 2366 742 2390 aras,
763 2356 793 2383 11.
815 2365 841 2385 0.

134 2393 246 2428 10011111,
267 2393 319 2422 ubi
339 2393 438 2421 scelus
459 2393 579 2422 crudele
600 2394 629 2422 in
651 2404 682 2423 se
703 2393 844 2423 commis-

135 2442 214 2466 sum,
241 2432 323 2470 quod
344 2441 398 2470 per
424 2431 600 2470 trajectaque
619 2437 742 2471 pectora
756 2434 843 2470 ferro

136 2471 333 2510 significatur.
382 2469 525 2504 Nudavit,
553 2481 620 2499 cum
653 2471 729 2500 clam
764 2471 844 2500 facta

134 2514 216 2539 esset
228 2509 340 2542 caedes,
357 2508 544 2537 manifestam
556 2509 640 2543 fecit,
654 2520 720 2538 nam
733 2509 842 2538 nudare

137 2548 290 2587 exquisite
310 2557 366 2586 pro
387 2550 538 2586 retegere,
564 2552 730 2577 monstrare
756 2558 844 2577 usur-

137 2591 235 2624 patur.
284 2586 366 2615 Hinc
401 2595 504 2614 coecum
535 2585 640 2621 scelus,
673 2587 843 2622 occultum3

137 2625 247 2659 domus,
262 2626 299 2654 ab
317 2625 401 2654 affine
416 2623 620 2652 commissum.
635 2624 776 2654 of.Ovid.
787 2625 845 2662 Ep.

139 2663 217 2697 VII,
231 2665 298 2692 113.
312 2664 356 2693 H.
371 2673 439 2692 aux.
451 2663 488 2692 υἱ.
503 2667 537 2690 ut
549 2662 608 2690 sint
624 2662 767 2691 auxilium
777 2662 847 2691 viae.

139 2700 188 2730 De
201 2701 257 2730 hoc
271 2702 468 2740 appositionis
483 2711 550 2735 usu,
562 2700 671 2739 insigni
687 2701 847 2736 brevitate,

138 2739 203 2770 vid.
213 2739 313 2771 Wolf.
335 2741 382 2771 ad.
396 2740 494 2771 Tacit.
505 2740 582 2771 Anu.
597 2741 626 2777 1,
641 2739 789 2769 3.—Cum
803 2739 847 2769 in-

1508 1525 1531 1540 0

884 1659 975 1692 dicat,
1002 1658 1054 1687 ubi
1085 1657 1233 1686 reconditi
1261 1655 1319 1685 sint
1346 1655 1490 1690 thesauri,
1524 1656 1593 1694 ipse

883 1698 1005 1727 recludit
1023 1696 1122 1726 tellure
1137 1696 1166 1724 h.
1182 1706 1208 1724 e.
1223 1695 1329 1724 effodit
1342 1705 1358 1724 e
1370 1694 1489 1724 tellure.
1529 1696 1592 1723 Ab-

882 1736 968 1765 lativi
982 1736 1083 1765 verbis
1100 1746 1115 1764 e
1137 1734 1350 1773 praepositione
1366 1744 1397 1762 re
1413 1733 1591 1770 compositis

884 1775 1022 1804 similiter
1045 1773 1165 1812 adjecti.
1206 1773 1276 1801 [En.
1297 1773 1354 1805 IV,
1375 1773 1443 1800 545.
1464 1773 1518 1800 Ge.
1543 1772 1592 1808 II,

882 1815 949 1842 313.
963 1813 1108 1842 W.—3ssl
1125 1812 1230 1840 Odium
1241 1810 1374 1846 cruc-'elev
1389 1814 1469 1844 μίσος
1481 1813 1592 1846 ἀπηνὲς,

881 1852 1002 1890 proprie
1016 1851 1102 1890 quale
1119 1855 1164 1879 est
1178 1849 1315 1878 immanis
1329 1849 1427 1882 animi,
1440 1859 1590 1887 inagnum.

882 1891 933 1919 Sic
947 1890 1090 1925 crudelis,
1104 1894 1203 1923 atrox,
1217 1898 1318 1917 saevus
1331 1898 1339 1924 3
1354 1892 1384 1916 et
1397 1887 1505 1916 similia
1518 1889 1592 1925 poe‘-

881 1929 921 1958 tis
942 1939 996 1968 pro
1020 1929 1135 1967 ingens.
1157 1932 1250 1956 metus
1271 1931 1369 1956 autem
1389 1936 1466 1960 acer,
1489 1930 1592 1962 δριμὺς,

884 1968 1059 2002 vehemens,
1080 1967 1201 2005 proprie
1222 1967 1259 1995 de
1285 1965 1381 1994 animo
1402 1969 1594 2003 exasperato-

883 2008 981 2036 —364
1004 2007 1040 2035 In
1064 2006 1164 2035 verbis
1190 2003 1390 2043 qumalionis
1410 2014 1476 2042 opes
1497 2003 1542 2032 vis
1563 2008 1595 2032 et

885 2056 1006 2074 acumen
1027 2045 1118 2078 inest,
1141 2043 1258 2072 scilicet
1279 2052 1354 2081 quas
1372 2042 1423 2070 ille
1445 2041 1541 2070 animo
1562 2045 1594 2070 et

885 2095 938 2122 spe
956 2085 1018 2120 jam
1041 2086 1237 2121 przeceperat,
1264 2087 1297 2109 ut
1320 2084 1350 2109 et
1370 2081 1399 2108 in
1422 2080 1515 2108 altero
1536 2080 1594 2108 dux

893 2122 1086 2159 enzinrzsacti,
1110 2121 1147 2149 ad
1167 2121 1222 2148 1100
1244 2119 1410 2148 faciendum
1431 2118 1509 2146 duce
1536 2117 1593 2146 Di-

881 2161 1070 2190 done—306
1084 2160 1160 2187 Saue
1177 2158 1324 2187 Didonem
1339 2157 1440 2194 Byrsa
1453 2166 1508 2184 arx
1522 2166 1592 2185 con-

882 2200 1021 2229 ditricem
1045 2198 1163 2234 habuit,
1189 2197 1293 2225 urbem
1314 2194 1391 2223 enim
1412 2194 1518 2232 ipsam,
1540 2194 1593 2223 illa

883 2239 1072 2270 adventante,
1090 2238 1151 2274 jam
1174 2235 1296 2264 stetisse
1318 2232 1474 2271 probabile
1490 2233 1540 2269 fit3
1561 2237 1592 2262 at

882 2277 930 2305 hic
955 2276 1044 2305 nolim
1072 2275 1114 2303 ita
1137 2272 1279 2312 argutari.
1319 2272 1346 2300 A
1376 2275 1462 2310 parte
1484 2271 1593 2309 insigni

883 2314 1054 2352 designavIt
1070 2314 1175 2342 urbem
1190 2310 1412 2349 Carthaginem.
1428 2314 1593 2347 suryentem

882 2355 943 2383 vid.
970 2354 1044 2382 Not.
1067 2354 1103 2380 ad
1128 2351 1186 2379 IV.
1213 2349 1380 2379 274.—367
1405 2348 1593 2377 Devenere—

883 2392 1057 2430 mercalique
1082 2395 1151 2419 sunt
1170 2388 1274 2422 solum,
1296 2387 1438 2425 Byrsam,
1459 2387 1488 2415 h.
1502 2397 1529 2415 e.
1549 2387 1593 2415 lo-

883 2442 963 2465 cum,
985 2431 1014 2458 in
1037 2439 1096 2468 quo
1118 2428 1247 2465 Byrsam
1270 2436 1367 2454 arcem
1381 2425 1592 2460 condiderunt,

884 2480 937 2499 seu
952 2469 1081 2507 Bysram
1091 2467 1204 2499 verius,
1220 2469 1254 2493 ut
1268 2468 1339 2503 post
1354 2464 1539 2502 Scaligerum
1554 2465 1591 2493 ad

885 2509 1001 2537 Euseb.
1013 2507 1124 2535 Clu-on.
1138 2504 1223 2532 multi
1236 2504 1412 2532 docuerunt.
1441 2503 1501 2531 Sed
1512 2506 1592 2531 recte

885 2551 979 2584 βόειον
1001 2549 1115 2581 βύρσαν,
1136 2542 1269 2571 fabulam
1284 2552 1300 2570 a
1314 2540 1430 2570 Graecis
1444 2541 1523 2569 haud
1538 2541 1592 2582 du?

884 2586 935 2614 bie
952 2587 1059 2617 ortam,
1076 2581 1223 2620 sequitur.
1239 2580 1283 2609 H.
1324 2580 1360 2609 In
1380 2580 1480 2608 verbis
1501 2584 1592 2606 murz-

886 2634 953 2653 unm
969 2627 1079 2659 terymn
1094 2619 1224 2658 cogitate
1235 2619 1361 2658 vulgare
1372 2618 1479 2647 corium
1489 2616 1594 2645 evitat.

887 2660 1025 2701 (mercati
1046 2669 1100 2697 pro
1121 2658 1244 2687 mercati
1268 2662 1346 2686 sunt.
1371 2657 1433 2685 vid.
1462 2655 1534 2684 Not.
1563 2664 1593 2691 p.

885 2702 954 2730 324.
995 2698 1080 2728 Nihil
1094 2697 1160 2726 duri
1174 2707 1227 2726 nec
1238 2695 1423 2726 difficultatis
1436 2695 1504 2722 huic
1515 2695 1595 2720 inest

885 2738 997 2778 essipsi,
1012 2736 1110 2768 obviae
1119 2735 1210 2769 etiam
1223 2736 1280 2766 Ge.
1295 2735 1324 2771 1,
1338 2734 1405 2765 124.
1426 2731 1491 2770 W.)
1517 2730 1595 2760 Mox
