1796 3077
176 262 272 308 486

608 260 651 296 Ρ.
685 256 919 295 VIRGILII
950 255 1202 295 MARONIS·

235 380 350 422 Tum
371 395 515 436 regem
535 378 698 419 AEneas
718 377 839 418 dictis
860 375 1016 418 affatur
1034 377 1175 418 amicis
1197 392 1206 418 :

178 438 365 493 Optume
389 438 698 491 Grajugenum,
729 435 795 476 cui
816 449 882 475 me
904 433 1093 475 Fortuna
1113 436 1292 489 precari,

179 495 238 536 Et
259 496 362 536 vitta
382 501 540 536 comtos
560 491 691 533 voluit
712 491 978 547 praetendere
999 506 1138 532 ramos
1155 508 1165 541 3

178 552 281 593 Non
302 552 498 605 equidem
518 550 705 598 extimui,
735 548 934 590 Danaum
954 549 1070 603 quod
1090 549 1255 599 ductor,
1277 556 1319 590 et
1339 548 1491 600 Arcas,

180 609 394 662 Quodque
416 609 469 648 ab
491 608 620 661 stirpe
642 607 753 647 fores
773 607 948 660 geminis
970 607 1220 661 conjunctus
1242 606 1405 649 Atridis
1423 625 1433 657 3

179 666 266 707 Sed
286 680 378 706 mea
398 679 464 706 me
483 665 629 714 virtus,
652 672 695 705 et
714 672 859 705 sancta
879 663 1050 705 oracula
1070 663 1227 713 divum,

181 723 446 776 Cognatique
466 729 622 776 patreS,
643 729 716 762 tua
735 721 857 762 terris
879 721 1013 762 didita
1032 721 1155 770 fama,

181 780 451 834 Conjunxere
472 780 563 828 tibi,
592 786 634 819 et
653 779 749 820 fatis
770 793 896 833 egere
917 777 1140 819 volentem.

180 837 425 886 Dardanus,
448 836 588 877 Iliacae
608 837 767 890 primus
788 842 911 890 pater
931 836 1048 876 urbis
1069 843 1112 876 et
1133 842 1295 885 auctor,

179 893 363 943 Electra,
386 901 432 934 ut
450 893 571 934 Graii
590 893 832 948 perhibent,
853 891 1073 933 Atlantide
1094 900 1248 941 cretus,

179 951 421 992 Advehitur
440 950 655 1001 Teucros3
688 949 902 992 Electram
919 950 1125 990 maximus
1146 949 1270 991 Atlas

180 1008 342 1057 Edidit,
363 1007 559 1048 aetherios
578 1007 756 1048 humero
776 1008 848 1061 qui
866 1007 1044 1047 sustinet
1065 1007 1204 1047 orbes.

178 1065 315 1106 Vobis
337 1065 578 1106 Mercurius
598 1072 721 1119 pater
740 1072 819 1113 est,
840 1079 966 1118 quem
986 1063 1168 1104 candida
1188 1062 1308 1104 Maia

181 1122 365 1176 Cyllenae
386 1121 526 1177 gelido
547 1128 799 1176 conceptum
819 1121 975 1162 vertice
996 1120 1127 1170 fudit3

182 1181 242 1221 At
264 1179 438 1228 Maiam,
460 1179 614 1220 auditis
636 1179 668 1219 si
688 1179 919 1233 quidquam
940 1178 1164 1226 credimus,
1187 1177 1326 1227 Atlas,

1560 1175 1640 1216 140

184 1237 303 1278 Idem
324 1235 447 1276 Atlas
468 1242 654 1289 generat,
676 1235 771 1276 coeli
791 1236 864 1288 qui
885 1234 1023 1275 sidera
1043 1233 1164 1275 tollit.

185 1294 254 1334 Sic
275 1308 408 1348 genus
430 1294 648 1333 amborum
669 1292 820 1333 scindit
840 1306 884 1332 se
909 1292 1112 1346 sanguine
1134 1292 1188 1331 ab
1210 1305 1309 1331 uno.

183 1350 265 1391 His
285 1349 429 1399 fretus,
451 1365 535 1390 non
554 1349 730 1404 legatos,
757 1363 894 1402 neque
916 1349 1051 1402 prima
1068 1362 1146 1402 per
1166 1355 1299 1388 artem

182 1407 464 1448 Tentamenta
484 1408 544 1447 tui
565 1406 735 1460 pepigi:
767 1420 847 1454 me,
869 1419 934 1444 me
955 1405 1059 1458 ipse,
1089 1418 1313 1457 meumque

184 1464 336 1518 Objeci
359 1470 498 1517 caput,
518 1470 561 1504 et
582 1461 762 1517 supplex
783 1462 837 1502 ad
857 1461 999 1501 limina
1019 1461 1128 1502 veni.

1560 1459 1640 1500 145

184 1522 304 1562 Gens
326 1521 486 1569 eadem,
508 1535 603 1574 quae
627 1528 680 1569 te,
701 1518 863 1560 crudeli
885 1518 1056 1559 Daunia
1077 1517 1189 1559 bello

182 1578 436 1631 Insequitur,
458 1592 534 1618 nos
555 1578 588 1618 si
608 1576 778 1632 pellant,
800 1575 905 1617 nihil
924 1575 1041 1617 afore
1062 1576 1255 1625 credunt,

180 1635 298 1682 Quin
319 1649 485 1676 omnem
506 1634 759 1688 Hesperiam
779 1633 947 1688 penitus
968 1648 1044 1674 sua
1065 1634 1143 1674 sub
1158 1634 1265 1687 juga
1284 1632 1478 1682 mittant3

183 1692 244 1734 Et
259 1707 386 1742 mare,
409 1692 526 1748 quod
545 1706 686 1746 supra,
709 1698 892 1741 teneant,
910 1691 1112 1746 quodque
1133 1690 1250 1731 alluit
1269 1690 1392 1731 infra.

222 1837 280 1866 128
300 1841 404 1866 condas
421 1837 520 1875 simpl.
532 1847 587 1875 pro
604 1842 736 1866 ornatos.
778 1837 804 1865 A
821 1836 891 1864 reli—

183 1876 268 1911 gione
290 1877 379 1904 ritum
405 1879 537 1909 ἱκετηρίας
563 1877 685 1905 ductum
713 1885 780 1903 esse
801 1874 891 1902 mani-

185 1916 296 1942 festum
313 1915 345 1943 fit
360 1926 375 1943 e
397 1915 482 1943 vittis
497 1925 548 1943 seu
562 1915 664 1943 infulis
679 1914 772 1943 laneis
787 1913 891 1942 obvol-

184 1953 322 1981 ventibus
347 1964 460 1981 ramum
483 1954 680 1991 oleagineum,
707 1953 795 1990 cujus
816 1961 889 1980 usus

184 1994 249 2019 erat
270 2001 336 2020 cum
358 1992 387 2020 in
413 1992 504 2020 saeris
530 1997 591 2020 tuin
615 1992 643 2020 in
664 1991 839 2020 lustratione
863 1995 893 2019 et

184 2030 369 2067 expiatione.
410 2031 546 2069 Ideoque
568 2031 605 2065 is,
629 2031 679 2069 qui
701 2030 892 2068 praeferebat,

187 2072 285 2102 ἱκέτης,
302 2070 431 2107 supplex
446 2070 554 2102 factus,
579 2073 627 2098 aut
643 2069 753 2098 crimen
769 2069 892 2107 expiare

187 2118 219 2135 se
234 2112 264 2135 et
279 2108 397 2146 culpam
414 2108 570 2147 deprecari
585 2108 662 2137 velle
678 2107 844 2146 symbolice
861 2111 892 2136 et

183 2146 327 2184 religiose
348 2147 544 2185 significabat,
567 2151 618 2175 aut
641 2147 819 2185 simpliciter
836 2157 892 2184 per

185 2195 268 2214 sacra
281 2189 312 2214 et
325 2186 397 2215 deos
412 2196 443 2215 se
462 2187 631 2225 supplicare
644 2190 786 2215 testatum
799 2186 891 2214 facie-

186 2224 247 2252 bat.
279 2224 359 2253 Hinc
373 2226 491 2254 omnino
506 2225 640 2259 ferd-deris,
653 2225 749 2263 pacis,
765 2229 796 2254 et
808 2225 891 2264 lega-
932 2234 965 2262 sq

185 2262 274 2291 tionis
290 2264 457 2301 symbolum
475 2268 521 2293 est
536 2265 656 2293 factum.

152 2303 154 2305 ’
226 2303 281 2330 130
295 2302 329 2330 ab
345 2303 436 2341 stirpe
446 2303 568 2341 yemiuis
586 2303 751 2340 conjunctus
764 2302 891 2331 Atridis.

186 2339 355 2378 Utrumque
372 2352 467 2379 genus
490 2343 595 2372 aJove
619 2343 807 2375 ‹lucebatur;
828 2347 891 2370 tum

186 2378 223 2405 ab
250 2379 389 2415 Atlante3
430 2391 496 2410 nam
523 2392 539 2410 a
566 2381 732 2415 sororibus,
763 2380 894 2409 Atlantis

186 2416 304 2446 filiabus
339 2423 369 2447 et
396 2419 534 2449 Evander
566 2423 595 2448 et
627 2420 743 2448 Atrium
775 2419 894 2448 oriundi

185 2460 282 2484 erant.
323 2457 372 2486 Ab
383 2458 489 2487 iisdem
506 2458 636 2488 Atlantis
649 2458 776 2490 filiabus,
791 2458 893 2489 Pleia-

184 2494 239 2522 das
259 2500 379 2529 vocant,
406 2498 542 2536 cognatio
567 2498 659 2526 altera
684 2508 713 2525 ν.
743 2498 800 2526 134
827 2507 893 2536 sqq.

186 2533 263 2561 inter
276 2533 450 2564 Evandrum
465 2541 495 2565 et
509 2537 636 2565 AEneam
650 2536 782 2565 deducta
795 2552 803 2568 ς
825 2546 892 2565 nam

188 2572 345 2600 Dardanus
361 2574 483 2603 Electra
496 2580 526 2603 et
538 2576 618 2604 Jove
632 2579 730 2609 natus,
748 2575 893 2603 Evander

186 2615 285 2639 autem
309 2611 467 2647 Mercurii,
499 2614 547 2642 cui
572 2613 654 2643 Maia
680 2618 784 2647 mater,
811 2614 891 2643 filius

185 2649 409 2687 perhibebatur.
425 2661 453 2679 v.
470 2652 595 2690 Dionys.
620 2653 647 2685 Ι,
670 2654 815 2682 31.—13l
832 2663 893 2681 mea

187 2688 292 2723 virtus,
315 2690 441 2728 respicit
458 2690 547 2718 illud:
581 2701 638 2719 non
651 2691 781 2722 extimui.
802 2692 891 2720 conti-

186 2728 299 2762 vlentia‚
321 2733 348 2757 ct
373 2728 461 2758 animi
480 2729 586 2758 fiducia
609 2741 647 2758 c).
675 2741 747 2759 ηις-ες
770 2730 892 2759 virtutis

933 1837 1130 1871 conscientia,
1158 1847 1246 1876 quam
1275 1837 1399 1866 eandem
1420 1835 1538 1865 confido
1559 1835 1640 1874 apud

932 1878 962 1901 te
985 1875 1052 1903 loco
1076 1876 1176 1914 aliquo
1197 1881 1227 1905 et
1252 1876 1431 1905 auctoritate
1447 1876 1580 1905 habitum
1596 1874 1644 1903 iri.

933 1912 1061 1943 Oramda
1078 1915 1172 1943 (limma
1198 1925 1214 1943 a
1237 1915 1353 1953 Sibylla
1373 1919 1515 1952 accepta:
1536 1924 1565 1942 v.
1582 1913 1641 1947 VI,

929 1952 977 1980 915.
999 1954 1049 1982 97.
1070 1953 1185 1991 cogundi
1200 1959 1313 1992 patres,
1329 1964 1384 1991 per
1398 1953 1528 1982 Atlantis
1544 1951 1640 1987 filias;

933 1990 1094 2020 Dardanus
1121 2003 1137 2021 a
1158 1993 1236 2022 Jove
1257 1997 1287 2021 et
1312 1993 1444 2025 Electra,
1470 1991 1642 2020 Mercurius·

932 2030 1038 2059 aJooe
1062 2035 1091 2060 et
1109 2031 1190 2060 Maia
1204 2035 1303 2065 natus,
1325 2035 1357 2059 ut
1384 2031 1473 2059 modo
1497 2031 1641 2066 vidimus,

932 2071 1025 2106 utque
1050 2079 1121 2097 mox
1144 2069 1288 2098 disertius
1318 2073 1428 2098 narrat.
1459 2070 1644 2107 conjunxere,

932 2106 960 2134 h.
985 2108 1139 2137 adduxere
1167 2118 1228 2145 me,
1260 2112 1293 2137 ut
1319 2119 1366 2137 me
1396 2108 1451 2138 tibi
1479 2109 1641 2147 adjungere

930 2146 1078 2175 studeam.

972 2186 1027 2214 134
1042 2186 1211 2216 Dardanus.
1231 2187 1269 2215 cf.
1293 2188 1410 2216 omnino
1423 2186 1476 2215 lib.
1501 2187 1567 2221 III,
1584 2188 1642 2217 167

971 2245 976 2252 .
1001 2228 1031 2253 et
1047 2225 1124 2258 VH,
1141 2227 1200 2254 206
1214 2227 1379 2264 sqq.—136
1400 2225 1551 2255 advehitur
1567 2227 1641 2255 Teu-

930 2273 994 2291 cros
1014 2263 1041 2291 h.
1058 2265 1095 2292 ad
1110 2264 1265 2299 Teucros3
1292 2264 1353 2293 adit
1370 2265 1528 2297 Troadem.
1551 2275 1639 2303 quam

929 2302 1045 2331 Teucer
1067 2306 1129 2331 tum
1150 2304 1288 2334 tenebat:
1320 2304 1479 2333 Dardanus
1504 2304 1547 2332 ibi
1562 2305 1638 2332 Dar-

930 2341 1036 2370 danum
1058 2343 1162 2370 urbem
1181 2342 1329 2376 condidit,
1349 2343 1416 2372 Ilus
1441 2348 1538 2372 autem
1559 2342 1638 2370 filius

934 2379 1042 2414 Ilium;
1071 2380 1213 2409 hactenus
1237 2381 1330 2420 igitur
1349 2383 1441 2420 poeta
1463 2381 1562 2409 dicere
1583 2390 1637 2417 po—

934 2418 1007 2449 tuitz
1029 2419 1126 2448 Iliacae
1137 2421 1251 2458 primns
1262 2425 1347 2458 pater
1360 2420 1441 2449 urbis
1453 2424 1480 2448 el
1496 2423 1606 2448 auctor.

973 2459 1029 2487 144
1049 2468 1176 2497 pauyere
1191 2459 1219 2488 h.
1242 2459 1263 2488 l.
1288 2469 1345 2488 non
1371 2463 1418 2488 est
1439 2457 1559 2496 pacisci,
1585 2457 1638 2486 sed

934 2497 1035 2532 figere,
1065 2498 1260 2532 constituere,
1283 2499 1399 2533 facere3
1429 2506 1466 2525 ex
1491 2506 1537 2530 e0‚
1557 2497 1638 2534 quod

927 2536 1030 2573 pamfli,
1047 2537 1108 2573 figi,
1124 2537 1265 2565 dicuntur
1279 2547 1324 2571 ea,
1339 2547 1406 2575 quae
1420 2535 1546 2563 decreta
1558 2539 1638 2569 sunt,

933 2575 1021 2603 etiam
1041 2580 1139 2613 pacta.
1154 2587 1208 2614 per
1227 2581 1318 2605 artem
1343 2575 1379 2603 ad
1402 2573 1528 2602 consilia
1550 2578 1638 2603 cauta

932 2616 960 2641 et
975 2613 1081 2643 callida
1097 2619 1246 2652 spectare,
1271 2614 1378 2653 quibus
1393 2613 1516 2641 alterius
1533 2613 1637 2641 volun-

931 2655 1022 2681 tatem
1040 2653 1084 2681 vel
1102 2654 1293 2691 exploramus
1316 2651 1362 2680 vel
1382 2655 1548 2689 captamus,
1569 2651 1636 2690 quis

933 2701 988 2719 non
1004 2692 1126 2721 videat?
1150 2693 1252 2720 Burm.
1274 2694 1370 2719 tamen
1394 2701 1429 2718 eo
1444 2690 1576 2725 devenit,
1605 2694 1637 2718 nt

927 2740 981 2769 per
1009 2731 1156 2769 epistolam
1178 2731 1563 2768 intcrprctaretur.-—meum
1588 2729 1635 2757 ob-
