1796 3077
122 287 220 334 526

550 280 594 318 P.
625 278 859 316 VIRGILII
891 277 1142 317 MAROle

123 407 351 463 Excipiam
371 405 486 455 sorti,
501 406 589 460 jam
611 417 722 445 nune
743 409 816 444 tua
835 403 1024 457 praemia,
1047 402 1167 445 Nise.

123 465 342 508 Praeterea
361 464 426 504 bis
447 477 522 503 sex
543 461 709 516 genitor
727 459 953 502 lectissima
978 468 1158 502 matrum

125 523 333 578 Corpora,
355 520 627 574 captivosque
649 518 781 568 dabit,
811 531 971 571 suaque
993 519 1187 559 omnibus
1208 533 1322 559 arma
1343 535 1353 568 ;

125 579 306 634 Insuper
325 576 405 626 his,
427 576 563 630 campi
584 575 700 630 quod
721 590 797 616 rex
818 574 949 616 habet
969 575 1059 629 ipse
1082 575 1271 617 Latinus.

124 637 191 678 Te
211 651 326 684 vero,
347 649 440 675 mea
460 647 587 687 quem
607 632 754 687 spatiis
776 632 1047 687 propioribus
1069 640 1172 674 aetas

122 693 382 747 Insequitur,
403 691 643 732 venerande
663 704 782 745 puer,
799 705 888 744 jam
909 697 1084 744 pectore
1106 697 1196 731 toto

124 750 317 804 Accipio,
349 755 392 789 et
412 748 607 790 comitem
627 761 748 788 casus
770 746 1029 801 complector
1048 748 1091 788 in
1112 762 1272 789 omnes.

123 807 256 849 Nulla
276 806 378 847 meis
401 807 489 846 sine
511 813 553 846 te
573 812 789 858 quaeretur
808 803 943 859 gloria
962 805 1090 845 rebus
1108 822 1118 854 3

125 865 213 906 Seu
234 878 383 918 pacem
404 878 480 904 seu
503 861 613 903 bella
632 877 776 917 geram
795 878 803 911 3
837 862 915 903 tibi
938 862 1119 903 maxima
1140 876 1281 903 rerum

122 921 451 975 Verborumque
471 919 594 960 fides.

125 978 364 1033 Euryalus:
396 977 473 1018 Me
494 976 608 1018 nulla
629 976 720 1017 dies
743 983 828 1017 tam
844 976 1026 1017 fortibus
1047 977 1160 1017 ausis

122 1035 381 1077 Dissimilem
401 1034 612 1089 arguerit3
643 1040 833 1074 tantum:
867 1032 1072 1082 Fortuna,
1095 1033 1284 1074 secunda

126 1091 220 1134 Aut
240 1093 430 1141 adversa,
452 1091 590 1133 eadat.

125 1149 271 1190 Unum
293 1164 368 1190 oro
387 1166 395 1190 ε
428 1148 625 1203 genetrix
648 1147 805 1188 Priami
827 1148 880 1188 de
902 1154 1031 1201 gente
1051 1154 1219 1189 vetusta

124 1207 207 1248 Est
222 1207 339 1255 mihi,
361 1221 488 1260 quam
504 1206 699 1245 miseram
719 1204 853 1244 tenuit
873 1219 958 1244 non
978 1204 1055 1244 llia
1075 1204 1200 1245 tellus

124 1263 300 1305 BIeeum
320 1263 613 1310 excedentem,
635 1276 720 1301 11011
735 1261 890 1301 moenia
911 1261 1022 1314 regis
1040 1259 1228 1302 Acestae.

124 1320 251 1362 Hanc
279 1335 360 1374 ego
380 1333 491 1360 nunc
511 1320 700 1373 ignaram
720 1317 848 1371 hujus
869 1318 1167 1371 quodcumque
1188 1316 1334 1373 pericli
1355 1322 1419 1358 est

127 1377 262 1431 Inque
284 1376 506 1417 salutatam
527 1376 671 1428 linquo
689 1391 698 1423 ;
732 1374 849 1422 Nox,
871 1381 913 1414 et
934 1382 1006 1414 tua
1027 1375 1146 1415 testis

125 1434 334 1482 Dextera,
357 1432 473 1486 quod
493 1445 700 1485 nequeam
715 1429 907 1471 lacrimas
928 1429 1118 1484 perferre
1137 1431 1340 1485 parentis.

124 1491 187 1533 At
207 1498 266 1540 tu,
288 1505 376 1539 oro,
406 1488 541 1530 solare
563 1490 746 1542 inopem,
767 1494 811 1528 et
830 1502 1027 1528 succurre
1048 1487 1219 1529 relictae.

126 1548 254 1589 Hane
274 1547 362 1588 sine
383 1561 449 1587 me
472 1560 590 1600 spem
612 1545 721 1585 ferre
742 1545 803 1585 tui
820 1561 830 1594 ;
862 1545 1087 1586 audentior
1108 1546 1179 1587 ibo

126 1605 178 1647 In
199 1619 320 1646 casus
342 1618 502 1645 omnes.

126 1661 390 1703 Dardanidae
411 1660 626 1709 lacrimas3
658 1666 756 1700 ante
778 1674 922 1700 omnes
942 1659 1121 1714 pulcher
1141 1659 1258 1702 Iulus
1275 1677 1285 1710 3

125 1719 271 1773 Atque
291 1719 473 1759 animum
493 1718 642 1772 patriae
665 1717 833 1757 strinxit
857 1717 1026 1771 pietatis
1046 1718 1200 1772 imago.

126 1776 242 1817 Tum
264 1775 322 1816 sic
345 1775 500 1817 effatur
521 1790 530 1814 :

1497 629 1582 671 5275

656 919 816 960 Contra
837 934 964 973 quem
984 918 1082 960 talia
1102 919 1216 960 fatur
1500 915 1585 958 5280

654 1090 742 1131 Sed
763 1098 804 1131 te
827 1104 956 1144 super
976 1091 1115 1131 onmia
1136 1091 1250 1131 dona

1503 1201 1588 1243 285

1505 1485 1590 1526 290

564 1602 774 1644 Percussa
794 1609 934 1643 mente
951 1602 1163 1644 dederunt

1506 1772 1592 1814 5395

128 1833 331 1887 Spondeo
352 1833 481 1885 digna
501 1832 582 1872 tuis
603 1832 846 1885 ingentibus
868 1831 1008 1872 onmia
1028 1831 1194 1885 coeptis.

128 1890 329 1943 Namque
351 1890 429 1929 erit
449 1889 529 1928 ista
549 1888 651 1928 mihi
672 1888 879 1944 genetrix,
901 1903 1139 1942 nomenque
1162 1888 1336 1930 Creusa:

127 1946 273 1988 Solum
293 1945 490 1995 defuerit,
513 1960 591 1986 nec
609 1953 779 1999 partum
797 1945 934 2000 gratia
954 1944 1080 1986 talem

129 2092 225 2130 spolia
254 2095 406 2130 tamquam
440 2095 520 2127 γέρας
549 2094 699 2127 ἐξαίρετον,
732 2102 841 2121 munus

126 2131 281 2160 eximium.
294 2131 372 2159 cons.
386 2131 425 2165 V,
441 2132 499 2160 534
513 2142 519 2159 z
551 2131 648 2160 VIII.
664 2132 841 2161 552.-272.

126 2171 184 2199 273
200 2169 356 2198 Promittit
368 2170 526 2199 duodecim
540 2171 699 2209 mancipia,
719 2171 841 2199 ancillas

127 2213 157 2237 et
171 2218 292 2247 pueros.
331 2208 449 2237 Bfatres
462 2210 563 2246 poetae
577 2209 757 2247 simpliciter
771 2212 842 2238 sunt

127 2248 256 2276 seminae.
298 2247 389 2283 Quod
406 2257 477 2277 vero
494 2248 606 2286 adjecit
622 2259 731 2287 suaque
752 2248 843 2277 mnni-

128 2286 181 2314 lms
193 2296 286 2320 arma,
301 2287 463 2316 obscurum
477 2297 543 2316 esse
559 2290 672 2325 potest,
695 2287 721 2316 si
739 2297 842 2316 servos

129 2324 248 2363 cogites
262 2334 269 2359 3
292 2326 346 2354 sed
361 2326 488 2364 captivos
502 2326 688 2359 memoravit,
705 2336 779 2364 quos
794 2336 840 2354 ar-

130 2368 226 2391 matos
241 2368 372 2400 ceperat,
395 2364 545 2402 armisque
559 2365 743 2402 spoliaverat
757 2376 763 2392 :
792 2374 843 2393 eos

130 2402 255 2430 donabit
273 2411 331 2430 una
349 2413 418 2432 cum
440 2403 641 2432 armis—*274
660 2403 759 2432 Recte
773 2403 843 2432 Ser-

129 2441 198 2469 vius
213 2440 249 2468 ad
265 2444 296 2467 τὸ
310 2445 431 2476 τέμενος,
444 2452 498 2471 seu
508 2443 675 2480 portionem
688 2442 751 2481 agri
766 2442 845 2480 regi-

129 2479 188 2508 bus
205 2478 321 2522 ·priscis
345 2490 401 2518 pro
421 2482 532 2510 honore
554 2481 708 2520 assignati,
731 2478 841 2509 refert:

130 2517 228 2556 qualis
251 2527 279 2544 v.
303 2529 329 2546 0,
348 2524 412 2549 erat
434 2519 660 2558 Bellerophonti
683 2520 763 2558 apud
779 2520 841 2557 Ly-

129 2556 194 2585 cios
209 2555 298 2584 Iliad·
317 2561 341 2589 ζ,
358 2559 413 2587 194
430 2563 460 2587 et
474 2559 635 2597 Tarquinio
657 2559 798 2597 Superbo
813 2559 842 2586 in

130 2604 237 2633 campo
261 2594 385 2624 Martio.
445 2598 569 2635 Spectat
589 2598 627 2627 ad
648 2597 724 2626 hane
742 2598 841 2635 ipsam

130 2634 212 2672 regis
234 2637 346 2662 sortem
365 2635 450 2664 locus
470 2637 552 2664 circa
574 2637 672 2665 lacum
692 2636 841 2665 Albanum

131 2683 163 2702 v.
189 2673 258 2707 388,
279 2672 332 2701 11111
357 2677 416 2701 lum
437 2684 488 2702 rex
507 2674 620 2703 stabula
633 2675 695 2704 ulla
716 2674 843 2704 Latinus

132 2711 251 2741 habebat
274 2710 304 2739 11.
326 2715 461 2740 armenta
476 2714 629 2751 pascebat.
652 2714 771 2752 insuper
784 2714 839 2749 his,

129 2748 254 2790 insuper
272 2749 301 2780 in
322 2749 388 2790 bis,⁴
402 2761 470 2780 cum
485 2751 531 2780 his
546 2762 554 2787 3
588 2762 642 2790 pro
658 2762 748 2791 super
764 2753 838 2782 haec.

881 2092 977 2121 —277
1007 2091 1130 2130 Accipio
1164 2095 1191 2119 te
1228 2095 1256 2118 et
1284 2089 1453 2128 complector
1476 2095 1593 2134 pectore

881 2135 943 2159 loto
964 2130 1091 2159 comitem
1114 2130 1329 2167 junge—279.
1353 2130 1412 2158 280
1434 2128 1486 2158 tila
1512 2140 1592 2158 max-

881 2170 938 2198 ima
965 2179 1063 2197 rerum
1092 2168 1296 2212 verborumque
1324 2168 1399 2205 fides
1428 2168 1508 2205 erit;
1543 2168 1595 2197 lia-

881 2208 1014 2242 bebitur,
1030 2208 1121 2236 rebus
1136 2211 1166 2236 et
1175 2208 1276 2236 verbis
1287 2207 1342 2236 tibi
1352 2207 1574 2236 committendis
1586 2217 1594 2243 3

883 2247 913 2275 h.
930 2257 957 2276 e.
968 2251 1067 2275 tecum
1078 2246 1176 2275 onmia
1187 2246 1316 2275 consilia
1329 2256 1394 2275 mea
1402 2250 1432 2275 et
1444 2246 1595 2284 gerendas

882 2295 932 2315 res
963 2285 1199 2314 communicabo.
1253 2285 1462 2323 Quodcunque
1494 2288 1594 2313 autem

883 2324 931 2353 vel
952 2334 1019 2353 011111
1034 2324 1092 2352 fide
1113 2334 1147 2352 ae
1165 2324 1274 2352 fiducia
1294 2323 1342 2352 vel
1357 2327 1483 2362 propter
1504 2323 1593 2352 fidem

883 2363 1022 2397 facimus,
1036 2363 1067 2391 id
1083 2363 1250 2400 omnefides
1263 2362 1404 2400 designat
1418 2373 1425 2397 3
1447 2366 1480 2391 ut
1493 2361 1595 2400 paullo

883 2406 952 2431 ante
968 2402 1006 2430 ad
1033 2412 1063 2430 v.
1080 2403 1138 2431 260
1151 2404 1286 2430 notatum
1300 2400 1593 2430 meminimus—281

882 2441 951 2470 282.
978 2441 1036 2469 283
1063 2441 1129 2479 Ego
1156 2450 1228 2469 vero
1252 2440 1435 2474 allaborabo,
1463 2442 1496 2467 ut
1523 2438 1593 2467 huic

883 2479 954 2508 forti
969 2480 1049 2508 sacto
1069 2483 1134 2508 tota
1153 2479 1216 2508 vita
1236 2480 1275 2508 sit
1288 2482 1507 2514 consentanea3
1527 2481 1593 2506 lan-

880 2523 939 2547 ium
953 2528 997 2547 se.
1011 2520 1048 2548 de
1060 2529 1107 2547 me
1118 2518 1257 2556 polliceri
1269 2518 1384 2553 audeo3
1405 2525 1593 2554 quaeeunque

882 2558 1010 2592 fortuna,
1059 2557 1191 2586 secunda
1223 2567 1258 2586 an
1291 2556 1431 2588 adversa,
1466 2558 1593 2593 sequuta

880 2596 983 2625 suerit.

920 2637 979 2664 29ss
999 2645 1049 2663 uec
1059 2637 1322 2673 partum-manet,
1342 2635 1373 2661 et
1386 2632 1446 2670 ipsi
1461 2632 1592 2671 imputa-

882 2674 921 2702 bo
947 2674 976 2702 in
1006 2674 1182 2702 beneficium
1218 2676 1374 2709 acceptum
1405 2671 1473 2706 hoc,
1509 2671 1591 2710 quod

880 2712 967 2742 talem
994 2713 1088 2741 filium
1112 2711 1239 2750 peperit.
1289 2710 1430 2739 Meretur
1453 2721 1589 2748 magnam

880 2751 1016 2790 gratiam,
1045 2761 1111 2790 quae
1137 2754 1165 2780 te
1191 2748 1308 2787 genuit:
1344 2749 1404 2785 vel,
1434 2753 1466 2778 ut
1489 2750 1586 2783 Serv„
