1796 3077
142 292 233 337 594

575 284 616 319 P.
652 279 884 317 VIRGILII
919 276 1168 314 MARONis

146 408 322 448 Robora
344 419 420 446 nec
441 404 583 445 cuneis
605 407 647 441 et
667 399 850 440 olentem
871 398 1060 438 scindere
1083 398 1271 446 cedrum,

147 465 241 505 Nec
263 462 459 518 plaustris
481 465 647 500 cessant
667 463 834 497 vectare
863 454 1129 509 gementibus
1151 469 1290 495 ornos.

202 521 262 563 Et
276 522 363 574 jam
385 517 515 557 Fama
534 514 692 561 volans,
716 513 821 553 tanti
842 512 1080 566 praenuntia
1102 510 1253 559 luctus,

148 578 395 618 Evandrum
419 572 695 625 Evandrique
716 570 863 610 domos
885 576 928 608 et
948 568 1103 608 moenia
1124 568 1320 623 complet,

1529 569 1605 608 140

148 636 258 681 Quae
278 631 404 673 modo
425 630 628 670 victorem
646 627 770 667 Latio
794 624 985 666 Pallanta
1008 624 1186 665 ferebat.

147 690 339 731 Arcades
361 688 414 728 ad
435 693 581 741 portas
608 698 748 732 ruere,
771 690 812 724 et
834 682 887 723 de
910 695 1026 722 more
1043 688 1210 723 vetusto

148 747 362 787 Funereas
383 757 563 797 rapuere
584 741 698 782 faces
715 757 724 789 3
755 739 869 780 lucet
889 739 955 779 via
975 737 1102 793 longo

148 803 311 844 Ordine
332 801 606 848 flammarum,
629 805 672 839 et
691 796 775 838 late
796 795 1055 837 discriminat
1077 810 1213 850 agros.

148 861 308 901 Contra
322 859 448 899 turba
469 856 689 910 Phrygum
709 853 879 894 veniens
896 851 1140 906 plangentia
1153 853 1341 906 jungunt

408 914 518 960 Quae
539 920 764 966 postquam
784 917 939 950 matres
961 909 1190 949 succedere
1213 909 1333 949 tectis

147 917 344 971 Agmina.

147 973 375 1020 Viderunt,
396 978 584 1011 maestam
605 967 837 1009 incendunt
858 965 1112 1006 clamoribus
1133 966 1295 1005 urbem.

150 1029 208 1071 At
231 1044 315 1070 non
333 1028 582 1068 Evandrum
603 1025 716 1079 potis
735 1031 800 1064 est
821 1022 881 1062 vis
898 1021 981 1061 ulla
1002 1029 1146 1062 tenere
1163 1038 1172 1070 ;

150 1086 237 1127 Sed
258 1085 370 1126 venit
392 1085 434 1124 in
455 1082 628 1124 medios.

691 1079 868 1121 Feretro
890 1077 1082 1118 Pallanta
1098 1085 1270 1131 reposto

148 1142 383 1183 Procubuit
405 1154 545 1194 super,
568 1146 695 1191 atque
718 1136 853 1177 haeret
871 1134 1176 1188 lacrimansque
1197 1150 1468 1189 gemensque,

1537 1138 1613 1175 15⁶>

150 1200 208 1239 Et
229 1200 295 1239 via
316 1199 384 1238 vix
406 1197 576 1237 tandem
596 1194 688 1234 voci
707 1193 848 1233 laxata
870 1190 1016 1232 dolore
1038 1198 1101 1232 est
1119 1207 1127 1231 :

150 1256 251 1296 Non
270 1255 375 1302 haec,
398 1268 422 1293 o
446 1251 578 1299 Palla,
596 1250 777 1291 dederas
797 1248 1004 1302 promissa
1025 1248 1204 1301 parenti.

150 1311 326 1352 Cautius
348 1317 395 1350 ut
416 1322 526 1348 saevo
545 1305 672 1348 velles
694 1313 735 1346 te
757 1304 930 1346 eredere
954 1303 1113 1344 Marti!

152 1367 285 1408 Haud
305 1367 475 1420 ignarus
496 1377 623 1411 eram,
645 1368 849 1416 quantum
869 1374 978 1400 nova
999 1359 1132 1412 gloria
1154 1360 1195 1399 in
1215 1361 1351 1408 armis,

151 1424 209 1464 Et
230 1421 445 1477 praedulce
467 1421 596 1461 decus
617 1419 753 1472 primo
781 1415 1008 1457 certamine
1030 1424 1188 1469 posset.

1539 1420 1548 1456 ..-

1561 1419 1585 1455 Cr

1589 1420 1614 1456 :ss

149 1479 352 1521 Primitiae
368 1477 534 1532 juvenis
551 1475 739 1517 miserae!
772 1472 957 1526 bellique
980 1473 1208 1526 propinqui

150 1537 276 1578 Dura
296 1535 534 1576 rudimenta
553 1535 562 1573 !
595 1540 638 1573 et
658 1530 760 1571 nulli
781 1529 984 1571 exaudita
1005 1529 1180 1570 deorum

150 1594 265 1635 Vota
286 1605 520 1646 precesque
542 1591 670 1630 meae!
703 1595 848 1641 tuque,
872 1601 896 1627 o
920 1586 1182 1626 sanctissima
1202 1588 1372 1640 conjux,

153 1649 275 1691 Felix
295 1655 430 1689 morte
451 1655 538 1695 tua,
561 1659 700 1700 neque
721 1645 764 1684 in
777 1644 890 1684 hunc
913 1650 1076 1683 servata
1099 1642 1288 1683 dolorem
1306 1646 1314 1683 Ξ

153 1707 314 1747 Contra
334 1719 414 1759 ego
436 1703 616 1744 vivendo
637 1702 715 1743 vici
737 1715 829 1741 mea
852 1700 950 1748 fata,
975 1707 1189 1754 superstes

705 1757 869 1798 Troum
892 1757 1003 1797 socia
1020 1770 1135 1796 arma
1157 1765 1347 1797 secutum

154 1763 378 1804 Restarem
401 1767 447 1802 ut
462 1761 641 1814 genitor.

1540 1701 1618 1739 1(ῗο

155 1819 403 1860 Obruerent
426 1816 577 1857 Rutuli
598 1814 715 1856 telis!
749 1814 927 1854 animam
949 1814 1040 1866 ipse
1063 1813 1286 1862 dedissem,

153 1875 299 1928 Atque
320 1874 412 1914 haec
433 1887 590 1926 pompa
610 1872 783 1911 domum
803 1884 881 1917 me,
904 1883 987 1908 non
1011 1868 1216 1918 Pallanta,
1239 1869 1416 1911 referret
1434 1873 1442 1910 !

155 1932 251 1972 Nec
271 1945 344 1971 vos
366 1928 591 1982 arguerim,
613 1926 787 1974 Teucri,
812 1939 888 1965 nec
913 1925 1090 1973 foedera,
1114 1940 1204 1974 nec,
1227 1942 1330 1980 quas

153 1987 379 2028 Junximus
400 1984 601 2039 hospitio,
626 1983 823 2031 dextras3
853 1995 942 2022 sors
964 1982 1043 2021 ista
1065 1990 1247 2023 seneetae

161 2097 270 2135 pactio,
287 2100 368 2124 tutos
389 2096 555 2133 praestabat
574 2094 603 2122 h.
622 2094 642 2122 1.
659 2098 689 2122 et
704 2093 826 2122 Latinos
839 2096 869 2121 et

159 2136 314 2172 Trojanos,
330 2139 361 2162 ut
382 2133 527 2172 permixti
548 2133 763 2161 discurrerent.
804 2131 868 2161 Nu-

157 2183 272 2202 merum
298 2172 370 2201 XII
387 2172 503 2200 dierum
521 2172 557 2200 ab
580 2171 714 2200 Homero
743 2169 871 2208 arripnit

158 2213 195 2240 ll.
223 2226 253 2246 ω,
282 2221 335 2240 nec
364 2211 445 2238 aliud
471 2210 544 2247 quid
568 2209 870 2247 quaerendum.-l37

159 2250 276 2278 olentem
293 2250 419 2282 cedrum,
436 2248 601 2276 odoratam.
644 2248 691 2275 De
712 2247 768 2275 hac
784 2248 869 2275 Grae-

158 2298 261 2316 eorum
275 2292 304 2316 et
316 2287 490 2316 Latinorum
505 2286 680 2323 cedrmquae
697 2295 736 2314 ex
748 2285 870 2322 junipe-

159 2336 259 2354 rorum
275 2336 382 2363 genere
397 2329 454 2358 est,
468 2325 542 2352 satis
554 2324 666 2352 dictum
675 2324 712 2351 ad
726 2323 779 2351 lib.
794 2323 871 2356 VII,

163 2366 198 2392 13
213 2370 240 2392 et
257 2366 310 2392 Ge.
324 2364 439 2397 11‚443.
454 2363 492 2391 cs.
505 2362 659 2391 Victorius
674 2361 702 2389 in
714 2361 767 2389 lib.
779 2362 828 2394 33,
843 2362 870 2389 l.

200 2404 313 2431 142—:3
329 2402 453 2430 Servius
470 2401 565 2429 multa
578 2404 706 2438 nugatur
719 2404 871 2436 tamquam

160 2450 197 2468 ex
213 2441 386 2478 antiquitate
399 2440 544 2468 Romana.
586 2439 693 2467 Refert
704 2438 732 2465 h.
747 2437 768 2465 1.
781 2439 872 2476 poeta

159 2478 312 2517 ingeniose
338 2479 374 2506 ad
408 2482 540 2506 veterem
569 2477 721 2506 Arcadum
747 2485 870 2509 morem,

161 2516 243 2555 quod
260 2516 405 2545 Romanis
421 2517 551 2544 sollenne
566 2519 640 2550 erat,
657 2518 690 2543 ut
709 2514 828 2543 facibus
842 2519 872 2542 et

161 2554 259 2583 cereis
273 2555 402 2583 accensis
425 2564 566 2592 pompam
586 2554 742 2582 funebrem
764 2553 801 2580 ad
823 2563 870 2580 ro-

163 2603 232 2631 gum
248 2592 404 2620 ducerent.
446 2593 574 2621 Omnino
587 2596 730 2621 nocturno
739 2595 872 2628 tempore

163 2631 325 2668 exsequias
339 2630 437 2658 facere
452 2641 516 2659 mos
529 2635 612 2659 erat:
636 2631 715 2668 quod
729 2634 827 2657 tamen
843 2630 872 2658 in

162 2670 308 2698 nobilium
330 2668 485 2696 funeribus
512 2679 566 2696 non
593 2679 678 2706 :eque
706 2668 873 2696 obtinuisse

162 2709 232 2736 inde
251 2707 385 2745 colligas,
400 2706 479 2744 quod
496 2716 550 2743 pro
562 2707 669 2735 rostris
683 2706 872 2736 laudationes

1540 1983 1617 2022 165

908 2092 1104 2120 habebantur.
1144 2092 1221 2120 Cum
1243 2092 1362 2120 facibus
1383 2094 1512 2122 fortasse
1528 2094 1619 2122 etiam

909 2140 974 2159 mos
993 2130 1060 2164 suit,
1080 2134 1114 2158 ut
1133 2130 1252 2159 obviam
1266 2131 1522 2168 progrederentur
1543 2142 1621 2161 rnor-

909 2169 981 2202 tuis,
1009 2168 1060 2206 qui
1083 2179 1121 2197 ex
1143 2169 1259 2206 praeliis
1280 2171 1620 2207 reportabantur.-—-l45

910 2207 1093 2245 Comparaut
1109 2207 1149 2235 Il.
1162 2222 1193 2242 ω,
1213 2209 1271 2237 707
1294 2210 1460 2245 δρψ-146
1474 2211 1622 2237 succedere

910 2246 992 2274 tectis
1006 2246 1035 2273 h.
1055 2245 1076 2274 l.
1095 2245 1211 2284 ingredi
1233 2247 1447 2276 urbenn—MT
1470 2247 1622 2276 incendunt

910 2284 1082 2312 clamoribus
1109 2284 1218 2319 urbem,
1251 2285 1400 2314 clamores
1429 2296 1482 2324 pei·
1517 2287 1621 2314 urbem

912 2332 1034 2360 magnos
1049 2322 1172 2351 faciunt.
1192 2333 1219 2352 v.
1237 2324 1273 2352 ad
1288 2323 1333 2357 X,
1346 2324 1415 2354 895.

952 2362 1008 2389 156
1023 2360 1172 2389 Primitioe
1183 2362 1311 2399 jnrenis,
1323 2362 1469 2399 juvenilis
1487 2361 1619 2394 virtutis,

911 2400 1069 2428 factorum.
1082 2399 1318 2438 bellipropinqui,
1331 2400 1463 2428 finitimi:
1486 2410 1520 2428 ac
1535 2399 1606 2427 nimi
1615 2418 1621 2420 -

912 2448 962 2466 um
991 2437 1092 2472 vicini,
1117 2448 1178 2476 quo
1205 2439 1307 2467 Panas
1334 2439 1416 2467 mitti
1440 2442 1565 2475 posset;
1589 2443 1621 2466 ut

911 2477 1095 2505 Sem—160
1115 2477 1231 2505 virendo
1251 2476 1308 2505 vici
1321 2487 1383 2506 mea
1394 2478 1476 2514 fata.
1516 2476 1623 2513 Siinpl.

912 2515 1047 2552 accipio:
1082 2515 1175 2544 vitam
1211 2517 1348 2552 protraxi
1372 2514 1503 2552 longius,
1534 2525 1622 2552 quain

911 2558 1016 2581 natura
1032 2552 1092 2581 sere
1108 2554 1287 2590 videbatur3
1309 2553 1441 2589 mihique
1453 2552 1544 2590 igitur
1557 2553 1622 2590 ipse

913 2591 1082 2629 supervixi,
1095 2597 1128 2620 ut
1152 2597 1238 2630 pater
1252 2595 1407 2628 superstes
1427 2601 1525 2619 essem
1540 2596 1621 2620 nato.

904 2631 974 2667 sata
989 2639 1044 2668 pro
1059 2635 1165 2663 morte,
1175 2640 1261 2669 quam
1271 2639 1308 2657 ex
1319 2632 1433 2657 naturae
1444 2629 1512 2667 lege
1528 2636 1624 2658 matu-

913 2669 986 2701 rius,
997 2672 1026 2697 et
1036 2674 1102 2697 ante
1113 2669 1206 2697 filium
1218 2676 1336 2706 parens,
1345 2667 1446 2696 subire
1454 2667 1624 2696 debuisset.

912 2708 1008 2736 -162
1025 2706 1204 2737 Oba-nerent:
1226 2706 1335 2734 utinam
1352 2716 1398 2734 nie
1420 2706 1518 2744 ipsum
1534 2707 1623 2734 obru-
