1796 3077
188 245 288 297 472

624 249 668 289 P.
699 247 933 287 VIRGILII
965 249 1217 292 MARONIS

185 367 328 412 Mixta
347 370 429 412 deo
450 369 609 419 mulier,
631 378 858 425 postquam
881 371 1113 415 Laurentia
1131 375 1275 426 victor,

186 426 387 481 Geryone
407 428 632 477 exstincto,
649 427 902 482 Tirynthius
923 430 1063 485 attigit
1083 446 1196 481 arva,

183 482 495 539 Tyrrhenoque
515 485 645 525 boves
667 485 709 525 in
730 485 902 528 flumine
923 486 1022 528 lavit
1041 487 1202 530 Iberas.

181 538 276 582 ‘Pila
295 556 420 582 manu
442 556 659 596 saevosque
681 550 834 597 gerunt
854 545 897 584 in
917 543 1028 585 bella
1048 544 1222 586 dolones
1240 561 1251 595 ;

181 597 242 638 Et
263 599 386 638 tereti
405 607 599 652 pugnant
618 614 819 642 mucrone
840 615 1028 656 veruque
1049 601 1235 644 Sabello.

179 653 276 708 Ipse
298 656 443 708 pedes,
466 664 664 710 tegumen
686 664 887 712 torquens
908 659 1086 700 immane
1105 659 1251 709 leonis,

177 711 379 752 Terribili
399 713 613 767 impexum
635 721 750 763 saeta,
775 730 871 756 cum
888 716 1088 757 dentibus
1109 716 1231 766 albis,

177 766 358 809 Indutus
379 770 519 823 capiti,
543 771 600 811 sic
621 772 739 826 regia
759 779 872 813 tecta
893 773 1064 815 subibat

175 822 402 875 Horridus,
424 827 727 882 Herculeoque
748 829 947 871 humeros
968 831 1147 872 innexus
1170 831 1338 872 amictu.

231 882 344 924 Tum
365 884 520 938 gemini
536 884 688 927 fratres
711 885 911 928 Tiburtia
931 888 1086 928 moenia
1105 887 1313 943 linquunt,

1543 888 1630 929 670

174 938 334 980 Fratris
357 941 529 982 Tiburti
549 942 704 983 dictam
725 945 974 998 cognomine
991 952 1174 999 gentem,

173 996 434 1052 Catillusque
455 1013 636 1053 acerque
659 1000 806 1049 Coras,
825 1000 987 1055 Argiva
1002 1002 1204 1055 juventus
1222 1019 1231 1051 ς

173 1053 233 1094 Et
252 1055 427 1108 primam
448 1064 544 1097 ante
562 1057 695 1097 aciem
717 1058 849 1098 densa
870 1058 980 1099 inter
1001 1057 1085 1099 tela
1106 1058 1314 1108 feruntur,

172 1111 262 1151 Ceu
285 1113 370 1153 duo
390 1113 616 1167 nubigenae
636 1129 765 1168 quum
785 1115 942 1156 vertice
958 1116 1111 1156 montis
1133 1117 1187 1156 ab
1209 1115 1295 1156 alto

169 1167 450 1210 Descendunt
473 1170 688 1220 Centauri,
710 1170 924 1212 Homolen
946 1172 1215 1226 Othrquue
1237 1172 1414 1213 nivalem

1542 1172 1626 1212 675

169 1224 432 1280 Linquentes
453 1240 578 1267 cursu
599 1227 771 1280 rapido3
804 1228 878 1268 dat
899 1229 1095 1269 euntibus
1117 1229 1266 1282 ingens

167 1282 281 1323 Silva
302 1283 452 1333 locum,
474 1291 517 1324 et
536 1299 689 1338 magno
710 1284 868 1326 cedunt
889 1285 1071 1339 virgulta
1092 1285 1275 1340 fragore.

202 1413 258 1441 061
276 1413 366 1442 mixta
377 1416 490 1449 μιγεῖσα
507 1417 570 1453 θεῷ,
591 1415 866 1452 connressa,f1crti-

164 1461 228 1478 vum
252 1452 340 1480 edidit
365 1462 421 1490 pro
458 1453 594 1491 vulgari:
630 1453 743 1482 furtivo
778 1459 866 1492 partu

162 1490 268 1518 edidit.
282 1490 312 1518 in
332 1490 448 1520 luminis
463 1502 542 1525 ormi,
558 1503 582 1522 s.
600 1502 655 1530 pro
670 1492 756 1526 locis,
770 1502 795 1520 s.
812 1502 868 1530 pro

161 1539 252 1556 auras
267 1529 391 1566 dictum,
410 1531 490 1568 quod
516 1531 628 1563 malim,
649 1531 729 1559 conf.
745 1532 801 1560 Ge.
825 1531 871 1565 11,

162 1568 212 1595 -17,
225 1567 386 1597 Laurentia
399 1579 485 1603 arva,
501 1574 535 1598 ut
547 1571 648 1608 poeta,
670 1569 762 1599 latius
777 1569 870 1605 dixit,

160 1615 229 1634 nam
244 1608 323 1644 apud
339 1608 524 1641 Evandrum,
541 1608 592 1647 qni
615 1613 677 1637 tum
701 1609 769 1638 loca
792 1609 871 1638 elica

162 1644 332 1675 Palatinum
353 1651 384 1675 et
407 1648 588 1677 Aventinum
611 1648 741 1679 tenebat.
763 1648 870 1677 dever-

160 1688 239 1712 terat
262 1685 429 1715 Hercules:
453 1697 512 1725 qua
536 1687 574 1715 de
589 1697 621 1715 re
636 1697 664 1715 v.
690 1687 786 1722 VIII,
808 1688 866 1716 200

160 1724 305 1760 ὅκῃ-663
326 1725 480 1763 poeticum
510 1730 646 1754 ornatum
673 1726 761 1754 habet
783 1736 864 1754 com-

160 1762 248 1791 mode
263 1763 300 1791 ab
315 1774 349 1792 eo
363 1764 502 1802 petitum,
518 1765 599 1802 quod
621 1765 649 1792 in
665 1769 865 1793 armentorum

158 1809 231 1829 cura
254 1803 409 1840 proprium
428 1808 485 1836 est,
502 1803 604 1831 lavare
628 1813 768 1841 gregem3
789 1813 862 1841 pro:

157 1843 186 1867 et
199 1846 331 1869 aristeum
339 1852 373 1869 ex
384 1841 532 1879 Hispania
544 1842 675 1871 adduxit.
691 1843 748 1871 &64
763 1842 793 1870 in
806 1842 863 1870 bel-

157 1877 186 1906 la
199 1878 228 1906 h.
238 1889 265 1907 e.
281 1880 317 1907 ad
332 1890 417 1908 usum
435 1881 516 1908 belli.

195 1918 468 1955 664——66990runt
490 1929 531 1946 sc.
554 1918 694 1948 Aventini
717 1918 861 1947 comites:

156 1964 233 1992 quos
247 1956 348 1993 paullo
373 1957 478 1986 durius
500 1957 624 1995 intelligi
649 1967 705 1985 non
724 1957 858 1993 iniitior;

155 1994 212 2022 etsi
227 2004 263 2022 eo
277 1995 386 2024 ducere
400 2001 502 2034 potest
516 2000 547 2024 τὸ
563 1996 630 2035 Ipse
641 1997 747 2025 muco.
788 1996 858 2025 Pila

154 2032 229 2061 bene
251 2039 406 2069 memorat,
428 2039 578 2073 tamquam
599 2036 803 2064 Romanorum
828 2039 858 2064 et

153 2070 298 2100 Italorum
316 2073 427 2105 telum:
449 2084 477 2102 v.
493 2075 531 2103 de
551 2074 589 2102 iis
606 2074 715 2111 Polyb.
731 2074 788 2108 VI,
804 2075 854 2108 21,

152 2110 203 2138 ubi
228 2114 307 2139 ὑσσοὶ
330 2113 526 2150 appellantur.
573 2114 621 2142 De
647 2112 746 2142 dolone
766 2113 854 2142 unice

153 2150 393 2187 amplectendum
409 2156 467 2185 est,
481 2152 561 2190 quod
577 2161 593 2180 e
608 2152 741 2180 Varrone
767 2152 854 2181 affert

152 2188 298 2225 Servius3
326 2200 393 2219 esse
419 2191 567 2228 ingentem
594 2201 663 2219 cum
684 2191 762 2219 ferro
789 2191 857 2219 bre-

152 2225 288 2257 vissimo.
303 2229 377 2258 Tale
400 2240 492 2268 genus
510 2230 561 2258 teli
580 2230 642 2258 illis
666 2229 856 2268 temporibus

150 2268 417 2297 accommodatum.
463 2269 559 2297 Petiit
581 2269 647 2297 binc
672 2268 766 2297 Silius
785 2269 850 2303 ΙΙΙ,

148 2303 427 2335 250.-—]l11tcr071em
437 2311 552 2336 teretem
565 2317 621 2336 non
633 2307 690 2335 nisi
703 2307 741 2336 de
751 2307 852 2345 gladio

150 2343 263 2380 exigno
278 2346 372 2384 accipi
389 2355 477 2384 posse
492 2350 576 2384 puto,
592 2345 739 2375 Sabellum
752 2350 851 2375 autem

150 2390 219 2409 veru
229 2382 341 2412 nullum
355 2385 435 2414 aliud
447 2395 514 2413 esse
524 2385 654 2418 videtur,
664 2395 751 2423 quain
762 2395 852 2413 veru-

152 2424 226 2462 tum,
238 2423 332 2459 jaculi
347 2433 399 2452 seu
413 2423 465 2452 teli
480 2424 605 2452 missilis
621 2433 726 2462 genus‘.
767 2424 853 2452 Sam-

148 2458 254 2488 mtium
281 2461 402 2498 quidem
440 2463 597 2500 proprium
634 2463 690 2491 hoc
724 2462 852 2491 telorum

149 2506 256 2534 genus,
270 2503 378 2528 σαυνίων
397 2501 523 2535 dictum,
539 2512 555 2530 a
570 2511 629 2539 quo
643 2501 718 2530 adeo
742 2511 849 2530 nomen

148 2545 251 2564 eorum
266 2538 391 2568 ductum
408 2550 475 2568 esse
489 2540 596 2569 volunt
615 2539 804 2568 Saunitarum
819 2546 849 2570 et

147 2575 347 2605 Samnitarum
374 2588 426 2606 seu
451 2579 629 2607 Samnitum.
661 2589 691 2607 v.
722 2579 849 2608 Festum

147 2623 213 2642 voc.
225 2615 401 2644 Samnitibus
416 2622 445 2645 et
460 2618 510 2655 qui
538 2618 575 2646 ad
599 2628 626 2646 c.
641 2618 661 2646 l.
680 2617 849 2653 laudantur,

147 2657 179 2681 et
193 2653 327 2682 Strabon.
345 2654 382 2682 V.
397 2664 427 2691 p.
441 2657 508 2684 3253.
526 2657 564 2685 B.
585 2657 664 2691 Jam,
679 2666 746 2684 cum
761 2657 845 2685 Sam-

147 2691 226 2720 nites
254 2692 373 2722 Sabina:
397 2694 496 2731 gentis
517 2705 649 2734 propago
667 2695 736 2729 sint,
756 2696 846 2725 etiam

146 2730 263 2761 Sabinis
285 2731 365 2762 idem
388 2731 483 2762 hastae
505 2743 597 2770 genus
623 2734 754 2764 sollenne
780 2744 847 2764 csse

907 1418 959 1443 aut
979 1415 1084 1444 saltem
1102 1415 1194 1444 tribui
1210 1415 1318 1453 potuit,
1333 1415 1413 1443 unde
1433 1426 1502 1444 veru
1517 1415 1618 1444 Sabel-

907 1453 977 1482 Ιιιηι.
1027 1455 1095 1483 Nisi
1108 1454 1226 1483 omniuo
1241 1463 1396 1482 commune
1421 1454 1477 1483 fuit
1494 1454 1621 1492 populo--

907 1502 974 1520 rum
991 1493 1070 1521 Latii
1085 1498 1116 1522 et
1138 1493 1264 1531 reliqua:
1284 1492 1394 1521 Italia:
1409 1493 1460 1521 Sic
1486 1494 1543 1521 Ge.
1568 1493 1618 1527 II,

913 1533 980 1560 105.
1026 1531 1147 1561 Volscos
1158 1536 1275 1560 verutos
1289 1530 1619 1569 vidimus.—066109u-

910 1581 973 1599 men
989 1570 1089 1606 leonis,
1105 1571 1153 1599 cui
1167 1581 1245 1599 nnnc
1259 1575 1331 1599 scota
1346 1570 1499 1604 tribuitur,
1516 1575 1550 1599 ut
1563 1571 1617 1599 inf.

910 1610 968 1638 790
991 1610 1073 1644 bovi,
1094 1613 1163 1638 sunt
1185 1610 1325 1644 exuviae3
1346 1608 1400 1637 has
1419 1614 1547 1649 torquet,
1566 1619 1615 1638 re-

910 1652 1042 1686 torquet,
1057 1649 1087 1677 in
1113 1649 1242 1677 cinctum
1258 1647 1403 1686 corporis.
1427 1648 1524 1683 VIII,
1537 1649 1615 1677 460:

906 1686 1046 1716 Demissa
1054 1687 1090 1716 ab
1105 1687 1332 1726 Ioevapantlzerae
1342 1691 1423 1724 lerya
1432 1691 1614 1725 retorquens.

906 1726 1038 1755 Easdem
1063 1726 1189 1755 exuvias
1214 1726 1255 1754 ita
1275 1726 1484 1755 accommodat
1508 1725 1613 1764 capiti,

906 1769 939 1793 ut
953 1766 1048 1794 rietus
1064 1765 1154 1803 pellis
1174 1775 1229 1803 pro
1243 1765 1326 1803 galea
1340 1764 1389 1798 sit,
1412 1769 1444 1794 ut
1464 1764 1529 1799 XI,
1543 1765 1612 1794 680.

904 1805 981 1832 681:
1017 1809 1102 1843 caput
1129 1804 1229 1842 inglens
1249 1802 1311 1832 onis
1335 1803 1431 1831 hiatus
1455 1803 1498 1832 Et
1527 1802 1611 1832 malae

904 1847 999 1871 texere
1023 1843 1084 1882 lupi
1098 1853 1160 1871 vum
1181 1842 1313 1871 <lentibus
1335 1841 1420 1871 albis.
1433 1842 1473 1871 cs.
1488 1852 1558 1870 mox
1579 1853 1608 1872 v.

902 1882 1053 1910 fisaoso.
1097 1881 1241 1910 Dentiuu]
1265 1881 1402 1916 nitorem,
1419 1885 1451 1910 ut
1473 1881 1502 1909 in
1523 1891 1608 1918 apro,

903 1919 947 1947 sic
969 1919 998 1948 in
1012 1920 1097 1948 leone
1113 1931 1168 1948 non
1187 1920 1307 1948 memini
1320 1929 1445 1957 usquam
1462 1920 1608 1957 praediea-

899 1961 981 1986 tum:
1003 1961 1105 1996 itaque
1127 1959 1209 1987 allum
1223 1962 1337 1987 tantum
1351 1968 1458 1986 ornans
1475 1967 1544 1986 esse
1561 1958 1605 1987 vi—

899 1996 989 2025 detur
1016 1998 1182 2035 epitheton.
1230 1998 1266 2025 In
1292 1996 1403 2026 ceteris
1429 1996 1534 2025 scabra
1558 2001 1606 2026 est

898 2035 1004 2064 oratio.
1057 2036 1143 2064 Idem
1172 2039 1219 2064 est
1250 2039 1380 2072 {cyumen
1407 2039 1547 2073 torquens
1573 2040 1605 2065 et

895 2073 1011 2103 indutus
1030 2074 1138 2112 (illud)
1156 2074 1245 2112 capiti
1266 2078 1297 2102 et
1323 2074 1456 2102 humeros
1484 2073 1604 2103 imtexus

893 2112 1010 2141 amictu.
1052 2113 1184 2141 Praestat
1204 2112 1309 2141 saltem
1331 2112 1518 2151 distinguere
1532 2118 1604 2151 post

894 2151 995 2189 capili,
1018 2154 1052 2179 ut
1074 2151 1133 2180 sit:
1156 2151 1224 2190 Ipse
1242 2151 1341 2190 pedes,
1367 2152 1514 2190 (pugnat)
1541 2157 1603 2180 tor-

897 2201 987 2229 quens
1013 2194 1152 2228 Hyantea,
1175 2190 1291 2218 inclutus
1312 2193 1373 2227 (sc.
1397 2190 1471 2218 illud
1494 2201 1518 2219 s.
1533 2191 1601 2228 ille)

897 2229 1004 2267 capili:
1026 2232 1133 2266 (caput
1157 2239 1191 2257 eo
1208 2229 1347 2258 indutum
1368 2229 1507 2268 babens).
1547 2230 1600 2258 Sic

892 2268 973 2306 reyz‘a
988 2272 1062 2296 lecta
1076 2267 1187 2296 subibat
1205 2267 1354 2297 Horridus
1368 2272 1428 2296 etc.

929 2307 1083 2336 1570—077
1097 2306 1133 2334 In
1149 2307 1302 2336 condenda
1313 2307 1387 2335 urbe
1397 2307 1523 2336 Tiburte
1535 2310 1597 2335 tres

890 2346 999 2374 fratres
1015 2346 1207 2375 consociasse
1222 2355 1330 2384 operas
1345 2355 1415 2374 suas
1427 2348 1594 2379 narrantur,

892 2384 1079 2423 Amphiarai,
1097 2384 1147 2422 qui
1162 2385 1199 2413 ad
1215 2385 1337 2414 Thebas
1358 2385 1394 2412 ab
1410 2388 1495 2412 terra
1504 2383 1594 2411 haus-

892 2428 941 2452 tus
957 2423 1081 2457 interiit,
1095 2423 1214 2462 Argivi,
1232 2423 1295 2451 filii.
1335 2423 1489 2452 Transfert
1500 2421 1553 2449 hos
1565 2422 1594 2450 iu

892 2463 997 2492 AEneae
1013 2466 1148 2500 tempora
1162 2463 1424 2500 poeta.—9entem‚
1439 2464 1471 2488 ut
1489 2461 1593 2498 poeta,

888 2505 999 2534 narrat,
1011 2511 1077 2529 cum
1087 2500 1183 2529 urbem
1197 2501 1225 2529 in
1235 2502 1369 2530 oratione
1382 2499 1481 2527 soluta
1495 2499 1593 2528 dixis·-

889 2545 955 2575 set,
977 2539 1018 2568 cs.
1040 2540 1098 2574 IV,
1112 2541 1152 2568 40
1170 2544 1249 2568 not.:
1274 2549 1303 2568 v.
1327 2539 1385 2567 673
1399 2541 1590 2571 προμάχοιτιιι

889 2579 1011 2608 heroum
1033 2578 1124 2607 Hom.
1137 2578 1278 2616 exemplo
1297 2580 1508 2615 procurrentes
1523 2582 1592 2606 ante

888 2618 1091 2646 aeie1n.—222
1123 2617 1279 2655 nnbiyenas
1309 2615 1477 2644 Centauros
1519 2625 1588 2644 cum

886 2656 988 2694 prisca
1009 2656 1153 2694 loquendi
1180 2656 1257 2684 ratio
1282 2653 1475 2691 appellasset,
1503 2654 1585 2692 quod

885 2695 1050 2724 altissimos
1076 2694 1241 2723 Thessaliae
1261 2697 1388 2726 montes,
1417 2703 1455 2721 ex
1477 2693 1588 2734 quibus

888 2734 1003 2773 Othrya
1018 2738 1049 2764 et
1063 2732 1193 2764 Homole
1206 2735 1274 2762 sunt
1290 2731 1337 2770 (v.
1353 2731 1391 2761 do
1405 2731 1460 2762 boc
1481 2731 1586 2770 steph.
