1796 3077
180 218 275 262 408
596 213 636 249 P.
671 209 901 247 VIRGan
934 209 1182 248 MARONIS

183 334 286 375 Non
303 334 454 375 Simois
475 333 562 381 tibi,
581 345 658 372 nec
681 328 895 377 Xanthus,
918 343 996 370 nec
1018 328 1177 370 Dorica
1197 338 1333 373 castra

182 391 421 432 Defuerint.
482 389 604 430 Alius
628 386 751 427 Latio
767 387 854 440 jam
870 393 1016 439 partus
1038 384 1240 436 Achilles,

180 448 325 489 Natus
347 455 389 489 et
410 448 498 500 ipse
521 446 615 486 dea.
675 442 769 483 Nec
792 442 972 483 Teucris
994 442 1140 483 addita
1161 443 1275 483 Juno

183 505 373 560 Usquam
395 503 552 551 aberit3
585 515 715 555 quum
736 507 782 540 tu
804 499 986 554 supplex
1005 500 1047 540 in
1067 500 1195 541 rebus
1217 500 1359 555 egenis

183 562 303 609 Quas
323 567 471 615 gentes
493 558 645 600 Italum
666 565 739 598 aut
759 572 863 611 quas
885 572 968 598 non
989 557 1172 598 oraveris
1194 558 1344 598 urbes!

182 620 321 660 Causa
342 616 437 658 mali
458 616 562 657 tanti
583 615 739 669 conjux
760 615 923 664 iterum,
946 614 1116 668 hospita
1137 614 1332 663 Teucris,

1570 443 1627 483 90

181 676 446 728 Externique
466 674 617 714 iterum
637 671 822 713 thalami.

181 733 255 774 Tu
275 747 326 772 ne
347 732 450 772 cede
472 730 611 780 malis;
644 729 718 771 sed
739 735 885 770 contra
906 727 1129 769 audentior
1149 728 1223 778 ito,
1572 729 1628 769 95

181 790 280 836 Qua
301 796 374 829 tua
394 796 436 829 te
457 787 645 829 Fortuna
666 787 787 827 sinet.

851 785 934 826 Via
954 785 1088 839 prima
1109 785 1266 834 salutis,

181 847 312 893 Quod
333 846 497 887 minime
519 845 634 893 reris,
658 843 792 883 Graia
811 843 1022 897 pandetur
1038 843 1092 882 ab
1113 843 1231 883 urbe.

235 902 415 943 Talibus
437 917 490 943 ex
512 902 639 955 adyto
661 901 783 941 dictis
807 900 979 940 Cumaea
1004 899 1164 953 Sibylla

180 959 430 1001 Hori-endas
450 960 560 1000 canit
582 959 793 1012 ambages,
815 964 1021 1009 antroque
1043 956 1224 1010 remugit

181 1017 388 1058 Obscuris
404 1032 502 1058 vera
522 1014 733 1056 involvens
748 1030 757 1062 ;
790 1029 839 1054 ea
856 1013 976 1053 frena
994 1012 1150 1053 furenti

1553 1013 1630 1055 100

178 1074 390 1122 concutit,
407 1082 450 1114 et
471 1071 660 1114 stimulos
683 1072 761 1112 sub
783 1077 955 1124 pectore
976 1070 1101 1110 vertit
1118 1068 1288 1123 Apollo.

179 1131 241 1172 Ut
261 1132 440 1185 primum
461 1130 585 1171 cessit
606 1129 734 1177 furor,
755 1135 797 1167 et
815 1127 963 1167 rabida
986 1142 1059 1167 ora
1080 1128 1290 1180 quierunt,

178 1187 333 1242 Incipit
354 1187 515 1228 AEneas
536 1186 682 1226 heros:
716 1184 819 1224 Non
842 1183 923 1223 ulla
939 1183 1143 1232 laborum,

179 1244 221 1284 O
243 1246 372 1298 virgo,
392 1258 500 1284 nova
521 1243 576 1283 mi
596 1242 723 1282 facies
744 1241 964 1294 inopinave
986 1241 1118 1293 surgit
1135 1257 1145 1289 ;

180 1301 334 1342 Omnia
353 1300 549 1355 praeccpi,
571 1306 698 1352 atque
719 1298 855 1337 animo
876 1312 1040 1337 mecum
1060 1304 1156 1337 ante
1177 1296 1337 1350 peregi.

497 1357 683 1402 Quando
699 1354 767 1396 hic
790 1353 939 1393 inferni
954 1354 1086 1406 janua
1106 1354 1216 1407 regis

180 1358 325 1398 Unum
346 1373 435 1398 oro.

1550 1296 1629 1335 105

180 1415 375 1455 Dicitur:
407 1420 450 1454 et
470 1413 695 1454 tenebro<a
716 1410 836 1465 palus
860 1409 1104 1451 Acheronte
1132 1409 1288 1459 refuso,

177 1471 246 1512 Ire
266 1472 320 1512 ad
342 1478 615 1524 conspectum
634 1469 720 1510 cari
739 1467 941 1522 genitoris
961 1473 1003 1507 et
1024 1481 1099 1507 ora

180 1529 430 1582 Contingat3
462 1528 616 1568 doceas
638 1527 742 1575 iter-3
774 1532 817 1565 et
838 1538 957 1564 sacra
977 1524 1085 1564 ostia
1104 1523 1280 1578 pandas·

176 1658 304 1686 272—85
325 1668 391 1695 sqq.
432 1657 544 1685 Eadem
565 1654 766 1684 calamitatum
791 1653 882 1682 series

179 1701 359 1725 renascetur.
380 1695 420 1724 cf.
440 1696 492 1724 inf.
519 1694 563 1727 X,
579 1696 628 1728 (30,
652 1694 702 1726 61,
726 1695 775 1722 62.
796 1692 884 1720 Alius

179 1735 319 1767 Achilles,
339 1735 458 1763 Turnus
474 1733 601 1762 Venilia»
622 1733 643 1760 f.
663 1743 691 1760 v.
708 1732 762 1761 inf.
776 1731 822 1764 X,
833 1732 882 1759 76.

177 1776 217 1803 90
231 1773 294 1802 Nec
308 1773 425 1802 Teucris
436 1772 533 1801 addita
544 1772 568 1800 J
570 1783 624 1800 1010
640 1771 767 1808 Usquam
779 1769 882 1798 aberit.

178 1812 394 1850 Interpretatio
409 1811 492 1840 locie
504 1811 656 1839 veteribus
668 1810 752 1837 nobis
765 1812 883 1837 servata

177 1856 236 1880 est.
266 1851 403 1879 Macrob.
418 1850 464 1878 vl
481 1850 544 1878 Sat.
560 1850 579 1877 4
599 1858 689 1876 unum
705 1857 742 1876 ex
757 1847 793 1875 iis
808 1846 883 1874 locis

178 1900 248 1918 esse
267 1890 364 1923 docet,
391 1888 421 1916 in
444 1888 553 1926 quibus
581 1890 734 1915 vetustum
757 1885 882 1913 verbum

179 1927 345 1956 servaverit
364 1928 465 1965 poeta.
489 1925 597 1959 addila,
614 1925 645 1952 id
662 1929 716 1957 est,
743 1923 839 1959 affixa,
853 1927 880 1950 el

174 1977 228 2004 per
241 1967 303 1999 hoc,
322 1966 437 2003 infesta.
476 1964 612 2002 Hocjoem
626 1963 738 1991 dixerat
755 1961 882 1990 Lucilius

179 2005 226 2033 lib.
241 2005 329 2034 XVI
340 2004 385 2033 his
395 2003 523 2033 versibus
534 2015 543 2030 :
568 2006 585 2019 “
602 2002 637 2030 Si
653 2002 722 2030 mihi
736 2012 791 2029 71071
800 2011 882 2039 prce-

178 2049 225 2072 tor
238 2043 291 2072 siet
306 2043 421 2072 additus
436 2047 522 2082 alque
540 2041 628 2079 ayitet
648 2051 701 2075 me,
726 2039 795 2068 Non
810 2038 881 2068 male

177 2082 218 2111 sic
234 2082 292 2116 ille,
304 2087 336 2111 ut
347 2082 420 2115 dico,
437 2092 479 2110 me
493 2080 658 2110 extenderat
675 2078 780 2107 auus.''
806 2079 880 2107 Cus-

177 2126 232 2155 10.9‚
247 2121 361 2155 vultur,
377 2120 429 2159 qui
445 2120 622 2158 Tityijecur
636 2119 787 2147 observat.
815 2117 882 2146 Jani

178 2165 278 2188 autem
294 2160 345 2198 qui
366 2159 495 2188 custodes
514 2158 605 2186 addin?
623 2161 702 2190 sunt,
726 2157 754 2185 iu
776 2155 882 2194 primis

177 2209 303 2236 peccare
333 2199 514 2231 volentibus,
542 2197 634 2226 iidem
656 2196 773 2224 molesti
800 2199 879 2228 suut,

177 2237 324 2273 difficiles,
359 2237 470 2271 odiosi,
498 2235 610 2265 infesti.
638 2235 726 2263 Conf.
754 2234 882 2262 Gesneri

176 2276 322 2305 Thesaur.
341 2277 402 2305 LL.
417 2276 446 2304 h.
463 2286 492 2304 v.
506 2274 669 2313 Virgilium
687 2274 819 2301 imitatus
835 2276 882 2301 est

177 2315 206 2342 in
228 2315 312 2343 vocis
342 2325 398 2343 usu
421 2314 515 2343 Silius
541 2314 586 2347 Il,
613 2314 670 2341 595
696 2312 757 2348 aqit
783 2311 883 2340 addita

178 2353 310 2391 Erinnys
322 2355 394 2381 —91
414 2353 554 2386 oraveriS,
568 2362 599 2380 v.
613 2352 666 2380 lib.
681 2351 764 2379 VIII
779 2351 821 2378 Ex
830 2360 880 2378 an-

178 2392 265 2420 drum
280 2395 309 2420 et
324 2392 478 2430 Agyllinos
494 2392 652 2423 Etruscos,
673 2390 702 2418 z'u
718 2389 802 2418 rebus
815 2399 879 2427 eye-

177 2430 234 2463 uis,
248 2431 395 2468 angustis,
411 2430 601 2468 periculosis.
643 2428 715 2457 Noli
728 2438 796 2456 cuni
809 2428 879 2456 Ser-

177 2468 229 2496 vio
253 2473 284 2497 et
317 2468 381 2497 aliis
410 2470 448 2498 de
478 2469 555 2497 fame
583 2467 732 2505 accipere.
766 2467 878 2504 conjux,

178 2507 312 2541 Lavinia,
334 2512 367 2536 ut
391 2507 461 2536 olim
484 2507 691 2536 Helena.—96
710 2515 768 2544 qua
789 2507 835 2534 via
848 2509 879 2534 et

177 2546 302 2580 ratione,
335 2559 365 2584 ῃ,
390 2550 531 2584 quantum
562 2556 618 2583 per
642 2546 733 2574 satum
761 2544 879 2578 licebit,

177 2588 320 2624 quantum
337 2585 399 2612 lieri
416 2585 536 2622 poterit.
557 2586 608 2613 Sic
621 2584 667 2617 II,
683 2584 740 2612 387
756 2582 782 2611 O
797 2582 877 2617 socii,

177 2635 236 2666 qna
246 2623 356 2663 prima,
371 2623 606 2661 inquil,jorluna
614 2623 717 2651 salutis
726 2622 877 2650 Monstrat

176 2667 244 2696 tter,
265 2671 376 2701 quaque
391 2662 512 2689 ostendit
529 2672 558 2688 se
575 2662 688 2696 dextra,
713 2671 876 2700 sequamur.

179 2701 220 2730 Et
246 2711 313 2739 sup.
341 2701 366 2736 l,
392 2701 457 2728 41³.
511 2700 686 2738 Corripuere
713 2699 798 2733 viam,
823 2710 879 2738 qm!

923 1653 1024 1680 semita
1048 1653 1302 1681 monstram—96
1327 1651 1374 1681 υἱα
1400 1651 1495 1689 prima
1518 1651 1631 1680 salutis.

923 1696 1097 1729 comparant
1123 1691 1266 1729 Apollon.
1292 1691 1338 1723 II,
1364 1691 1432 1720 388.
1476 1689 1571 1718 Graia
1593 1690 1629 1719 ab

922 1730 1003 1763 urbe,
1025 1730 1179 1759 Pallanteo
1204 1730 1348 1764 Evandri,
1372 1729 1486 1763 veniet,
1507 1729 1629 1758 auxiliis

921 1769 991 1797 inde
1004 1769 1147 1806 acceptis.

962 1809 1017 1835 100
1038 1808 1155 1836 Eventa
1176 1818 1274 1837 rernm
1289 1806 1426 1836 obscuris
1441 1806 1542 1836 verbis
1557 1815 1627 1843 pro·

923 1846 977 1874 dit.
1019 1846 1162 1874 Imitatur
1185 1847 1283 1875 locum
1304 1847 1442 1875 Lucanus
1458 1846 1486 1880 1,
1509 1855 1540 1874 v.
1559 1845 1628 1873 637.

921 1885 1098 1913 638.—100.
1134 1887 1187 1914 101
1221 1886 1295 1914 adeo
1329 1885 1531 1914 concitaverat
1563 1893 1627 1911 eam

921 1922 1044 1960 Apollo.
1066 1923 1141 1952 conf.
1157 1934 1186 1952 v.
1198 1925 1247 1952 79.
1268 1925 1307 1953 80
1321 1934 1354 1952 ea
1365 1924 1466 1961 frena,
1481 1926 1554 1956 τοῖα,
1566 1925 1627 1950 tani

922 1961 1033 1989 valida.
1053 1961 1182 1990 stimulos
1201 1963 1252 1990 sub
1264 1966 1382 2000 pectore
1395 1961 1492 1993 vertit,
1515 1960 1545 1989 h.
1560 1970 1586 1989 e.
1600 1960 1630 1989 in

922 2004 1042 2037 pectore
1068 2000 1143 2038 sugit,
1168 2001 1283 2038 pectori
1305 2000 1419 2028 subdit.
1474 1999 1533 2028 Sed
1558 1998 1628 2036 plus

921 2039 998 2067 inest
1013 2039 1097 2066 alteri
1114 2040 1206 2067 verbo
1221 2038 1391 2067 continuato
1414 2039 1487 2067 ictu.
1529 2037 1629 2066 Frena

920 2082 948 2105 et
958 2077 1089 2105 stimulos
1104 2077 1140 2105 ad
1158 2077 1287 2106 furorem
1299 2077 1510 2106 declarandum
1526 2086 1543 2104 a
1554 2076 1629 2104 Tra-

922 2116 998 2154 gicis
1012 2116 1101 2144 habet
1123 2117 1230 2153 poeta3
1251 2116 1379 2145 fortasse
1398 2126 1436 2144 ex
1452 2115 1560 2149 οἶστρος
1574 2124 1627 2143 na-

923 2160 979 2183 tos.
1003 2154 1078 2183 Mox
1097 2165 1125 2183 v.
1140 2155 1305 2192 l<l>l.sacie3
1319 2158 1365 2183 est
1376 2155 1505 2193 species,
1515 2163 1627 2192 genus3

921 2194 1024 2231 sezryit,
1056 2193 1218 2231 exquisite,
1253 2194 1397 2228 occurrit,
1421 2198 1479 2227 est,
1510 2192 1628 2221 scilicet

920 2233 1056 2261 andierat
1070 2232 1183 2260 AEneas
1197 2233 1294 2260 omnia
1308 2242 1324 2260 a
1339 2236 1423 2270 patre
1437 2232 1553 2266 V‚730.
1567 2231 1623 2259 731

920 2276 951 2300 et
966 2270 1082 2300 Heleno
1098 2271 1162 2304 ΙΙΙ,
1176 2272 1252 2303 4,3ἑ-5;
1274 2271 1375 2309 itaque
1394 2273 1456 2308 jam
1472 2274 1540 2299 aute
1562 2268 1624 2298 ani-

921 2320 968 2338 mo
984 2314 1170 2346 conceperat,
1194 2314 1348 2345 προὶῑλαβι.
1367 2309 1470 2348 peregi
1490 2317 1544 2346 pro
1558 2306 1625 2336 vul-

921 2348 983 2387 gari
999 2360 1004 2377 :
1026 2348 1126 2386 exegi,
1140 2349 1337 2386 perpendi.—

960 2387 1115 2425 lofijrmua
1137 2388 1224 2425 reyis,
1242 2387 1270 2415 h.
1293 2397 1320 2416 e.
1344 2386 1448 2424 palatii
1471 2384 1519 2413 vel
1540 2384 1625 2422 regni

919 2426 1221 2455 aditus—tenebrosa
1240 2425 1326 2464 palus
1338 2425 1502 2454 Acheronte
1514 2424 1624 2460 refuso.

919 2466 995 2494 Cum
1009 2464 1206 2494 Acherontem
1221 2474 1291 2493 mox
1306 2465 1335 2493 in
1349 2462 1453 2492 inseris
1463 2461 1542 2490 locis
1554 2461 1624 2498 poni

918 2515 934 2533 a
946 2505 1037 2542 poeta
1051 2503 1218 2538 videamus,
1232 2503 1370 2536 Servius,
1383 2505 1413 2529 et
1427 2510 1466 2529 ex
1481 2509 1516 2528 eo
1532 2499 1625 2528 Pom-

917 2543 1035 2582 ponius,
1059 2542 1270 2580 pronuntiant:
1299 2541 1449 2570 Avernum
1469 2538 1624 2576 significat,

917 2591 1000 2620 quem
1020 2582 1081 2609 vult
1102 2581 1184 2609 nasci
1202 2581 1236 2609 de
1259 2577 1435 2609 Acherontis
1455 2576 1622 2612 oestuariis3

917 2625 949 2650 ut
965 2622 1103 2649 Avernus
1124 2619 1165 2649 sit
1183 2617 1361 2648 Acherontis
1379 2616 1445 2653 (cui
1463 2620 1553 2644 cestus
1569 2615 1624 2645 tri-

917 2659 1019 2687 buitur
1033 2659 1084 2687 ius.
1098 2669 1126 2687 v.
1140 2659 1209 2688 296.
1225 2656 1299 2694 297)
1313 2665 1351 2684 ex
1368 2654 1468 2684 inferis
1483 2654 1620 2693 partibus

920 2698 1098 2727 exundantis
1114 2702 1143 2725 et
1155 2705 1245 2734 supra
1260 2694 1383 2723 crateris
1405 2693 1450 2722 sui
1471 2693 1553 2722 labra
1568 2702 1623 2722 exv
