1796 3077
637 223 905 262 AENEIDOS.

963 223 1064 261 LIB.
1095 224 1147 261 11.

167 349 408 404 Subjiciunt
428 348 587 404 lapsus,
609 356 652 390 et
674 356 856 403 stuppea
876 347 1040 389 vincula
1061 347 1169 389 eollo

168 406 425 447 Intendunt:
459 406 621 447 scandit
639 405 778 447 fatalis
798 404 992 446 machina
1011 420 1164 453 muros,
1211 436 1224 444 .

469 464 589 518 pueri
611 463 768 505 circum
788 463 1062 517 innuptaeque
1083 460 1234 516 puellae

167 462 272 504 Feta
292 463 415 504 armis
429 479 437 503 :

1224 412 1301 435 xvv&

171 520 302 562 Sacra
322 529 489 570 canunt,
512 520 738 574 funemque
757 534 884 560 manu
903 520 1145 574 contingere
1166 518 1354 573 gaudent
1371 533 1378 558 :

168 576 248 618 Illa
267 578 393 627 subit,
414 578 647 632 mediaeque
667 578 828 618 minans
849 576 1033 617 illabitur
1053 577 1162 617 urbi.

169 633 211 675 Ο
232 635 382 689 patria,
406 650 430 675 0
451 635 593 675 divum
613 635 761 676 domus
784 633 919 682 Ilium,
942 642 984 674 et
1005 632 1146 674 inclita
1167 632 1278 674 bello

169 691 335 732 Moenia
362 691 676 733 Dardanidum!
709 698 860 745 quater
880 691 971 744 ipso
992 691 1034 730 in
1055 689 1193 731 limine
1215 698 1349 744 portae

170 749 383 798 Substitit,
407 757 533 802 atque
554 755 676 789 utero
697 749 877 788 sonitum
899 755 1050 801 quater
1070 762 1185 794 arma
1205 747 1374 788 dedere.

169 804 380 847 Instamus
401 813 541 845 tamen
561 806 823 845 immemores
844 804 1029 857 caecique
1053 803 1207 853 furore,

171 862 231 903 Et
252 870 482 903 monstrum
502 861 647 902 infelix
668 869 832 902 saerata
852 861 1035 900 sistimus
1057 876 1165 901 arce.

170 919 298 960 Tunc
318 919 444 959 etiam
465 918 561 959 fatis
582 918 720 972 aperit
741 917 981 958 Cassandra
1002 917 1153 957 futuris

171 976 276 1025 Ora,
299 976 368 1017 dei
383 976 508 1029 jussu
528 990 612 1016 non
632 990 817 1029 unquam
836 974 999 1015 credita
1019 973 1212 1014 Teucris.

172 1032 267 1074 Nos
287 1032 466 1073 delubra
487 1033 613 1079 deum
631 1032 784 1080 miseri,
807 1031 962 1085 quibus
982 1030 1151 1071 ultimus
1172 1039 1281 1072 esset

171 1089 248 1131 Ille
270 1090 372 1138 dies,
394 1089 502 1130 festa
522 1089 706 1130 velamus
726 1088 878 1129 fronde
899 1103 976 1142 per
996 1089 1156 1129 urbem.

171 1146 366 1188 Vertitur
385 1146 546 1187 interea
566 1146 732 1195 eoelum,
753 1153 796 1186 et
817 1145 899 1185 ruit

919 1160 1078 1186 oceano
1100 1145 1216 1193 Nox,

173 1203 396 1245 Involvens
417 1203 569 1244 umbra
587 1217 739 1258 magna
761 1211 999 1255 terramque
1022 1200 1261 1256 polumque,

171 1313 258 1342 Scaea
270 1311 378 1351 agitur,
395 1322 412 1341 a
428 1323 486 1351 qua
499 1322 555 1341 11011
564 1311 652 1350 longe
665 1312 765 1340 stabat
775 1319 882 1348 equus,

171 1354 199 1380 ἐν
213 1356 322 1385 πύλαις,
342 1356 375 1380 ut
391 1351 498 1389 Eurlp.
514 1351 626 1380 Troad·
639 1352 708 1379 525.
729 1350 806 1379 Post
820 1359 884 1377 mu-

172 1399 224 1420 ros
239 1389 342 1418 moenia
356 1390 384 1419 h.
397 1390 418 1418 1.
428 1390 552 1428 proprio
567 1388 747 1427 significatu,
761 1396 795 1416 ut
810 1388 884 1417 aedi-

174 1428 243 1457 ficia
265 1428 344 1457 intra
370 1438 473 1457 muros
498 1427 759 1465 sinn—accingunt
781 1437 824 1461 se,
851 1431 885 1455 ut

173 1468 243 1496 229.
269 1467 396 1495 insinuat
424 1470 455 1495 et
481 1466 634 1495 innumera
661 1476 699 1495 ex
728 1467 884 1504 poetarum

173 1516 268 1535 more.
283 1509 414 1534 rotarum
427 1505 525 1543 lapsus
543 1505 662 1544 egregie
683 1514 736 1542 pro
753 1504 884 1542 simplici

173 1549 266 1579 rotas,
283 1554 349 1582 quae
363 1543 489 1573 labentes
501 1544 643 1572 dicuntur
656 1543 754 1581 poetis
769 1544 885 1581 quando

174 1583 353 1619 volvuntur3
384 1582 428 1611 sic
455 1586 485 1611 et
519 1582 668 1611 intendunt
702 1581 885 1619 exquisitius

174 1632 263 1660 quam
277 1621 405 1659 illigant,
427 1621 590 1650 innectunt.
605 1621 645 1649 cf.
661 1620 718 1655 lv,
739 1621 808 1649 506.
826 1620 880 1657 (cf.

174 1661 249 1690 Not.
265 1660 302 1689 ad
318 1661 373 1689 Ge.
389 1660 523 1694 1V,399.
544 1658 608 1694 W.)
623 1658 704 1691 collo,
718 1658 787 1697 equi
803 1658 883 1696 parti

174 1698 328 1728 anteriori.
368 1699 510 1728 Ceterum
542 1699 662 1736 poetam
695 1698 733 1726 ad
765 1697 883 1726 thensas

174 1738 378 1767 Romanorum
400 1747 521 1766 suorum
546 1746 718 1775 sacramque
742 1745 883 1774 pompam

174 1776 363 1815 respexisse,
392 1786 448 1805 non
470 1775 668 1814 improbabile
691 1775 883 1804 05ῑ.-237-

174 1816 234 1845 240
259 1814 381 1844 Scandit
412 1824 521 1848 muros,
556 1813 587 1842 h.
620 1824 646 1842 e.
677 1813 861 1842 transcendit
876 1822 884 1848 3

175 1855 273 1892 major
287 1853 398 1892 imago,
413 1863 502 1891 quam
517 1852 544 1881 si
557 1857 676 1890 portam
687 1852 789 1886 intrat,
803 1861 883 1889 quae,

176 1902 329 1922 murorum
362 1892 571 1930 impositorum
608 1895 639 1919 et
673 1891 882 1929 attingentium

176 1935 263 1997 parte
277 1931 411 1968 dejecta,
434 1933 500 1959 erat
518 1929 606 1958 latior
622 1929 720 1965 facta3
742 1930 819 1958 conf.
835 1928 886 1958 inf.

170 1971 173 1977 “
196 1970 236 2003 sI,
261 1970 329 1999 514.
355 1968 596 1998 515.—machin‹t
614 1968 731 2005 fatalis,
759 1968 886 1997 exitium

177 2008 265 2037 fatale
277 2009 348 2046 Troj
354 2008 415 2037 auis
425 2008 563 2041 afferens,
579 2008 678 2045 etfeta
686 2007 788 2040 armis,
799 2007 887 2045 plena

178 2047 251 2076 viris
264 2047 386 2076 armatis
401 2058 409 2083 3
423 2051 457 2076 ut
466 2047 528 2084 jam
537 2048 658 2080 ἐγκύμον’
673 2049 758 2074 ἵππον
772 2049 888 2079 τευχέων

180 2086 261 2123 apud
276 2086 452 2124 Euripidem
468 2085 578 2114 Troad.
601 2086 649 2118 ll,
671 2085 700 2113 11.
721 2095 747 2113 e.
759 2088 888 2118 ἔνοπλον,

183 2128 217 2152 ut
229 2124 301 2152 ibid.
318 2135 346 2153 v.
359 2126 428 2154 524.
441 2135 448 2161 3
470 2133 561 2162 supra
572 2124 620 2152 20.
632 2127 744 2152 uterum
759 2123 890 2151 dixerat.

178 2163 278 2199 yravis
293 2162 346 2192 inf.
360 2164 419 2198 VI,
433 2164 501 2192 516.
516 2166 660 2191 armatum
675 2162 802 2200 peditem
821 2171 891 2200 yra-

181 2200 224 2229 vis
237 2200 335 2229 attulit
353 2201 428 2231 alvo.
468 2202 568 2230 Locus
584 2205 681 2229 autem
694 2210 732 2229 ex
750 2200 892 2229 Ennianis

183 2249 350 2277 expressus
365 2249 413 2277 ap.
428 2240 565 2269 Macrob.
582 2239 641 2272 VI,
656 2241 685 2268 2.
707 2239 788 2268 Nam
800 2238 889 2268 niaxi-

182 2288 228 2307 mo
247 2277 324 2306 saltu
341 2279 488 2316 superavit
499 2277 639 2317 gyrat-idus
652 2277 789 2307 armateis
801 2287 892 2316 equus

182 2315 282 2352 —Qui
295 2326 346 2345 suo
363 2321 453 2355 partu
473 2317 566 2345 ardua
575 2317 680 2355 perdat
695 2317 892 2355 Pergama.—

182 2357 242 2385 239
255 2365 339 2385 sacra
353 2359 469 2389 canunt,
492 2355 522 2383 11.
542 2365 570 2384 0.
591 2355 726 2393 hymnos,
748 2355 890 2393 quemad-

183 2395 305 2424 modum
327 2393 400 2422 alias
423 2393 502 2431 apud
523 2395 649 2432 poe'tas:
678 2404 780 2423 canere
801 2394 893 2426 dulce,

923 1310 1031 1348 ripidei
1050 1310 1133 1339 011011
1155 1308 1283 1347 vestigia
1304 1307 1415 1335 Troad.
1435 1308 1502 1336 526.
1525 1316 1630 1345 sqq.—

923 1349 1021 1377 medioe
1044 1350 1128 1384 urbi5
1153 1347 1250 1377 omnia
1272 1346 1369 1374 media
1390 1347 1542 1379 dicuntur,
1565 1356 1632 1383 quae

923 1393 993 1425 post
1011 1388 1094 1416 initia
1116 1392 1195 1421 sunt,
1216 1387 1245 1414 h.
1265 1385 1286 1413 1.
1306 1384 1375 1413 urbs
1391 1385 1482 1414 media
1503 1389 1549 1413 est
1570 1389 1632 1413 tota

925 1427 996 1455 urbs
1016 1426 1094 1455 intra
1115 1435 1232 1459 muros;
1255 1424 1313 1452 etsi
1335 1434 1403 1452 vere
1427 1434 1482 1461 per
1504 1423 1632 1451 mediani

925 1466 1030 1493 urbem
1044 1465 1081 1493 ad
1096 1474 1198 1492 arcem
1211 1463 1319 1491 ductus
1335 1466 1381 1490 est
1396 1472 1501 1500 equus.
1517 1466 1551 1490 ut
1565 1461 1634 1489 Pal-

924 1503 1000 1532 ladis
1013 1503 1040 1531 in
1056 1503 1167 1541 templo
1185 1501 1396 1530 collocaretur.
1410 1501 1522 1529 minans
1533 1499 1633 1537 simpl.

925 1543 962 1571 ad
983 1541 1172 1570 altitudinem
1195 1540 1284 1569 refer.
1324 1539 1416 1572 Nam,
1443 1549 1509 1577 quae
1532 1537 1635 1567 altitu—

926 1581 995 1609 dine
1011 1590 1064 1609 sua
1082 1590 1174 1617 super
1187 1583 1288 1607 cetera
1308 1578 1448 1612 eminent,
1470 1577 1575 1605 minari
1596 1577 1634 1605 iis

922 1619 1072 1647 dicuntur.
1088 1620 1127 1647 cf.
1143 1618 1210 1647 AEn.
1226 1617 1286 1651 IV,
1301 1617 1350 1645 88.
1365 1621 1396 1645 et
1410 1617 1496 1645 Serv.
1519 1615 1632 1644 Melius

923 1657 1167 1695 autemjungitur
1178 1655 1306 1684 illabitur
1315 1654 1380 1683 urbi
1390 1654 1498 1690 medice,
1509 1654 1632 1687 minans,

923 1706 1011 1734 quam
1027 1696 1138 1724 minans
1153 1694 1252 1723 medice
1268 1693 1343 1727 urbi,
1366 1694 1446 1732 quod
1464 1693 1634 1722 tenuius.—

922 1735 1077 1763 241—243
1089 1734 1183 1763 dicum
1198 1733 1306 1766 (lomus,
1328 1732 1472 1760 incertum
1493 1742 1559 1761 esse
1581 1742 1634 1769 po-

924 1778 994 1806 test,
1024 1784 1083 1811 quo
1111 1782 1201 1801 sensu
1228 1770 1343 1800 dixerit
1366 1772 1468 1808 poeta.
1507 1771 1634 1809 Proprie

923 1816 1020 1840 tamen
1036 1813 1109 1840 urbs
1130 1811 1171 1839 ita
1186 1809 1361 1849 appell-aud?
1375 1814 1497 1847 propter
1510 1814 1638 1848 augusta

924 1850 1037 1888 templa
1062 1857 1092 1879 et
1118 1849 1302 1886 religiones3
1330 1848 1361 1876 et
1382 1858 1419 1876 ex
1446 1858 1572 1885 persona
1593 1848 1636 1886 pii

924 1889 1030 1918 AEneae
1053 1889 1117 1917 haec
1133 1887 1269 1926 acceptio
1283 1891 1329 1915 est
1342 1887 1633 1915 convenientissima.

927 1929 1068 1957 Ceterum
1080 1938 1109 1956 v.
1124 1928 1180 1956 241
1196 1932 1278 1955 totus
1293 1925 1445 1954 Ennianus
1460 1935 1525 1953 esse
1542 1925 1637 1953 fertur

927 1967 1008 2005 apud
1024 1966 1174 1994 Servium.
1190 1966 1245 1993 Ys.
1260 1965 1318 1993 242
1332 1964 1367 1992 ad
1384 1964 1483 1992 omina
1496 1964 1637 2001 pertinet,

928 2016 995 2044 quae
1016 2005 1122 2042 putide
1136 2003 1313 2042 exsequitur
1329 2002 1461 2038 Quintus
1477 2002 1542 2032 Cal.
1555 2002 1637 2037 XII,

930 2054 959 2072 v.
979 2045 1047 2072 503.
1069 2054 1134 2082 sqq.
1158 2043 1333 2081 Expressus
1354 2052 1370 2069 e
1392 2045 1494 2069 nostro
1516 2042 1637 2070 Senecae

930 2084 1037 2121 Agam.
1055 2092 1083 2110 v.
1104 2083 1174 2111 (528.
1196 2080 1359 2118 sqq.—244
1375 2079 1525 2107 Instamus
1544 2084 1638 2108 tamen

931 2121 1104 2149 immemores
1133 2120 1162 2148 11.
1192 2119 1213 2147 l.
1241 2117 1413 2156 improvidi,
1438 2118 1639 2155 incogitantes

932 2160 1027 2198 (conf.
1047 2158 1138 2187 eund.
1160 2168 1192 2186 v.
1216 2158 1285 2186 512.
1311 2156 1404 2194 sqq.),
1427 2156 1537 2194 quippe
1562 2166 1639 2194 quos

933 2201 1109 2227 monuerant
1124 2197 1166 2225 dii
1182 2196 1236 2225 tali
1249 2195 1360 2228 omine,
1381 2204 1435 2222 1100
1453 2198 1550 2224 tamen
1566 2195 1642 2223 'Fro-

927 2237 990 2275 jani
1023 2246 1126 2266 eorum
1157 2234 1302 2263 monitum
1335 2232 1644 2262 intellexere—*mou-

931 2280 1025 2304 strum
1051 2273 1152 2312 infelix
1182 2273 1328 2311 praeclare
1354 2271 1392 2300 de
1416 2281 1494 2310 equo
1519 2277 1645 2311 porten-

933 2319 1006 2343 tosae
1027 2312 1252 2351 magnitudinis,
1272 2311 1324 2349 qui
1344 2310 1471 2339 exitium
1492 2311 1561 2340 urbi
1581 2316 1645 2340 erat

933 2353 1090 2382 allaturus.
1132 2351 1183 2379 Sic.
1206 2349 1346 2379 Ciceroni
1359 2349 1454 2387 fatale
1476 2350 1642 2416 prodigium

928 2395 1151 2430 portentumque
1187 2399 1242 2426 pro
1276 2388 1444 2427 pernicioso
1488 2389 1644 2417 ‘omine-—

175 2433 286 2471 ferale.
315 2432 451 2471 (Canere
477 2441 563 2460 sacra
588 2432 709 2467 dicitur,
731 2438 766 2461 ut
793 2442 895 2461 canere
934 2432 1002 2459 240.
1023 2430 1081 2458 24?
1105 2430 1152 2457 De
1168 2428 1338 2456 Cassandra
1351 2430 1430 2461 vate,
1452 2427 1499 2456 cui
1520 2437 1557 2456 110
1573 2432 1643 2456 tunc

185 2471 330 2511 querelam
343 2472 401 2500 Ge.
417 2470 445 2504 l,
460 2471 528 2499 378.
568 2471 676 2509 Neque
695 2481 781 2500 sacra
801 2472 895 2500 instar
935 2469 1056 2507 quidem
1069 2467 1217 2496 creditum
1232 2470 1262 2494 et
1275 2466 1350 2495 fides
1363 2465 1476 2500 habita,
1490 2466 1645 2504 copiosius

186 2510 324 2540 adverbii
347 2510 395 2539 hic
416 2508 550 2547 positum
565 2513 633 2545 est;
653 2519 832 2548 quamquam
847 2509 896 2538 hic
937 2507 1066 2544 Quintus
1089 2505 1154 2534 Cal.
1176 2504 1258 2538 XII,
1280 2506 1348 2533 525.
1373 2514 1457 2543 sqq-t
1485 2505 1531 2533 (lei
1546 2505 1643 2542 jussu,

185 2559 258 2578 usus
279 2549 501 2588 adjectivorum
514 2546 650 2576 neutrius
666 2549 784 2585 generis
798 2547 901 2586 negari
940 2544 1100 2584 Apollinis,
1123 2544 1208 2580 cujus
1230 2553 1346 2572 amores
1366 2543 1419 2571 illa
1439 2543 1579 2572 eluserat.
1599 2553 1647 2572 res

187 2587 301 2626 nequit.
341 2587 410 2617 Ecl.
432 2586 498 2620 ΙΙΙ,
516 2587 565 2614 63.
605 2585 701 2614 Suave
715 2587 819 2615 rubens
831 2588 902 2624 hya-
942 2583 1129 2613 nota—248.
1150 2583 1209 2611 249
1235 2581 1338 2611 Velare
1364 2582 1521 2620 proprium
1541 2582 1594 2610 hac
1616 2581 1645 2609 in

188 2625 311 2655 cinthus.
327 2627 384 2656 Ge.
399 2626 465 2660 ΙΙΙ,
480 2625 548 2654 499.
564 2623 607 2652 Ee
616 2623 688 2661 pede
703 2629 811 2653 terram
830 2625 902 2654 Cre·
943 2634 986 2656 10,
1010 2621 1164 2659 suspensis
1186 2630 1278 2660 super
1298 2624 1358 2650 tem
1383 2621 1480 2649 lorum
1507 2620 1646 2658 postibus

189 2663 243 2692 bra
262 2665 351 2703 serit.
391 2665 434 2693 At
454 2665 511 2693 Ge.
534 2663 582 2697 II,
606 2664 675 2691 275.
715 2663 818 2692 Densa
841 2674 903 2692 sere
944 2661 1063 2691 coronis
1079 2670 1113 2688 ac
1135 2660 1235 2693 sertis,
1248 2659 1338 2688 etiam
1365 2658 1649 2692 1·ondibus,infulis-

191 2712 248 2741 pro
269 2703 378 2733 densas
392 2703 470 2733 vites
491 2712 559 2731 sere
585 2700 794 2739 accipiendum
818 2707 902 2740 puto.
943 2699 1206 2739 que.—250-253
1229 2698 1363 2728 Vertitur
1381 2697 1496 2727 coelum:
1521 2707 1558 2724 ex
1582 2697 1648 2725 vul-

198 2740 261 2779 W-)
302 2741 374 2777 Hic,
395 2746 424 2772 et
445 2742 474 2772 in
496 2745 559 2770 toto
575 2740 653 2773 loco,
669 2740 828 2770 manifesta
842 2741 902 2770 Eu-
946 2738 1007 2779 gari
1022 2737 1225 2777 persuasione,
1247 2737 1356 2766 coelum
1371 2736 1496 2774 singulis
1511 2735 1649 2765 noctibuc.
