1796 3077
120 367 331 424 Eripere?
362 383 415 409 an
435 382 526 409 sese
545 368 704 409 medios
724 367 949 408 moriturus
968 367 1010 406 in
1030 379 1150 406 enses

118 425 292 476 Inferat,
314 433 355 467 et
374 425 593 480 pulchram
611 432 812 479 properet
831 438 908 477 per
926 422 1098 463 vulnera
1118 421 1322 462 mortem?

120 483 252 525 Ocius
274 483 458 524 adducto
479 490 680 536 torquens
700 480 850 522 hastile
870 479 1040 528 lacerto,

118 539 360 594 Suspiciens
380 539 506 580 altam
528 539 706 587 Lunam,
727 538 784 579 sic
804 552 906 578 voce
926 543 1149 591 precatur:

119 595 206 645 Tu,
228 597 321 645 dea,
342 604 389 637 tu
409 611 594 651 praesens
615 604 757 636 nostro
779 609 975 635 succurre
994 593 1141 642 labori,

114 652 343 694 Astrorum
364 654 506 702 decus,
528 661 570 694 et
590 666 806 693 nemorum
828 651 1007 692 Latonia
1025 656 1167 691 custos
1188 665 1198 698 3

115 709 163 749 Si
182 724 266 763 qua
286 711 366 750 tuis
386 725 571 764 unquam
590 724 667 763 pro
687 723 753 749 me
772 715 893 763 pater
914 707 1129 762 Hyrtacus
1149 706 1230 747 aris

116 765 246 807 Dona
263 766 370 816 tulit,
391 768 424 807 si
443 782 526 821 qua
546 767 637 820 ipse
658 766 759 806 meis
779 765 999 805 venatibus
1020 764 1133 812 auxi,

117 823 382 877 Suspendive
401 823 531 872 tholo,
553 831 626 863 aut
646 836 763 862 sacra
782 822 837 862 ad
858 821 1022 875 fastigia
1040 820 1115 860 fixi
1134 835 1142 859 :

115 935 324 986 Dixerat3
356 944 399 977 et
418 943 508 977 toto
529 935 732 977 connixus
753 948 929 988 corpore
950 933 1107 974 ferrum

113 993 318 1048 Conjicit:
349 992 473 1033 hasta
492 992 635 1034 volans
655 992 789 1033 noctis
809 991 1050 1032 diverberat
1070 990 1252 1039 umbras,

115 1049 178 1091 Et
197 1050 309 1090 venit
328 1050 463 1091 aversi
479 1050 522 1090 in
541 1056 705 1104 tergum
728 1047 951 1097 Sulmonis,
970 1048 1113 1101 ibique

113 1105 354 1161 Frangitur,
375 1121 424 1148 ac
442 1106 543 1148 fisso
561 1107 709 1147 transit
727 1105 962 1159 praecordia
980 1103 1108 1159 ligno.

112 1162 310 1204 Volvitur
328 1163 397 1204 ille
414 1178 584 1204 vomens
604 1162 786 1203 calidum
806 1162 858 1202 de
880 1169 1051 1215 pectore
1071 1160 1225 1202 flumen

115 1219 326 1274 Frigidus,
348 1228 391 1260 et
409 1219 545 1274 longis
567 1218 818 1273 singultibus
838 1217 1079 1282 ilia-pulsat.

115 1276 284 1317 Diversi
303 1276 659 1330 circumspiciunt.

114 1333 231 1374 Ecce
253 1333 365 1374 aliud
387 1348 547 1374 summa
566 1332 695 1374 telum
709 1331 892 1372 librabat
912 1332 966 1372 ab
988 1346 1111 1380 aure3

114 1447 320 1496 Stridens,
337 1447 600 1501 trajectoque
621 1445 744 1485 haesit
765 1444 975 1498 tepefacta
995 1445 1184 1484 cerebro.

113 1503 243 1544 Saevit
264 1510 386 1544 atrox
410 1502 627 1552 Volscens‚
647 1516 725 1543 nec
746 1500 818 1542 teli
837 1501 1040 1555 conspicit
1062 1515 1241 1554 usquam

114 1559 360 1610 Auctorem,
388 1575 465 1601 nec
485 1575 569 1614 quo
584 1574 627 1600 se
645 1558 797 1599 ardens
817 1558 1039 1598 immittere
1060 1558 1205 1612 possit.

116 1617 189 1658 Tu
209 1625 348 1658 tamen
368 1618 529 1658 interea
549 1615 684 1658 calido
705 1614 807 1656 mihi
828 1615 1028 1669 sanguine
1049 1629 1197 1669 poenas

115 1673 338 1716 Persolves
360 1675 589 1722 amborum,
611 1672 772 1727 inquit:
805 1671 925 1712 simul
943 1678 1041 1712 ense
1061 1670 1225 1712 recluso

113 1730 210 1772 Ibat
230 1732 273 1772 in
294 1730 540 1785 Euryalum.
601 1729 715 1770 Tum
733 1743 833 1770 vero
854 1728 1094 1777 exterritus,
1116 1743 1257 1769 amens

114 1787 360 1829 Conclamat
380 1788 538 1838 Nisus3
570 1801 648 1827 nec
669 1801 712 1827 se
734 1784 870 1828 celare
891 1786 1074 1826 tenebris

113 1844 320 1899 Amplius,
343 1852 416 1886 aut
437 1852 598 1885 tantum
617 1843 754 1898 potuit
774 1842 963 1897 perferre
985 1841 1196 1883 dolorem:

112 1901 202 1950 Me,
220 1917 298 1950 me,
321 1903 483 1951 adsum,
505 1902 579 1956 qui
598 1900 692 1949 feci,
713 1900 756 1939 in
775 1913 840 1940 me
861 1900 1091 1939 convertite
1112 1898 1282 1947 ferrum,

114 1958 156 1999 Ο
178 1958 353 1999 Rutuli!
384 1974 478 1999 mea
497 1958 612 1999 fraus
633 1957 787 2006 omnis3
819 1955 923 1996 nihil
942 1956 1020 1996 iste
1042 1970 1119 1996 nec
1140 1971 1279 2004 ausus,

112 2015 209 2057 Nec
228 2015 388 2070 potuit3
428 2015 581 2056 coelum
600 2014 683 2056 hoc
703 2021 745 2055 et
762 2013 929 2054 conscia
949 2013 1088 2054 sidera
1108 2020 1254 2054 testor.

114 2071 301 2113 Tantum
321 2072 528 2113 infelicem
546 2072 717 2112 nimium
739 2069 887 2110 dilexit
907 2069 1102 2110 amicum.

115 2127 240 2170 Talia
258 2130 371 2170 dicta
391 2130 544 2170 dabat:
579 2128 654 2169 sed
674 2128 832 2168 viribus
853 2127 963 2167 ensis
983 2126 1158 2166 adactus

115 2185 359 2227 Transabiit
379 2193 529 2235 costas,
549 2193 591 2226 et
612 2184 792 2227 candida
811 2190 986 2238 pectora
1006 2183 1178 2236 rumpit.

114 2242 312 2283 Volvitur
334 2242 546 2297 Euryalus
566 2241 664 2291 leto,
685 2240 972 2296 pulchrosque
991 2254 1069 2294 per
1085 2246 1200 2279 artus

118 2298 159 2340 It
179 2314 318 2348 cruor,
337 2299 463 2353 inque
483 2299 680 2340 humeros
701 2298 844 2341 cervix
865 2296 1052 2350 collapsa
1071 2294 1291 2338 recumbit.

597 245 863 284 AENEIDOS.
907 244 1006 282 LIB.
1036 243 1109 282 IX.
1474 249 1564 293 531

1479 363 1564 403 400

1480 646 1563 687 405

114 879 246 921 Hunc
267 881 357 920 sine
376 895 442 920 me
463 880 635 920 turbare
655 878 840 933 globum,
862 885 906 918 et
924 892 1025 931 rege
1042 876 1124 918 tela
1145 891 1221 931 per
1240 890 1377 916 auras.
1481 886 1582 972 410'

1477 1217 1560 1257 415

718 1274 817 1316 Hoc
838 1288 973 1315 acrlor
992 1274 1103 1314 idem

113 1389 232 1431 Dum
251 1391 478 1444 trepidant,
498 1390 544 1430 iit
562 1389 686 1430 hasta
706 1388 830 1442 Tago
850 1402 928 1441 per
947 1395 1113 1441 tempus
1134 1394 1357 1441 utrumque

1481 1501 1565 1542 4520

1486 1782 1569 1822 4525

1479 2066 1565 2106 430

861 2421 932 2449 437.
955 2420 1114 2455 κελαινεφὲς
1145 2417 1203 2451 οἶμ’
1233 2417 1402 2449 ἀπέμεσσεν.
1448 2413 1570 2442 Lucret.

150 2424 210 2453 407
221 2422 290 2451 ausi
300 2422 462 2460 eleganter,
476 2421 533 2450 alia
553 2425 584 2451 et
603 2421 670 2460 ipse
689 2421 756 2456 tuli,
770 2421 821 2449 ad-

114 2462 189 2491 didi.

112 2501 223 2539 posita,
237 2504 353 2530 structa
375 2500 551 2528 sunt.—408
564 2499 657 2527 tholus
677 2503 724 2528 est
746 2498 821 2527 inte-

110 2540 175 2568 rius
199 2544 312 2569 tectum
333 2538 471 2567 rotundae
497 2537 572 2566 :edis
588 2538 619 2566 in
641 2537 822 2566 testudinem

113 2582 341 2612 concameratae,
356 2576 512 2615 fastigium
526 2576 614 2605 estin
628 2576 710 2605 aditu
724 2580 753 2605 et
775 2586 823 2604 su-

112 2626 168 2654 pel·
200 2617 328 2651 foribus,
349 2620 438 2650 ἀετὸς,
461 2618 572 2649 ἀὲτωμα
598 2616 614 2646 ’ὴ
631 2615 824 2643 δέλτα-*409

112 2656 185 2690 sine,
207 2659 301 2690 ἔασον,
316 2659 349 2684 ut
373 2654 413 2683 Il.
438 2657 464 2691 θ,
479 2655 548 2683 242.
566 2654 640 2689 2433
662 2652 825 2681 sollennius

112 2698 178 2722 erat
193 2698 238 2723 δός
250 2707 300 2729 με,
317 2693 364 2727 da,
379 2695 444 2732 sac,
462 2692 649 2722 rna-aversi
662 2691 691 2719 in
702 2696 825 2729 teryum.

115 2733 159 2767 Is,
171 2734 258 2771 cujus
272 2737 389 2771 tergum
402 2732 526 2770 petitur,
540 2740 646 2759 averso
662 2729 700 2758 sit
716 2739 822 2767 corpo-

112 2781 144 2800 re
154 2781 277 2802 necesse
291 2777 350 2807 est,
365 2781 422 2800 uon
438 2769 675 2800 adversm—413
692 2768 782 2798 Iliad.
798 2772 823 2804 ξ,

229 2462 287 2491 Est
308 2471 375 2491 voc.
396 2470 533 2495 sacrum;
554 2461 592 2489 de
615 2461 663 2495 iis,
678 2471 745 2499 quae
769 2469 821 2497 ap-

862 2459 909 2493 11,
951 2458 1020 2488 354.
1058 2454 1218 2494 Sanquinis
1253 2454 1404 2492 exspirans
1449 2452 1570 2481 calidum

861 2498 895 2526 de
924 2501 1040 2536 pectore
1072 2494 1287 2533 flumem—415
1317 2492 1374 2521 Ge.
1407 2490 1473 2526 III,
1503 2491 1570 2520 506.

860 2536 974 2574 imaque
1002 2535 1086 2573 Iouqo
1106 2532 1169 2562 Ilia
1196 2530 1322 2570 sinqultu
1346 2529 1573 2559 tendum—:117

863 2573 1060 2604 Homericum
1083 2572 1202 2605 vulnus,
1222 2581 1252 2600 v.
1273 2581 1301 2599 c.
1322 2569 1362 2598 Il.
1386 2573 1412 2603 ὁ,
1427 2570 1484 2598 502
1501 2572 1572 2600 etv,

863 2615 933 2647 473,
955 2622 1065 2641 summa
1087 2611 1121 2639 ab
1143 2619 1223 2644 aure,
1238 2609 1338 2647 cogita
1358 2612 1470 2637 statum
1485 2606 1570 2635 emit-

864 2652 954 2681 tentis
969 2652 1094 2684 hastam,
1104 2649 1220 2678 elevata
1229 2648 1360 2676 adextra
1370 2646 1477 2684 capitis
1488 2648 1573 2682 parte

865 2700 962 2720 manu.
979 2690 1139 2728 tepefacta:
1163 2697 1244 2726 saepe
1265 2686 1338 2715 ibid.
1359 2685 1399 2714 Il.
1411 2698 1441 2718 π,
1457 2684 1524 2712 333.

900 2730 958 2758 433
972 2727 1106 2761 volvitur,
1129 2724 1328 2764 provolvitur,
1350 2722 1492 2757 concidit,
1515 2730 1574 2749 (τω-

863 2778 926 2804 sus,
950 2766 1098 2803 moriens,
1119 2774 1174 2804 pro
1194 2765 1251 2794 hoc
1273 2763 1352 2793 dixit
1382 2762 1445 2790 leto.
