1796 3077
615 240 885 279 AENEIDOS.

944 242 1044 279 LIB.
1076 242 1128 280 11.
1515 245 1610 290 275

151 362 381 406 Armorum
402 363 508 405 facie
528 369 571 404 et
594 363 825 405 Graiarum
846 379 988 406 errore
1003 364 1217 419 jubarum.

152 421 267 463 Tum
287 421 428 463 Danai
447 421 606 476 gemitu
627 429 754 476 atque
775 429 935 477 ereptae
954 421 1124 476 virginis
1146 421 1207 460 ira

152 478 353 533 Undique
375 478 539 520 collecti
558 479 787 529 invadunt3
820 479 1045 520 acerrimus
1067 476 1195 532 Ajax,

153 535 213 576 Et
233 536 387 590 gemini
407 535 585 585 Atridae,
608 535 909 590 Dolopumque
931 535 1141 577 exercitus
1162 534 1316 575 omnis:

1520 532 1604 572 415

150 592 335 634 Adversi
356 600 481 647 rupto
502 607 580 633 ceu
601 593 814 646 quondam
835 593 1002 634 turbine
1023 592 1136 633 venti

150 649 410 704 Confligunt,
433 649 758 704 Zephyrusque,
783 649 1025 704 Notusque,
1046 657 1089 690 et
1107 649 1229 697 laetus
1254 648 1358 692 Eois

152 706 297 747 Eurus
319 707 461 760 equis3
494 707 676 748 stridunt
696 706 823 756 silvae,
847 707 1048 760 saevitque
1070 707 1243 747 tridenti

152 763 364 817 Spumeus
385 771 511 818 atque
532 764 614 804 imo
635 763 804 804 Nereus
827 764 910 805 ciet
931 778 1103 817 aequora
1124 763 1270 805 fundo.

150 820 216 860 Illi
237 821 373 869 etiam,
394 821 428 860 si
447 834 553 873 quos
576 821 756 860 obscura
776 827 899 861 nocte
919 835 996 874 per
1016 821 1208 861 umbram

1519 819 1603 860 420

150 876 354 917 Fudimus
374 877 546 924 insidiis,
569 883 741 930 totaque
762 876 1010 930 agitavimus
1031 877 1150 925 urbe,

150 933 389 988 Apparent,
411 934 533 987 primi
553 932 711 987 clipeos
734 933 992 986 mentitaque
1014 933 1097 973 tela

149 989 415 1045 Agnoscunt,
438 997 565 1044 atque
586 1005 659 1030 ora
681 1005 782 1030 sono
804 990 1015 1030 discordia
1035 990 1214 1043 signant.

151 1047 271 1088 Ilicet
292 1047 509 1088 obruimur
529 1062 726 1096 numer03
759 1048 1002 1101 primusque
1025 1047 1234 1087 Coroebus

153 1103 325 1145 Penelei
346 1104 497 1144 dextra
519 1104 626 1144 divae
647 1104 935 1157 armipotentis
956 1103 1009 1144 ad
1033 1119 1146 1144 aram

1522 1105 1605 1146 4125

153 1160 425 1210 Procumbit3
458 1161 571 1201 cadit
592 1167 634 1201 et
655 1160 862 1214 Rhipeus,
880 1161 1136 1214 justissimus
1158 1176 1266 1201 unus

152 1218 241 1264 Qui
261 1218 340 1258 fuit
359 1218 401 1258 in
422 1216 614 1266 Teucris,
637 1225 680 1257 et
701 1217 1034 1257 servantissimus
1056 1219 1186 1271 aequi:

152 1273 232 1315 Dis
254 1274 373 1315 aliter
394 1274 540 1315 visum.

602 1273 791 1315 Pereunt
812 1273 1094 1327 Hypanisque
1117 1275 1378 1329 Dymasque,

153 1331 323 1374 Confixi
344 1347 368 1372 a
389 1332 533 1380 sociis3
566 1345 643 1371 nec
665 1339 705 1371 te
729 1338 800 1371 tua
820 1330 1013 1384 plurima,
1038 1331 1222 1380 Panthu,

151 1388 389 1430 Labentem
408 1389 556 1442 pietas,
578 1402 655 1428 nec
682 1386 886 1441 Apollinis

1523 1388 1607 1428 430

908 1386 1037 1427 infula
1059 1389 1178 1428 texit.

153 1444 267 1487 Iliaci
288 1445 460 1495 cineres,
481 1452 524 1487 et
542 1443 709 1487 flamma
729 1452 918 1486 extrema
937 1459 1138 1494 meorum,

149 1600 179 1618 v.
195 1591 372 1620 359.-412.
393 1591 484 1628 Quod
499 1601 590 1626 arma,
611 1602 679 1631 quae
695 1593 862 1629 induerant,

153 1629 261 1659 Graeca
275 1635 368 1664 erant,
384 1635 413 1659 et
436 1630 538 1659 cristae
560 1631 786 1660 G1·aecae.—4!3
804 1632 862 1660 Ge-

150 1668 234 1702 mim,
249 1669 278 1697 11.
293 1680 319 1697 e.
331 1669 445 1703 dolore,
459 1674 544 1708 atque
557 1669 604 1698 ira
614 1675 720 1708 ereptae
729 1670 861 1709 viryinis,

151 1711 276 1745 propter
290 1708 488 1737 Cassandram
510 1709 569 1736 sibi
590 1719 606 1737 a
627 1709 758 1738 Coroebo
778 1714 860 1738 cete-

150 1745 253 1784 risque
268 1752 414 1784 ereptam,
430 1747 567 1775 invadunt
586 1748 722 1786 undique,
742 1748 860 1777 collecti.

151 1784 229 1812 Mox
250 1785 356 1822 qemim'
375 1785 491 1814 Atridae
511 1790 601 1814 δισσοὶ
622 1789 751 1821 Ἀτρεΐδαι
778 1787 858 1825 apud

152 1822 261 1861 Eurip.
277 1823 406 1862 Dolopes
421 1834 487 1862 sup.
501 1825 548 1858 11,
562 1826 789 1854 7.-416-419
811 1826 859 1854 Ad

151 1861 280 1892 Homeri
305 1862 428 1891 ductum
447 1862 487 1892 ll.
505 1877 525 1897 ι,
547 1864 635 1897 4-7,
658 1868 689 1892 et
705 1864 793 1892 Ennii
817 1874 856 1892 ex

151 1900 260 1930 Annal.
288 1899 402 1936 XVII,
431 1911 479 1940 ap.
508 1902 645 1931 Macrob.
665 1902 724 1935 VI,
752 1903 781 1936 2,
805 1903 860 1931 sed

151 1939 246 1968 multo
262 1939 394 1968 ornatius
407 1944 438 1969 et
448 1940 577 1977 variate3
593 1951 684 1979 porro
695 1941 860 1970 Homerica

150 1987 218 2006 cum
240 1982 305 2007 arte
329 1978 471 2008 effectum
496 1979 541 2008 rei
562 1979 708 2008 attexuit:
732 1979 860 2009 stridunt

149 2016 230 2045 silvae
245 2021 304 2045 etc.
324 2017 426 2046 Eurus
445 2017 529 2046 Iaetus
548 2018 623 2047 Eois
636 2018 727 2058 equis,
744 2019 858 2048 Home-

150 2055 214 2084 rico
237 2065 305 2090 usu,
325 2059 431 2091 ἵπποις,
456 2066 512 2094 pro
533 2067 636 2091 curru,
659 2058 696 2086 ad
711 2067 744 2085 or
759 2062 860 2086 natum

152 2098 279 2131 spectat.
320 2094 409 2133 Bigis
422 2095 503 2124 vecti
516 2096 597 2124 venti
612 2097 693 2134 apud
710 2097 814 2134 poetas
830 2101 860 2126 et

152 2132 333 2170 sculptores.
373 2134 539 2163 Commune
559 2135 635 2163 enim
650 2135 706 2163 boo
721 2135 859 2165 omnibus

151 2169 390 2213 diis,·quouiam
416 2172 517 2209 prisco
541 2173 594 2201 illo
621 2178 768 2212 tempore,
800 2184 859 2211 quo

151 2208 306 2247 religiosae
321 2209 368 2238 hae
382 2210 520 2239 notiones
533 2213 661 2249 primum
671 2213 699 2240 in
709 2212 859 2241 hoininum

152 2247 268 2278 animos
285 2252 452 2290 nvenerunt,
486 2249 565 2287 bigis
590 2251 671 2280 vecti
696 2261 783 2289 reges
811 2251 859 2280 vel

151 2285 321 2324 quadrigls,
337 2296 484 2324 nunquam
498 2289 583 2326 equis
600 2289 774 2324 insidentes,
789 2299 860 2319 con-

151 2324 367 2362 spiciebantur.
407 2325 515 2364 Itaque
534 2337 618 2356 nemo
634 2328 712 2357 vidit
725 2328 860 2366 equitan-

151 2367 212 2392 tem
225 2363 345 2397 Jovem,
367 2366 397 2392 et
418 2363 461 2392 sic
483 2373 583 2402 porro.
603 2366 687 2394 loetus
701 2372 812 2400 autem,
828 2370 862 2395 ut

152 2403 316 2440 superbus,
331 2401 476 2440 gestiens,
498 2406 701 2439 ἀγαλλόμενος,
723 2415 778 2444 pro
795 2405 860 2433 vul-

174 2440 228 2475 ari,
256 2445 373 2475 vectuS,
403 2440 441 2469 cf.
470 2440 498 2475 1,
526 2442 594 2470 690.
616 2444 685 2471 276.
709 2448 739 2473 et
765 2454 860 2482 saepe.

150 2450 296 2508 {aterum
319 2479 478 2517 Virgilium
506 2479 609 2517 plures
632 2487 859 2520 expresserunt.

150 2517 190 2546 cf.
214 2517 361 2547 Columna
381 2518 418 2546 ad
439 2518 568 2546 Ennium
591 2529 660 2558 pag.
681 2522 756 2557 1143
783 2521 860 2551 adde

152 2555 203 2584 inf.
224 2556 270 2590 X,
291 2558 360 2586 356.
381 2567 463 2594 sqq.:
490 2556 548 2590 IV,
564 2558 632 2586 440.
655 2568 721 2596 sqq.
762 2559 860 2588 Nereo

152 2593 183 2622 h.
208 2594 229 2623 l.
254 2595 368 2624 tridens
395 2595 551 2629 tribuitur,
579 2597 659 2634 quod
687 2598 860 2626 notandum.

150 2632 291 2671 Spumeus
305 2634 334 2663 h.
354 2635 374 2663 1.
389 2644 496 2672 spuma
508 2633 599 2662 maris
616 2644 769 2672 aspersus,
789 2646 859 2673 spu—

154 2680 268 2700 mosus.
285 2673 367 2701 saevit
388 2672 517 2708 tridenti,
542 2672 705 2711 eleganter,
731 2679 764 2702 ut
786 2675 859 2703 alias

146 2710 265 2747 flagras,
282 2711 408 2744 verbere,
430 2711 520 2740 infert
542 2711 696 2740 tridentem
716 2713 801 2742 mari,
824 2714 860 2742 ad

152 2748 364 2786 impellendum
390 2750 463 2779 illud
485 2754 514 2779 et
536 2750 644 2779 fluctus
665 2751 854 2780 excitandos.

903 1593 1097 1622 —420—423
1116 1591 1166 1620 Illi
1183 1591 1282 1625 (eliam,
1304 1601 1334 1619 v.
1359 1600 1427 1628 sup.
1450 1590 1519 1618 370.
1539 1590 1609 1618 3533.

902 1643 948 1670 sq.
964 1631 1082 1660 mentita
1094 1632 1161 1664 tela,
1176 1631 1251 1659 salsa
1263 1640 1354 1662 arina,
1368 1639 1435 1667 quae
1451 1639 1504 1657 nos
1520 1630 1607 1657 Grae-

901 1681 954 1699 cos
967 1681 1033 1700 esse
1046 1671 1275 1703 mentiebantur,
1288 1673 1321 1697 ut
1332 1669 1539 1696 δεῖμα-«111011
1550 1668 1610 1696 »123

898 1709 1015 1747 siquam
1030 1711 1058 1737 h.
1074 1709 1094 1737 l.
1115 1714 1292 1747 agnoscunt.
1331 1707 1383 1735 Sic
1400 1711 1500 1735 notare
1519 1706 1609 1735 etiam

899 1748 1017 1787 vulgari
1033 1758 1178 1781 sermone,
1192 1750 1221 1775 et
1237 1749 1427 1779 σημειοῦσθαι,
1448 1750 1611 1779 τεκμαίρεσ-

900 1791 955 1815 θαι.
980 1786 1023 1816 H.
1078 1787 1274 1823 Trojanorum
1304 1785 1435 1822 linguam
1463 1786 1479 1812 a
1505 1784 1609 1822 lingua

899 1825 1073 1853 Graecorum
1087 1825 1238 1853 diversam
1253 1823 1359 1857 fuisse,
1380 1823 1532 1851 Homerus
1554 1833 1612 1851 non

897 1867 1122 1897 commemorat,
1148 1867 1178 1892 at
1203 1863 1303 1900 poetae
1331 1861 1463 1890 seriores
1485 1862 1609 1890 Graeco-

899 1912 965 1931 rum
987 1906 1017 1931 et
1039 1901 1147 1937 Latini,
1169 1900 1353 1930 discriminis
1369 1901 1566 1928 barbarorum
1581 1903 1611 1929 et

899 1941 1075 1970 Graecorum
1091 1950 1251 1974 memores,
1274 1944 1374 1968 notare
1395 1949 1451 1967 non
1467 1938 1611 1977 neglexe-

899 1985 978 2009 runt.
1021 1980 1062 2009 Et
1074 1990 1173 2008 errare
1184 1979 1330 2011 videntur,
1342 1978 1367 2006 51
1381 1977 1432 2016 qui
1445 1977 1611 2006 Homerum

898 2019 1093 2047 barbarorum
1116 2018 1248 2055 linguam
1273 2018 1289 2045 in.
1309 2017 1485 2045 Graecorum
1507 2016 1611 2053 lingua

901 2058 1004 2086 verbis
1022 2057 1060 2086 Il.
1079 2061 1109 2092 β.
1125 2058 1192 2085 2:07.
1209 2061 1302 2089 Καρῶν
1313 2058 1536 2091 βαρβαροφώνων
1549 2055 1611 2083 dis-

899 2095 1029 2124 tinxisse
1042 2096 1100 2123 sibi
1114 2098 1339 2133 persuaserunt.
1367 2094 1444 2121 Nam
1459 2093 1612 2129 adjectum

899 2138 1123 2171 βαρβαροφώνων
1132 2133 1206 2161 illud
1217 2142 1274 2160 non
1286 2131 1381 2169 magis
1397 2132 1613 2169 probat,q11am

898 2173 985 2201 locus
999 2173 1060 2200 Ud.
1076 2176 1102 2207 θ,
1117 2173 1185 2200 294.
1208 2174 1311 2199 Σίντιας
1333 2173 1525 2205 ὰηριυφώνους.
1543 2170 1613 2201 Vid.

900 2212 990 2240 etiam
1006 2212 1107 2248 Heyn.
1119 2210 1213 2238 obss.
1225 2210 1260 2237 Τ.
1274 2209 1331 2238 lv.
1348 2218 1377 2245 p.
1393 2209 1461 2237 431.
1474 2210 1542 2237 435.
1562 2209 1610 2238 W.

899 2250 1095 2281 -425-430
1119 2248 1204 2276 Divoe
1231 2248 1269 2276 acl
1293 2257 1386 2280 aratu,
1411 2257 1467 2275 non
1492 2252 1552 2276 tam
1570 2248 1599 2276 111

899 2288 966 2326 ipso
984 2288 1096 2326 templo
1111 2287 1260 2316 Minervae
1281 2296 1349 2323 sup.
1367 2287 1437 2319 1103,
1452 2296 1539 2323 quam
1552 2296 1606 2323 po-

901 2328 962 2356 tius
977 2331 1042 2356 ante
1056 2326 1201 2363 templum
1216 2325 1244 2352 111
1259 2327 1368 2362 προνάῳ
1379 2324 1428 2353 vel
1449 2324 1478 2352 in
1496 2330 1609 2361 περιβο-

902 2371 952 2404 My,
968 2370 1000 2394 ut
1012 2370 1041 2394 et
1055 2374 1234 2401 expressum
1247 2363 1332 2391 vides
1346 2363 1376 2391 in
1394 2364 1454 2392 tab.
1470 2363 1566 2392 Iliaca
1578 2375 1608 2392 n.

902 2404 1153 2433 1()-l.——Peneleus
1169 2402 1217 2431 hic
1229 2402 1305 2431 alius
1319 2405 1377 2435 est,
1391 2412 1479 2441 quam
1494 2402 1609 2432 Home-

900 2444 981 2472 ricus
993 2443 1170 2471 Boeotorum
1183 2442 1246 2469 dux
1258 2451 1265 2470 ⁴.
1281 2451 1345 2468 nam
1359 2440 1385 2469 is
1401 2441 1436 2468 ab
1451 2441 1612 2479 Eurypylo

900 2482 958 2511 fuit
982 2481 1113 2514 occisus,
1137 2479 1264 2517 Telephi
1284 2479 1365 2507 filio:
1393 2479 1524 2508 Pansan.
1547 2481 1611 2515 ix,

899 2523 929 2550 5.
957 2519 1095 2548 f.-cadit
1118 2522 1145 2546 et
1170 2518 1310 2555 Rhipeus,
1329 2518 1514 2555 jmtissimns
1538 2530 1612 2547 unus

901 2559 1100 2588 omnium—et
1123 2556 1358 2585 servantissimus
1383 2557 1470 2595 (equi,
1498 2559 1549 2595 qui
1574 2560 1613 2586 ob

901 2608 966 2626 eam
981 2597 1123 2625 virtutem
1139 2595 1246 2624 cadere
1261 2605 1317 2623 non
1332 2596 1452 2631 debuit,
1464 2596 1612 2624 communi

900 2635 1051 2664 hominum
1062 2633 1199 2672 judicio,
1221 2635 1273 2663 sed
1291 2634 1347 2662 eltis
1360 2635 1447 2663 ulitur
1459 2635 1560 2665 visum.
1574 2635 1613 2663 sle

900 2675 1000 2703 causis
1024 2677 1055 2702 et
1077 2672 1256 2707 rationibus,
1287 2683 1354 2711 quat
1387 2683 1441 2701 nos
1477 2673 1610 2701 homines

900 2712 1381 2741 latent-431—234-mewisw
1395 2717 1613 2745 manualia-⁴510,

896 2762 980 2790 qutun
1006 2752 1083 2780 inter
1106 2751 1208 2780 hostes
1228 2751 1347 2780 edebat.
1374 2751 1453 2778 Bene
1475 2750 1561 2779 Serv.
1585 2751 1614 2778 cll
