1796 3077
167 215 265 261 :⁷352

576 211 619 249 P.
651 210 880 248 VIRGILII
914 210 1162 249 MARONIS

170 330 389 373 Armatam
409 331 570 373 facibus
590 338 764 372 matrem
781 336 823 370 et
844 330 1111 384 serpentibus
1131 330 1230 371 atris

170 388 316 434 Quum
336 389 455 443 fugit,
477 387 732 440 ultricesque
752 386 902 426 sedent
922 387 964 426 in
984 386 1123 427 limine
1145 386 1278 427 Dirae.

228 445 345 500 Ergo
364 446 435 485 ubi
456 444 648 497 concepit
668 443 811 492 furias,
834 444 969 483 evicta
989 442 1148 491 dolore,

169 501 456 555 Decrevitque
476 501 594 548 mori,
617 508 781 553 tempus
804 514 945 540 secum
966 500 1056 554 ipsa
1075 499 1332 553 modumque

170 558 330 612 Exigit,
352 566 407 607 et,
429 566 614 598 maestam
635 557 758 598 dictis
779 571 981 611 aggressa
1002 571 1203 606 sororem,

169 614 397 656 Consilium
419 613 535 654 vultu
555 614 673 668 tegit,
695 629 743 655 ac
765 629 882 668 spem
901 614 1039 654 fronte
1060 620 1247 655 serenat:

166 671 327 719 Inveni,
349 686 560 724 germana,
582 672 702 720 viam,
725 679 894 725 gratare
915 671 1058 720 sorori,

168 728 278 774 Quae
299 728 400 768 mihi
420 728 571 769 reddat
592 743 700 777 eum,
721 728 787 768 vel
807 743 857 769 eo
873 742 938 768 me
961 727 1093 769 solvat
1110 735 1332 768 amantem.

168 784 331 825 Oceani
345 785 471 826 finem
486 785 611 838 juxta
628 784 841 839 solemque
858 785 1079 826 cadentem

1535 781 1619 822 480

168 840 352 882 Ultimus
373 842 628 895 AEthiopum
648 842 765 883 locus
786 849 861 891 est,
883 843 955 882 ubi
976 842 1180 882 maximus
1201 839 1325 881 Atlas

165 897 305 939 Axem
326 899 502 939 humero
525 907 705 952 torquet,
728 899 856 939 stellis
878 899 1125 939 ardentibus
1148 906 1304 953 aptum·

165 954 279 996 Hinc
301 955 401 996 mihi
425 955 623 1009 Massylae
644 957 780 1010 gentis
801 964 1034 996 monstrata
1054 956 1264 1002 sacerdos,

164 1011 453 1066 Hesperidum
474 1012 617 1067 templi
638 1020 793 1062 custos,
814 1012 1046 1067 epulasque
1066 1012 1240 1053 draconi

166 1127 281 1164 agmina
300 1127 421 1166 proprie
442 1127 584 1165 accipies.
605 1127 652 1156 W.
716 1140 717 1143 ¹
734 1127 870 1156 71—173

164 1166 290 1195 Orestes
318 1166 548 1204 Agamemnonis
571 1167 603 1198 f.,
628 1167 652 1194 C
667 1171 870 1204 ytaemnestrae

163 1204 268 1233 matris
281 1204 380 1233 Furiis
394 1205 535 1243 agitatus,
547 1214 638 1242 quum
647 1209 772 1232 matrem
785 1204 867 1232 faces

165 1243 222 1271 sibi
237 1247 267 1271 et
280 1248 433 1280 serpentes
449 1243 644 1272 intentantem
660 1243 779 1279 fugiens
793 1247 868 1270 tem-

163 1281 215 1325 plo
229 1282 357 1319 prosilit,
377 1282 406 1310 in
430 1282 545 1310 foribus
566 1281 595 1309 in
619 1281 727 1310 Furias
753 1280 869 1312 incidit,

162 1323 265 1357 itaque
297 1330 329 1348 se
358 1320 523 1349 terroribus
554 1319 685 1356 undique
720 1318 867 1355 exagitari

162 1358 250 1388 vidit.
313 1359 504 1397 Tragoediam
536 1358 636 1395 poe‘tae
670 1362 737 1385 ante
765 1357 867 1384 oculos

162 1396 269 1429 fuisse,
290 1406 346 1434 per
358 1408 389 1425 se
406 1400 501 1435 patet,
523 1400 553 1424 et
575 1397 650 1423 bene
671 1395 811 1423 Servius:
836 1394 864 1423 A

162 1435 294 1464 Pacuvio
310 1438 400 1473 (puto
416 1435 444 1463 in
460 1434 637 1472 Duloreste)
656 1434 773 1461 ¹hestes
786 1433 869 1461 indn-

163 1473 249 1507 citur,
276 1473 400 1509 Pyladis
421 1473 577 1506 admonitu,
600 1477 722 1510 propter
737 1472 869 1500 vitandas

162 1511 285 1546 Furias,
303 1506 448 1550 inqressus
470 1512 619 1550 (Delphis
643 1511 675 1540 id
697 1511 807 1539 factum
824 1511 869 1539 in-

163 1551 283 1589 tellige)
318 1550 471 1589 Apollonis
505 1549 657 1588 te1nplum,·
699 1550 772 1578 unde
806 1560 868 1577 cum

161 1588 243 1618 vellet
255 1589 344 1623 exire,
355 1589 539 1618 invadebatur
554 1600 572 1617 α
588 1588 700 1617 Furiis.
711 1588 792 1616 Hinc
804 1598 872 1625 eryo

162 1632 222 1656 est:
253 1629 367 1657 Sedent
392 1629 420 1657 in
449 1628 551 1656 limine
577 1628 673 1657 Dirae.
713 1627 870 1656 Pacuvius

163 1666 256 1704 igitur
280 1668 374 1705 (qnod
395 1671 425 1695 et
448 1667 562 1695 Ennius
590 1666 621 1694 in
649 1666 868 1695 Eumenidibus

162 1705 246 1740 fecit,
274 1715 304 1734 v.
328 1706 504 1734 Columnam
529 1705 568 1734 ad
589 1705 664 1733 Eun.
688 1705 814 1743 Fragm.
838 1714 868 1741 p.

162 1745 248 1781 251.)
290 1744 427 1782 AEschyli
443 1743 636 1778 Eumenides,
648 1744 869 1781 quodammodo

162 1783 281 1817 saltem,
296 1788 500 1821 expresserat.
541 1782 619 1811 Nam
636 1782 723 1810 aliter
741 1792 802 1810 rem
823 1791 869 1809 or-

161 1822 254 1855 navit,
289 1822 360 1849 dum
391 1821 529 1849 Orestem
556 1821 704 1848 furentem
736 1820 871 1852 exhibet,

163 1859 328 1897 Euripides
341 1859 370 1887 in
386 1860 488 1888 Orest.
500 1870 528 1887 v.
543 1860 599 1887 255
617 1869 699 1896 sqq-z
723 1858 825 1896 Iphig.
841 1857 870 1885 in

162 1898 324 1927 Taur.283
339 1902 370 1926 et
393 1897 450 1933 al.;
469 1897 555 1926 aliter
578 1901 648 1935 post
673 1896 742 1925 illos
763 1897 870 1934 poetas

164 1936 310 1965 Racinius
327 1937 382 1964 sub
399 1936 447 1964 fm.
475 1935 706 1964 Andromachae..
740 1934 809 1964 Jam
823 1944 870 1962 ce-

163 1978 228 2004 tera
243 1974 286 2003 sic
304 1974 512 2013 expedienda:
534 1975 579 2003 Ac
601 1974 696 2002 veluti
721 1973 823 2006 scenis,
841 1974 870 2000 in

163 2023 260 2048 scena,
276 2013 404 2042 Orestes
426 2013 498 2041 furit
520 2023 536 2041 a
559 2013 662 2041 Furiis
687 2012 870 2050 exagitatus,

162 2062 231 2080 cum
256 2052 334 2089 fugit
358 2057 417 2080 etc.
448 2051 492 2080 H.
514 2052 644 2089 Jungere
672 2051 791 2079 malim:
822 2055 872 2079 aut

161 2090 249 2119 veluti
272 2101 357 2129 quum
385 2091 503 2119 Orestes
527 2090 657 2129 aqitatus
683 2089 774 2117 scenis
790 2089 872 2127 suffit

161 2133 294 2158 matrem.
335 2129 474 2158 Alienum
503 2139 576 2158 vero
612 2139 628 2157 a
660 2130 751 2166 po'eta
783 2128 871 2165 epico

162 2167 414 2206 comparationem
437 2168 479 2197 ita
501 2168 672 2201 instituere,
697 2171 731 2195 ut
757 2176 870 2195 scenam

162 2211 193 2235 et
207 2206 341 2243 fabulam
368 2207 397 2235 in
422 2207 549 2246 imagine
575 2207 612 2235 ob
641 2206 747 2235 oculos
770 2209 871 2243 ponat.

162 2245 339 2274 Praestabat
351 2245 446 2284 mythi
461 2245 639 2274 mentionem
654 2245 763 2273 facere.
786 2243 832 2273 W.

202 2283 321 2317 Evina,
342 2288 376 2312 ut
404 2285 505 2322 poe'ta,
546 2294 601 2322 pro
632 2283 762 2321 simplici
797 2282 873 2310 victa

162 2321 253 2350 dixit.
281 2322 320 2350 cf.
343 2322 409 2350 Ecl.
426 2323 502 2357 VII,
526 2321 705 2359 32.—-exiyit
727 2322 802 2350 bene
816 2330 872 2358 pro

163 2360 331 2394 constituit,
355 2361 435 2398 quod
452 2362 495 2395 fit,
518 2372 550 2389 re
567 2365 677 2389 exacta
698 2371 732 2389 ac
756 2359 872 2388 delibe-

163 2402 374 2436 rata—spem
400 2401 503 2436 fronte
527 2404 652 2433 serenat,
689 2398 873 2436 exquisitius

162 2447 252 2475 quam
280 2436 410 2466 frontem
440 2443 559 2468 serenat
587 2445 618 2466 et
645 2437 789 2475 explicat,
819 2447 872 2475 spe

162 2484 240 2504 nova
271 2485 305 2503 ac
333 2476 456 2505 meliore
485 2481 630 2515 concepta
656 2476 704 2504 vel
733 2480 873 2511 ostensa3

163 2513 219 2542 hoc
235 2514 411 2542 transfertur
425 2515 461 2543 ad
480 2516 575 2553 ipsam
594 2525 690 2553 spem,
705 2525 773 2552 qua:
790 2524 872 2542 sere-

162 2552 228 2581 nior
266 2556 297 2580 et
321 2552 421 2580 laetior
457 2554 602 2592 affulgere
631 2557 756 2592 potest;
790 2552 873 2581 Dido

161 2601 239 2629 spem
251 2591 354 2628 fronte
377 2597 502 2625 serenat,
527 2593 556 2620 h.
583 2603 612 2621 e.
634 2591 813 2621 sereniorem
837 2601 870 2620 ac

176 2629 311 2659 aetiorem
333 2630 466 2658 ostendit
490 2631 597 2659 vultu:
621 2636 653 2659 ut
683 2641 760 2669 spem
787 2629 868 2659 vultu

158 2667 287 2703 simulat,
297 2667 350 2697 lib.
364 2668 393 2703 Ι,
405 2669 475 2698 209.
515 2669 646 2707 Propius
660 2670 699 2698 ad
713 2669 869 2708 vulgarem

911 1127 1034 1155 modum
1049 1127 1160 1156 Silius:
1182 1126 1280 1155 tristia
1294 1128 1396 1163 fronte
1409 1128 1536 1154 serenat.
1552 1122 1618 1157 XI,

911 1166 1098 1204 :itis—spem
1118 1168 1220 1203 fronte
1248 1173 1384 1193 serenans
1410 1174 1450 1193 ex
1485 1163 1619 1201 Virgilio

908 1204 1018 1232 sumsit
1030 1204 1204 1233 Nemesian.
1246 1203 1313 1232 Ecl.
1327 1203 1385 1236 IV,
1403 1203 1449 1230 17.

946 1243 1038 1270 Certe
1063 1252 1092 1270 v.
1113 1242 1269 1270 4254—486
1290 1251 1306 1269 a
1327 1241 1446 1269 Medeae
1476 1240 1617 1278 exemplo

909 1279 999 1318 petiti
1012 1284 1091 1314 sunt,
1120 1280 1262 1318 Apollon.
1277 1279 1344 1313 ΙΙΙ,
1361 1280 1419 1307 530
1435 1289 1500 1316 sqq.
1528 1279 1573 1307 H.
1586 1289 1618 1307 eo

905 1317 1007 1352 solvat,
1029 1318 1057 1346 h.
1073 1329 1099 1347 e.
1119 1328 1218 1347 amore
1241 1318 1269 1346 in
1292 1328 1370 1346 eum.
1396 1317 1546 1346 Usitatior
1570 1322 1618 1346 est

906 1357 1086 1394 compositio
1116 1356 1224 1385 solvere
1249 1356 1374 1394 aliquem
1398 1356 1486 1388 luctu,
1512 1366 1620 1391 amore,

907 1405 996 1433 quam
1007 1394 1115 1423 soluere
1131 1395 1273 1424 hominem
1288 1394 1412 1423 homine.
1457 1393 1503 1422 W.

945 1434 1117 1463 480—481
1146 1434 1329 1471 Comparant
1360 1433 1557 1462 Homericum
1584 1434 1614 1461 ἐς

908 1475 1032 1501 Ὠκεανὸν
1059 1475 1118 1506 μετ’
1143 1477 1282 1507 ἀμύμονας
1310 1472 1480 1506 Αἰθιοπῆας,
1510 1472 1557 1500 II.
1585 1484 1618 1505 a,

907 1513 964 1540 4:23
978 1521 985 1546 ·,
1007 1522 1061 1540 nec
1076 1517 1174 1540 tamen
1186 1512 1216 1540 id
1236 1511 1292 1539 nisi
1307 1511 1408 1539 adhoc
1422 1520 1512 1538 unum
1524 1509 1615 1544 valet,

908 1551 988 1588 quod
1007 1556 1174 1579 extremum
1198 1550 1312 1578 Afr³cae
1331 1549 1403 1577 litus
1430 1548 1616 1587 AEthiopiam

912 1589 1051 1623 nominat,
1068 1594 1097 1617 et
1112 1590 1141 1617 b.
1155 1589 1273 1627 quidem
1291 1588 1311 1617 1.
1326 1587 1520 1622 occidentale,
1552 1597 1621 1626 quae

912 1628 1031 1666 proprie
1053 1628 1241 1656 Mauretania
1263 1631 1320 1655 est.
1376 1627 1422 1655 De
1444 1626 1567 1655 Atlante
1589 1635 1619 1655 v.

909 1676 977 1704 sup.
1007 1666 1034 1701 I,
1060 1668 1134 1695 741:
1166 1666 1223 1700 IV,
1249 1667 1318 1694 247.
1341 1669 1455 1704 torquet
1481 1665 1616 1693 ornatius

909 1715 997 1743 quam
1025 1705 1134 1734 coelum
1157 1705 1296 1739 sustinet,
1320 1709 1404 1732 motu
1432 1703 1520 1732 simul
1546 1703 1616 1732 coeli

910 1744 1018 1772 diurno
1048 1754 1213 1781 expresso:
1249 1747 1404 1779 praeeunte
1438 1742 1535 1771 Ennio
1572 1751 1620 1780 ap.

912 1782 1050 1810 Macron.
1074 1783 1131 1816 VI,
1148 1785 1173 1811 l.

903 1821 1086 1858 fulyentibus
1111 1826 1217 1859 aptum.
1244 1821 1322 1849 conf.

912 1859 1001 1886 Ennii
1027 1859 1132 1897 fragm.
1158 1870 1188 1897 p.
1204 1860 1253 1887 45.
1274 1864 1372 1897 aptum
1395 1858 1495 1892 stellis,
1513 1858 1621 1896 exqui-

912 1897 987 1931 site3
1010 1898 1128 1935 vulgari
1152 1898 1293 1935 loquendi
1315 1897 1404 1926 modo
1427 1897 1524 1926 stellae
1541 1897 1619 1925 coelo

911 1940 1002 1972 apta»,
1031 1935 1060 1963 h.
1087 1946 1113 1964 e.
1137 1935 1235 1964 affixae
1259 1940 1345 1971 sunt;
1375 1940 1439 1963 tum
1465 1940 1495 1963 et
1520 1935 1619 1972 ipsum

911 1974 1020 2002 coelum
1036 1974 1169 2002 adfixum
1182 1978 1212 2002 et
1222 1979 1335 2012 aptum,
1349 1973 1500 2012 alligatum
1511 1973 1619 2008 stellis,

911 2012 939 2040 h.
965 2023 991 2041 e.
1016 2013 1204 2041 distinctum.
1246 2013 1335 2048 Quod
1352 2022 1422 2041 vero
1437 2023 1475 2041 ex
1498 2013 1619 2041 Maure-

911 2052 990 2079 tania
1005 2051 1165 2080 excitatam
1181 2061 1268 2079 anum
1284 2051 1425 2088 Massyla>
1441 2058 1538 2080 tamen
1550 2061 1619 2088 yen-

913 2090 950 2118 tis
974 2090 1056 2123 facit,
1080 2100 1204 2128 eamque
1222 2090 1417 2126 Hesperidum
1432 2090 1525 2118 hortis
1539 2100 1621 2127 prae-

912 2128 975 2157 ficit
990 2129 1156 2162 custodem,
1181 2138 1215 2157 ne
1237 2130 1325 2166 poeta
1342 2129 1465 2157 licenter
1480 2129 1508 2157 in
1523 2138 1620 2167 popu-

911 2166 960 2201 lis,
983 2177 1110 2205 quorum
1135 2168 1221 2196 sedes
1244 2167 1338 2195 minus
1368 2172 1457 2201 notae,
1481 2172 1619 2196 versatus

913 2205 1062 2234 dicendus
1079 2206 1127 2235 sit,
1151 2206 1192 2234 ita
1213 2205 1333 2234 videtur
1347 2205 1569 2244 accipiendum,
1585 2210 1619 2234 ut

912 2254 998 2272 anum
1013 2243 1174 2282 Massylam
1197 2244 1285 2273 solito
1309 2255 1391 2274 more
1413 2246 1534 2283 poetam
1556 2254 1619 2272 om-

912 2283 980 2311 nino
1007 2293 1062 2320 pro
1089 2284 1202 2321 Libyca
1231 2283 1347 2312 dixisse
1375 2288 1504 2317 statuas,
1533 2286 1617 2311 certo

913 2321 1028 2350 nomine
1049 2332 1105 2360 pro
1132 2321 1286 2351 indefinito
1310 2322 1420 2360 posito,
1454 2321 1618 2359 Massylam

913 2364 1039 2388 ovantem
1069 2371 1106 2389 ex
1130 2366 1233 2389 nostro
1259 2361 1348 2398 petiit
1374 2361 1467 2389 Silius
1494 2360 1522 2394 1,
1551 2360 1618 2388 101.

913 2399 1107 2437 Hesperidum
1122 2404 1223 2429 autem
1238 2400 1347 2434 hortos,
1371 2398 1517 2428 communi
1531 2400 1619 2435 poe't-

915 2447 996 2466 arum
1037 2439 1174 2476 opinione
1210 2439 1288 2467 iutra
1338 2437 1508 2476 Cyrenaicae
1545 2436 1619 2466 flues

915 2476 1043 2514 positos,
1059 2477 1089 2505 in
1105 2478 1323 2506 Mauretaniam
1339 2477 1376 2505 ad
1390 2475 1521 2505 Atlantis
1536 2485 1617 2504 mon-

915 2514 954 2542 tis
978 2515 1096 2544 radices
1119 2516 1258 2549 removit,
1284 2514 1524 2554 quandoquidem
1540 2514 1617 2543 anti-

914 2553 1033 2590 quiores
1047 2554 1169 2583 diverse
1184 2555 1221 2583 de
1233 2563 1334 2583 eorum
1348 2553 1408 2582 situ
1423 2552 1618 2582 tradiderant.

913 2592 1069 2622 Hesiodus
1094 2593 1216 2631 quidem
1243 2596 1326 2627 πέρην
1350 2595 1448 2620 κλυτοῦ
1465 2593 1471 2603 '
1488 2595 1619 2621 Ωκεανοΐσ

909 2640 961 2660 eos
984 2631 1188 2661 collocaverat
1211 2631 1324 2670 Theog.
1349 2631 1424 2667 2153
1446 2629 1497 2659 alii
1522 2630 1618 2660 aliter.

909 2680 938 2699 v.
954 2670 1034 2708 apud
1056 2671 1137 2701 Plin.
1152 2670 1211 2706 VI,
1227 2671 1263 2700 31
1285 2680 1310 2704 s,
1324 2670 1373 2699 36.
1393 2669 1445 2709 qui
1471 2668 1528 2698 alio
1550 2668 1619 2700 looo

1196 1782 1254 1818 Qui
1275 1781 1372 1810 (τεὶιιηι
1397 1785 1493 1810 versat
1515 1780 1622 1809 stelleis

1382 1820 1557 1849 Columnam
1581 1820 1620 1848 ad
