1796 3077
554 181 894 220 GEORGICON.
952 181 1053 220 LIB.
1088 181 1141 219 ΙΙ.

126 299 218 342 Aut
236 300 418 357 lapidem
434 301 637 352 bibulum,
669 310 742 344 aut
763 302 1004 358 squalentes
1025 301 1169 343 infode
1190 301 1374 344 conchas
1391 319 1401 353 ;

127 357 243 399 Inter
262 361 371 400 enim
390 359 586 401 labentur
607 375 740 414 aquae,
773 361 994 414 tenuisque
1016 359 1175 400 subibit

126 414 309 465 Halitus,
341 424 467 470 atque
489 418 647 458 animos
668 417 816 458 tollent
832 424 935 458 sata.

996 416 1178 470 Jamque
1199 417 1369 472 reperti,
1503 416 1587 456 300

128 472 215 518 Qui
233 488 334 515 saxo
355 489 483 528 super
504 482 631 529 atque
652 475 834 529 ingentis
854 474 1046 528 pondere
1067 480 1188 514 testae

126 528 365 584 Urgerent3
397 531 479 572 hoc
500 532 657 573 effusos
677 532 890 572 munimen
910 531 964 572 ad
983 531 1161 580 i1nb1·es;

123 584 236 635 Hoc,
267 588 341 628 ubi
361 588 502 630 hiulca
522 590 589 630 siti
608 589 733 630 findit
752 589 866 630 canis
887 588 1044 629 aestifer
1063 602 1175 628 arva.

184 643 424 686 Seminibus
445 647 605 700 positis,
637 652 830 700 superest
849 645 1064 686 deducere
1084 652 1239 685 terram

124 699 291 754 Saepius
312 703 367 743 ad
387 704 527 757 capita
546 710 589 744 et
604 703 734 744 duros
749 703 912 757 jactare
932 703 1149 750 bidentes3
1501 701 1586 742 355

123 755 216 798 Aut
235 773 381 812 presso
403 774 602 800 exercere
624 759 757 800 solum
776 761 854 800 sub
875 774 1055 808 vomere,
1087 765 1130 799 et
1148 758 1240 812 ipsa

124 813 316 856 Flectere
336 815 543 857 luctantes
563 816 672 857 inter
687 816 828 856 vineta
841 817 1070 870 juvencos:

124 870 239 912 Tum
258 871 370 913 leves
391 873 588 921 calamos,
618 879 661 914 et
682 887 788 913 rasae
807 871 975 913 hastilia
992 872 1136 925 virgae,

123 927 440 984 Fraxineasque
462 937 608 985 aptare
629 930 769 979 sudes,
802 929 1029 984 furcasque
1049 929 1258 979 bicornes,

124 984 301 1027 Viribus
321 987 422 1028 eniti
441 1002 632 1041 quarum,
664 994 707 1029 et
724 994 992 1029 contemnere
1013 992 1160 1027 ventos

1502 987 1585 1027 360

123 1040 399 1093 Assuescant,
430 1059 695 1098 summasque
716 1044 835 1097 sequi
855 1042 1045 1084 tabulata
1065 1057 1142 1096 per
1161 1042 1309 1084 ulmos

180 1098 261 1150 Ac,
292 1101 393 1141 dum
407 1102 542 1155 prima
562 1102 679 1142 novis
699 1100 903 1142 adolescit
923 1100 1146 1141 frondibus
1167 1106 1282 1148 aetas,

124 1155 393 1202 Parcendum
411 1159 566 1201 teneris
584 1175 596 1209 ς
623 1165 679 1208 et,
710 1158 811 1202 dum
832 1172 877 1199 se
897 1156 1019 1198 laetus
1039 1157 1094 1198 ad
1115 1170 1238 1198 auras

123 1281 152 1302 ν.
169 1273 288 1304 Colum.
307 1275 329 1304 1.
345 1276 366 1306 1.
387 1281 417 1307 et
429 1276 579 1316 Theophr.
602 1275 709 1308 Causs.
734 1277 834 1307 Plant.

123 1312 189 1347 III,
211 1315 228 1342 5
250 1318 280 1343 et
297 1316 327 1349 7,
349 1326 437 1354 quem
459 1316 523 1345 siue
546 1316 637 1346 dubio
656 1316 747 1354 poe'ta
766 1321 834 1346 ante

123 1352 227 1381 oculos
248 1353 363 1390 habuit,
383 1355 455 1384 item
480 1356 620 1393 Geopon.
640 1354 681 1389 V,
700 1356 730 1384 9.
760 1355 834 1394 lupi-

121 1390 185 1419 dem
208 1391 345 1427 bibulum,
373 1394 523 1431 pumicem
543 1398 596 1423 aut
614 1393 835 1424 sabulosum.--

122 1429 284 1473 squalentes
309 1432 440 1467 conchas,
466 1443 589 1462 mucosa
614 1433 714 1471 aliqua
742 1433 836 1463 saliva

122 1469 278 1507 mductas3
300 1481 365 1500 nam
385 1471 522 1510 squalere
542 1472 685 1501 dicuntur
698 1481 743 1506 ea,
766 1483 834 1511 quae

121 1508 255 1544 madore,
275 1519 373 1545 niueo,
394 1511 546 1546 sordibus,
573 1515 637 1539 tum
658 1520 834 1548 quocunque

121 1545 259 1581 humore,
279 1552 330 1578 aut
352 1550 453 1578 colore
476 1550 607 1577 obducta
625 1552 706 1578 sunt.
731 1549 769 1577 cf.
797 1549 834 1577 ad

123 1584 179 1614 Ge.
206 1586 265 1621 lv,
291 1588 341 1618 91.
366 1588 521 1617 11.-349.
545 1588 602 1616 350
642 1586 718 1615 inter
742 1587 837 1615 instar

121 1624 260 1654 adverbii
275 1633 437 1664 usurpatur
450 1627 505 1655 hoc
521 1626 588 1654 loco
609 1635 663 1663 pro
679 1625 756 1654 inter
773 1626 834 1664 spi-

122 1668 255 1692 ramenta
270 1668 301 1692 et
314 1665 405 1693 rimas
419 1664 527 1702 lapidis
543 1665 591 1693 vel
603 1664 731 1693 conchae.
771 1665 835 1693 Ad-

121 1702 295 1730 verbialiter
316 1703 392 1731 illud
418 1707 449 1731 et
475 1704 545 1732 366·
571 1707 748 1741 usurpatum
776 1706 833 1731 est.

127 1739 176 1768 W.
197 1740 289 1768 tenuis
303 1741 411 1769 halitus
424 1742 515 1776 venti,
536 1742 611 1770 inter
625 1742 775 1779 pumicum
798 1752 833 1770 ac

121 1781 267 1807 testarum
290 1779 463 1819 fragmenta,
490 1784 640 1819 tamquam
661 1790 715 1818 per
738 1780 834 1818 spira-

122 1816 213 1851 mina,
233 1823 390 1856 penetrare
412 1823 524 1857 potest,
548 1823 636 1856 atque
654 1818 697 1847 ita
718 1819 833 1848 radices

122 1855 224 1885 fovere
238 1860 269 1885 et
283 1867 427 1886 recreare.
468 1857 665 1896 Theophrast.
685 1856 739 1886 l.l.
762 1861 834 1888 ὅπως·

121 1897 224 1938 σίνρῥοὶ]
247 1898 370 1931 γὶγνηται
396 1899 444 1925 τοῦ
469 1900 576 1932 ὕδατος,
604 1900 648 1925 καὶ
670 1898 718 1924 τοῦ
743 1899 834 1931 θέρους

121 1938 195 1962 οὑτοι
212 1936 254 1971 (οἱ
275 1936 366 1972 mom)
380 1940 559 1970 κιιταψύχωσι
580 1938 628 1964 τὰς
644 1938 729 1973 ῥίζας·-
769 1935 833 1964 uni-

121 1981 195 2007 mos,
221 1973 314 2008 vires,
341 1973 440 2002 tollent
459 1980 535 2009 sata,
556 1983 644 2013 quam
668 1973 831 2012 praeclare!

121 2020 177 2048 pro
198 2012 276 2040 vites
294 2012 448 2042 laetissime
471 2013 833 2052 efflorescens—Jamque

122 2050 242 2087 reperti,
262 2051 291 2079 b.
312 2051 394 2080 suere
405 2052 504 2087 etiam,
520 2052 570 2091 qui
583 2052 704 2090 insuper
717 2055 774 2080 ete.
789 2052 833 2080 H.

121 2087 140 2117 J
145 2097 220 2132 unge
230 2094 364 2128 urgyerent
377 2100 464 2129 super
477 2091 506 2119 li.
520 2101 546 2120 e.
560 2091 700 2128 desuper.
741 2091 832 2119 Com-

120 2131 254 2164 pos-itum
278 2130 435 2168 usurpavit
459 2130 582 2159 Tacitus
609 2130 686 2160 Anu.
715 2129 762 2164 II,
782 2130 831 2158 23.

116 2166 210 2202 fluctu
223 2173 475 2206 super—umente.
501 2168 548 2198 W·

144 2205 317 2247 'asti—357
348 2207 393 2235 De
414 2207 463 2241 iis,
492 2217 560 2245 quae
588 2211 659 2246 post
687 2206 832 2236 sationem

121 2246 195 2286 Vitis
222 2244 354 2282 agenda:
383 2255 416 2273 ac
440 2245 536 2282 primo
563 2247 680 2284 quidem
704 2246 773 2275 loco
798 2246 831 2274 de

115 2283 257 2318 jbsswne.
278 2282 396 2311 Colum.
424 2284 482 2319 IV,
508 2286 537 2313 3.
563 2286 582 2314 2
609 2284 734 2319 Deinde,
761 2284 833 2313 vnal-

123 2320 194 2349 teoto
219 2321 295 2349 inter
313 2321 427 2349 ordines
442 2323 550 2360 posito,
572 2323 680 2352 crebris
692 2323 834 2361 fossioni-

123 2358 176 2387 bus
182 2361 366 2403 pastinatum
379 2361 519 2390 resoluere
540 2366 625 2401 atque
647 2363 676 2391 in
685 2362 834 2400 pulvereni

123 2399 264 2436 redzyere.
304 2399 356 2428 Sic
381 2399 457 2427 enim
477 2399 600 2429 malleoli
616 2405 643 2429 et
666 2400 835 2430 viviradices

124 2437 278 2476 etreliqua
297 2438 417 2471 semina,
439 2448 504 2476 qnoe
523 2439 746 2477 deposuerimus,
767 2450 834 2468 con-

124 2477 276 2510 valescent,
295 2477 322 2505 si
341 2477 435 2505 mollis
452 2486 485 2505 ac
505 2480 602 2506 tenera
615 2478 728 2512 humus,
748 2478 835 2507 nullis

126 2514 221 2543 herbis
234 2515 436 2554 irrepentibus,
451 2515 597 2543 humorem.
610 2517 747 2554 stirpibus
754 2527 833 2555 pra>-

126 2552 230 2588 buerit,
251 2565 301 2583 nec
315 2554 425 2583 duritia
438 2553 492 2582 soli
505 2554 629 2582 novellas
643 2555 734 2583 adhuc
748 2555 834 2593 plau-

125 2595 172 2620 tas
195 2592 271 2621 velut
296 2598 376 2622 arcto
402 2592 513 2621 vinculo
537 2594 745 2630 compresserit.
785 2595 834 2623 Ex

127 2630 173 2658 his
190 2632 279 2667 poeta
298 2632 371 2660 satis
388 2632 555 2661 illustratus
576 2632 703 2660 videtur.
742 2631 838 2660 Semi-

126 2668 210 2697 nibus
218 2670 323 2708 positis
333 2680 389 2708 pro
404 2671 531 2700 surculis
541 2670 658 2699 defixis.
683 2670 838 2699 Fodiendo

129 2711 210 2737 terra
224 2708 371 2738 deducitur
384 2709 423 2739 ad
433 2709 538 2748 capita,
561 2708 734 2744 adducitur,
750 2719 837 2748 agge«

875 1276 951 1306 ritur
965 1275 1002 1305 ad
1017 1276 1143 1311 radices,
1163 1275 1308 1314 siquidem
1322 1279 1402 1304 terra
1415 1272 1588 1312 cooeqncmda

873 1321 917 1344 est
936 1315 1057 1354 gemmis
1078 1315 1265 1349 exstantibus,
1287 1314 1406 1344 Colum.
1427 1313 1484 1346 IV,
1506 1314 1535 1347 5,
1556 1313 1586 1346 2,

875 1355 904 1383 3.
946 1355 1117 1384 Praeferunt
1132 1354 1181 1384 alii
1192 1354 1349 1383 lectionem
1367 1351 1504 1381 codicum
1517 1361 1586 1379 uon-

874 1393 1022 1422 uullorum
1035 1393 1313 1430 diducere—jactare
1333 1391 1460 1420 bidentes
1482 1389 1587 1418 sossio-

874 1442 943 1462 nem
959 1435 1043 1461 notat
1056 1433 1160 1461 adacto
1173 1431 1285 1469 ligone.
1324 1430 1444 1459 Colum.
1464 1428 1522 1461 IV,
1538 1429 1586 1463 14,

879 1471 903 1499 l.
944 1470 1113 1509 Insequitur
1138 1470 1237 1499 deinde
1256 1472 1367 1507 fossor,
1397 1467 1448 1506 qui
1474 1466 1588 1495 crebris

876 1509 1046 1537 bidentibus
1065 1509 1215 1546 (equaliter
1235 1512 1262 1536 et
1282 1506 1415 1535 minutim
1433 1505 1488 1534 soli
1505 1508 1588 1542 terya

874 1549 1146 1576 convertas—356
1180 1546 1299 1575 Colum.
1332 1545 1398 1580 111,
1435 1545 1482 1572 13.
1521 1544 1587 1573 Aut

874 1585 1020 1614 scrobibus
1033 1590 1085 1614 aut
1097 1585 1183 1614 sulcis
1197 1584 1286 1613 vineae
1302 1583 1470 1622 plerumque
1488 1592 1587 1611 conse-

874 1624 1075 1659 runtur‚—-vel
1086 1628 1187 1652 m‘atro
1199 1623 1243 1652 vel
1255 1623 1365 1652 bidente
1379 1622 1586 1650 insistunt—ut

874 1673 952 1691 more
966 1663 1109 1691 novalium
1125 1667 1205 1691 terra
1219 1661 1393 1691 transversis
1403 1659 1587 1699 adversisque

873 1701 962 1730 salcis
983 1701 1199 1739 proscindatur.
1239 1701 1278 1730 Id
1300 1710 1391 1738 yenus
1417 1699 1504 1728 vineti
1529 1710 1587 1727 non

873 1740 1002 1768 conducit
1029 1740 1175 1778 ayricolae,
1203 1739 1262 1768 nisi
1283 1739 1331 1767 ubi
1354 1737 1501 1767 laetissimo
1527 1737 1588 1766 solo

873 1778 940 1807 vitis
959 1778 1054 1817 amplo
1073 1778 1246 1807 incremento
1267 1777 1425 1814 consuryit.
1445 1776 1482 1805 cf.
1505 1776 1587 1805 Plin.

873 1817 986 1852 XVII,
1007 1819 1046 1846 22
1062 1827 1086 1846 S.
1107 1819 1157 1851 35,
1176 1818 1323 1846 22.-—357
1340 1816 1416 1844 ‘inter
1429 1815 1535 1849 vineta,
1556 1815 1588 1844 h.

872 1863 907 1884 ut
922 1860 1024 1885 aretur
1039 1856 1119 1885 inter
1133 1856 1251 1885 ordines
1266 1856 1381 1890 vitium,
1404 1858 1446 1889 ut,
1467 1854 1587 1882 inversa

873 1899 972 1924 aratro
992 1899 1081 1929 terra,
1104 1895 1200 1934 glebae
1219 1894 1369 1933 utrimque
1385 1903 1490 1922 versus
1511 1892 1587 1921 vites

871 1933 1232 1972 insurgant.——358-—-361
1257 1934 1304 1962 De
1315 1931 1468 1971 pedatione
1483 1931 1585 1960 vitium

872 1976 903 2001 et
919 1972 1072 2012 Ιβαφιίἰοπρ
1098 1974 1136 2002 cf.
1162 1972 1281 2001 Colum.
1309 1972 1368 2006 IV,
1393 1972 1440 2000 12.
1481 1970 1586 1999 Placet

871 2011 960 2040 lectio
983 2012 1177 2050 plurimorum
1200 2015 1231 2040 et
1249 2010 1429 2048 optimorum
1450 2009 1586 2037 codicum

872 2050 1104 2079 valentem—361
1127 2049 1256 2078 tabulata
1270 2049 1299 2077 in
1314 2047 1406 2077 vineis
1422 2051 1491 2075 sunt
1504 2047 1586 2076 ordi-

873 2099 926 2118 nes
945 2099 1107 2123 ramorum,
1127 2088 1155 2117 in
1175 2087 1343 2121 arboribus,
1364 2085 1452 2115 ulmis
1473 2085 1502 2114 in
1523 2085 1584 2123 pri-

871 2128 940 2161 mis,
964 2128 1201 2166 prominentium,
1223 2136 1309 2164 quos,
1328 2124 1436 2154 recisis
1447 2124 1522 2158 aliis,
1543 2124 1586 2153 ita

871 2167 901 2195 in
923 2166 1009 2204 plana
1029 2167 1164 2200 tendunt,
1184 2165 1320 2197 dilatant,
1343 2174 1377 2192 ac
1399 2173 1455 2201 per
1474 2162 1584 2201 gradus

871 2206 1035 2234 deflectunt
1046 2204 1193 2243 agricola),
1208 2208 1242 2232 ut
1252 2202 1436 2232 robustiores
1448 2201 1585 2240 palmites

872 2254 961 2273 uuum
974 2247 1043 2282 post
1055 2242 1179 2272 alterum
1192 2252 1304 2271 ramum
1316 2241 1473 2279 attingere,
1487 2240 1583 2278 iisque

875 2293 941 2312 sese
965 2282 1114 2321 applicare
1135 2286 1166 2311 et
1180 2290 1338 2319 assurgere
1352 2279 1437 2318 quasi
1451 2289 1504 2346 per
1519 2290 1584 2317 gra-

874 2322 932 2350 dus
947 2321 1073 2359 possint.
1113 2321 1212 2350 Locus
1233 2324 1280 2349 est
1303 2319 1384 2357 apud
1406 2319 1449 2348 Co
1464 2328 1522 2347 um.
1544 2317 1584 2346 V⁹

874 2361 904 2395 6,
927 2362 973 2389 11.
994 2360 1041 2389 12.
1061 2360 1110 2388 23.
1130 2360 1178 2388 21.

913 2400 1080 2428 362—31'0
1108 2398 1295 2428 Putationem
1317 2406 1370 2425 seu
1389 2395 1585 2435 pampinatio-

873 2448 937 2467 nem
952 2437 980 2465 in
996 2447 1073 2466 nova
1084 2437 1186 2465 fronde
1200 2436 1285 2474 plane
1301 2435 1419 2468 nullam,
1440 2434 1469 2462 in
1483 2439 1582 2463 tenero

874 2477 997 2515 palmite
1011 2485 1066 2504 non
1081 2476 1158 2504 ferro
1175 2475 1228 2503 sed
1241 2484 1337 2512 ungue
1351 2474 1531 2505 tentandam,
1554 2473 1582 2500 in

875 2516 1007 2544 adultam
1034 2514 1125 2543 vitem
1153 2523 1259 2542 severe
1284 2522 1351 2541 esse
1376 2512 1582 2541 exercendam.

874 2553 1028 2590 Prmcepti
1042 2552 1164 2590 primam
1182 2555 1298 2590 partem
1315 2551 1469 2579 confirmat
1487 2550 1582 2579 Theo-

874 2593 940 2632 pbr.
962 2593 999 2621 de
1019 2592 1127 2620 Causs.
1149 2591 1248 2619 Plant.
1276 2590 1343 2625 ΙΙΙ,
1369 2591 1406 2625 9;
1435 2589 1510 2617 Cato
1532 2588 1581 2621 33,

876 2633 915 2669 ὃς
936 2635 965 2660 at
990 2630 1101 2659 refellit
1127 2628 1294 2658 Columella
1315 2638 1382 2658 omn
1408 2628 1447 2661 V,
1474 2626 1583 2668 ⁶¹.².2·

876 2674 941 2699 tum
955 2670 1013 2703 IV,
1036 2670 1084 2701 ll,
1106 2668 1122 2696 I
1162 2678 1229 2696 nam
1243 2667 1322 2696 illam
1335 2671 1456 2695 veterem
1473 2673 1582 2702 ομιηιυ-

878 2719 940 2738 nem
955 2706 1101 2737 damnavit
1116 2717 1194 2743 astes,
1215 2717 1271 2736 non
1289 2716 1349 2736 esse
1363 2706 1448 2741 ferre
1466 2706 1584 2740 ἰαηῃεικ
