1796 3077
142 277 238 322 528

567 274 610 312 P.
643 273 873 312 VIRGILH
906 273 1158 311 MARONIs

140 392 228 434 Sed
248 408 332 436 non
349 395 525 450 augurio
545 396 683 449 potuit
703 394 916 450 depellere
936 402 1113 450 pestem.

140 449 251 492 Tres
266 453 392 506 juxta
411 451 586 492 famulos
608 459 764 493 temere
785 453 893 493 inter
912 452 996 494 tela
1013 453 1220 507 jacentes,

138 506 494 563 Armigerumque
517 508 642 549 Remi
662 510 829 563 premit,
851 511 1124 564 aurigamque
1146 510 1225 549 sub
1245 508 1345 563 ipsis

1506 508 1591 549 330

138 563 303 606 Nactus
325 566 442 619 equis
459 582 468 614 3
500 564 697 620 ferroque
718 574 832 608 secat
851 567 1080 622 pendentia
1100 566 1219 608 colla.

138 620 252 661 Tum
272 629 399 677 caput
418 622 497 676 ipsi
517 623 656 664 aufert
676 624 847 665 domino
868 632 1148 678 truncumque
1169 622 1366 677 relinquit

138 678 351 732 Sanguine
371 679 669 733 singultantem
691 697 703 729 3
732 688 824 722 atro
841 680 1054 735 tepefacta
1073 695 1223 722 cruore

135 734 273 775 Terra
293 736 457 790 torique
479 737 664 778 madent.

725 737 821 779 Nec
841 753 926 779 non
944 738 1257 792 Lamyrumque
1281 736 1559 790 Lamumque,

135 791 195 851 Et
209 792 408 845 juvenem
431 793 670 844 Sarranum,
689 794 758 835 illa
778 796 850 849 qui
871 795 1050 850 plurima
1069 803 1193 837 nocte

1505 792 1590 832 335

135 848 332 898 Luserat,
354 850 526 905 insignis
547 851 666 900 facie,
687 851 903 907 multoque
919 853 1092 907 jacebat

135 905 333 947 Membra
349 907 430 948 deo
451 909 585 948 victus
603 927 612 958 3
644 908 760 958 felix,
783 911 816 950 si
836 918 1041 964 protenus
1062 909 1175 950 illum

134 962 369 1016 AEquasset
389 966 501 1005 nocti
523 964 669 1006 ludum
689 967 730 1006 in
752 966 973 1021 lucemque
994 966 1172 1008 tulisset.

133 1018 344 1074 Impastus
367 1036 444 1062 ceu
461 1021 586 1076 plena
606 1022 671 1063 leo
692 1038 770 1077 per
792 1023 915 1064 ovilia
936 1025 1136 1073 turbans3

134 1076 298 1118 Suadet
318 1079 427 1119 enim
447 1094 600 1120 vesana
619 1079 773 1129 fames3
805 1081 1050 1134 manditque
1073 1080 1287 1135 trahitque

1505 1077 1590 1117 340

134 1133 266 1175 Molle
288 1149 435 1188 pecus,
458 1144 703 1191 mutumque
725 1145 839 1178 metu
860 1155 869 1187 3
902 1138 1041 1178 fremit
1061 1153 1133 1179 ore
1155 1145 1344 1179 cruento.

133 1190 229 1232 Nec
251 1192 385 1232 minor
406 1193 584 1246 Euryali
604 1194 766 1234 caedes:
798 1195 992 1235 incensus
1012 1202 1055 1235 et
1075 1195 1165 1249 ipse

134 1247 345 1298 Perfurit3
380 1264 428 1290 ac
448 1249 619 1290 multam
639 1251 682 1290 in
702 1251 841 1291 medio
864 1251 950 1291 sine
968 1252 1133 1292 nomine
1154 1251 1334 1306 plebem,

132 1303 395 1359 Fadumque,
419 1305 745 1360 Herbesumque
773 1308 899 1356 subit,
923 1307 1231 1361 Rhoetumque,
1254 1308 1532 1362 Abarimque,

132 1360 308 1415 Ignaros
326 1379 335 1411 3
368 1362 577 1403 Rhoetum
598 1363 851 1417 vigilantem,
875 1372 918 1404 et
938 1371 1091 1404 cuneta
1109 1365 1347 1413 videntem3

1506 1363 1590 1404 345

133 1418 221 1459 Sed
242 1434 439 1472 inagnum
460 1427 650 1459 metuens
679 1435 723 1461 se
744 1428 842 1473 post
861 1428 1025 1461 cratera
1045 1421 1217 1474 tegebat
1240 1436 1249 1460 ε

129 1474 310 1516 Pectore
332 1476 374 1515 in
396 1476 574 1516 adverso
597 1483 731 1517 totum
752 1477 819 1518 cui
841 1477 1072 1518 comminus
1094 1493 1237 1518 ensem

129 1531 332 1572 Condidit
353 1534 604 1587 assurgenti,
636 1541 678 1574 et
698 1533 829 1574 multa
849 1542 983 1575 morte
1005 1536 1167 1589 recepit

132 1588 402 1643 Purpureum
419 1606 427 1629 :
461 1590 588 1630 vomit
607 1589 675 1630 ille
696 1592 885 1640 animam,
915 1599 957 1632 et
978 1606 1073 1632 cum
1094 1592 1299 1647 sanguine
1320 1592 1451 1633 mixta

131 1645 244 1686 Vina
264 1646 393 1687 refert
413 1647 593 1687 moriens
611 1663 619 1688 ε
653 1647 721 1689 hie
744 1648 857 1689 furto
878 1648 1064 1689 fervidus
1085 1649 1228 1690 instat.

1507 1648 1592 1688 350

123 1702 305 1757 Jamque
328 1704 382 1744 ad
405 1703 596 1758 Messapi
618 1705 753 1745 socios
775 1705 993 1755 tendebat,
1017 1706 1091 1746 ubi
1111 1706 1250 1760 ignem

130 1760 330 1801 Deficere
353 1770 602 1809 extremum,
625 1770 667 1803 et
687 1761 885 1816 religatos
907 1763 985 1803 rite
1006 1763 1178 1804 videbat

129 1817 315 1872 Carpere
335 1833 510 1872 gramen
531 1833 662 1872 equos
684 1835 692 1859 :
726 1820 909 1860 breviter
930 1834 1026 1861 cum
1047 1820 1149 1861 talia
1171 1820 1320 1870 Nisus,

124 1934 217 1962 feram
231 1934 315 1971 prius
332 1944 338 1962 t
362 1939 507 1963 memorat
521 1946 594 1964 voce
609 1947 725 1975 pressa.
737 1937 839 1966 —322

126 1974 184 2000 3223
201 1973 327 2001 Praeivit
347 1972 501 2001 Homerus
522 1975 560 2002 Il.
581 1980 612 2011 β,
635 1978 704 2004 858.
725 1977 838 2005 850.-

125 2012 194 2039 330.
214 2011 271 2039 3:34
284 2012 424 2043 Remum,
446 2022 535 2049 quem
556 2024 700 2052 expresse
716 2025 771 2043 non
787 2025 839 2043 no·

127 2049 231 2082 minat,
249 2060 317 2080 eum
336 2050 423 2078 trinis
443 2051 573 2085 famulis,
599 2054 723 2092 ejusque
749 2055 838 2082 armi-

126 2097 230 2125 gerum
257 2090 446 2123 (θεράποντα)
469 2094 499 2118 et
526 2091 659 2129 aurigam
684 2095 838 2129 (ἡνίοχον),

125 2126 526 2165 opprimit.—333s‹2719uiqze
539 2129 742 2168 sinyultantem
756 2136 838 2160 trun-

125 2176 187 2193 cum
207 2166 296 2194 docte
323 2166 413 2200 dixit,
439 2167 489 2204 qui
513 2168 591 2197 collo
605 2170 703 2198 reciso
719 2171 839 2208 sangui-

125 2214 191 2232 nem
231 2205 342 2233 emittit
385 2206 592 2242 ebullientem,
636 2212 836 2245 ἀναβλύζοντα.

126 2243 255 2272 Doctius
269 2254 390 2282 quoque
405 2244 485 2273 dixit
504 2245 665 2283 sbrqultare
685 2248 837 2286 sanquine,

124 2291 222 2320 quam.
258 2282 436 2320 sanquinem.
478 2283 515 2312 In
547 2296 613 2323 sqq.
628 2303 666 2307 —-
682 2287 738 2315 333
771 2291 836 2315 atro

123 2322 264 2358 tepefacta
296 2331 397 2350 cruore
433 2321 526 2350 Terra
560 2324 673 2362 torique
704 2325 836 2353 madent:

125 2358 283 2397 gravitatis
298 2360 366 2398 plus
384 2360 472 2389 habet
482 2361 695 2391 Homericum:
719 2367 837 2392 ὁιὶπεὸον

125 2400 148 2425 δ’
163 2401 235 2425 ἅπαν
250 2401 345 2431 αἵματι
367 2402 437 2433 θῦεν,
455 2400 603 2434 fervebat,
621 2403 780 2436 aestuabat,
807 2403 837 2431 in

123 2437 193 2465 loco
208 2437 353 2473 praeclaro
375 2438 412 2466 de
427 2439 652 2475 Agamemnone
667 2450 747 2469 caeso
762 2441 837 2469 iuter

125 2474 242 2514 epulas,
257 2475 316 2504 Od.
332 2481 360 2510 λ,
375 2477 433 2505 419
444 2481 474 2505 et
489 2477 527 2506 al.

165 2513 223 2542 343
235 2513 295 2541 sine
308 2515 429 2549 nomine,
445 2521 586 2552 νωνύμους,
607 2518 765 2550 obscuros,
791 2518 836 2557 ig-

125 2551 253 2581 nobiles.
274 2562 371 2581 uomeu
384 2564 439 2582 non
456 2556 543 2584 modo
555 2567 609 2594 pro
621 2557 709 2589 fama,
732 2557 786 2585 sed
807 2561 839 2585 et

125 2600 181 2630 pro
197 2589 349 2619 nobilitate
364 2602 398 2619 ac
411 2593 565 2630 dignitate,
587 2595 616 2623 in
629 2596 719 2624 medio
737 2596 783 2624 vel
798 2596 836 2625 de

125 2631 192 2658 loco
214 2627 265 2658 vel
291 2628 328 2656 de
357 2634 617 2667 te111p01·e.—346
644 2645 780 2672 maguum
806 2644 836 2663 Se

119 2676 188 2707 post
212 2671 327 2696 cratera
349 2669 469 2704 teque-at.
522 2671 684 2702 Miraberis
712 2674 837 2702 crateris

126 2705 378 2750 magnitudinem!
413 2708 471 2735 etsi
500 2708 632 2747 ingentia
657 2713 740 2740 fuere
766 2722 837 2741 vasa

125 2746 239 2780 tit-tilia,
261 2744 369 2783 quibus
393 2745 503 2781 vinum,
528 2747 555 2777 in
575 2750 683 2786 pocula
696 2751 833 2782 haurien-

878 1937 959 1972 dum,
989 1939 1185 1976 servabatur3
1219 1938 1301 1967 dicta
1324 1938 1428 1967 eadem
1453 1937 1552 1972 dolia3
1574 1947 1589 1966 e

878 1986 937 2014 quo
953 1987 1061 2015 genere
1083 1988 1151 2007 esse
1171 1978 1287 2010 debuit,
1309 1978 1337 2005 in
1359 1987 1418 2015 quo
1435 1977 1588 2014 Diogenes

877 2015 1139 2045 habitabat—348
1156 2021 1184 2045 et
1196 2016 1287 2044 multa
1297 2020 1386 2044 morte
1402 2015 1518 2053 recepit,
1538 2025 1585 2043 re·

878 2055 972 2083 traxit
987 2065 1089 2084 ensem
1110 2055 1204 2084 multo
1225 2064 1292 2083 cum
1315 2054 1470 2092 sanguIne,
1498 2057 1530 2082 ut
1542 2053 1589 2089 X,

877 2094 934 2121 383
949 2104 954 2120 ε
978 2098 1010 2121 ut
1026 2098 1118 2130 φόνος,
1160 2093 1220 2122 Alii
1239 2092 1365 2130 recipere
1379 2092 1495 2121 dictum
1509 2093 1589 2121 acci-

878 2131 961 2170 piunt
983 2142 1037 2170 pro
1061 2131 1222 2169 excipere:
1247 2135 1279 2159 ut
1304 2131 1343 2159 sit
1368 2131 1511 2170 excipere
1531 2130 1586 2159 ali-

879 2179 969 2208 quem
979 2174 1087 2203 morte,
1103 2174 1239 2208 tanquam
1255 2169 1385 2207 hospitio
1401 2180 1456 2198 seu
1477 2170 1588 2209 epulis,

876 2213 906 2237 et
930 2209 972 2237 sic
994 2212 1165 2243 ὲκὸέχεσθαι,
1193 2219 1240 2246 ap.
1263 2209 1391 2237 Homer.
1415 2209 1455 2237 11.
1477 2222 1501 2241 ε,
1519 2210 1590 2238 238.

876 2247 1049 2285 Apollon.[,
1077 2249 1162 2276 1000.
1183 2251 1292 2281 ξενίζειν
1304 2258 1352 2285 ap.
1366 2248 1459 2286 Soph.
1473 2247 1522 2276 El.
1536 2248 1584 2276 99.

875 2287 1082 2315 —196.-350
1091 2288 1278 2324 nonjungam
1285 2287 1522 2324 surtofiervidus,
1535 2285 1587 2314 sed

875 2325 992 2354 fervide
1005 2325 1093 2354 instat
1103 2327 1199 2362 furto,
1215 2325 1327 2354 furtiva
1341 2329 1370 2354 et
1381 2335 1438 2354 non
1456 2324 1587 2355 animad-

877 2373 964 2392 versa
978 2374 994 2392 a
1008 2365 1116 2393 ceteris
1131 2365 1225 2393 caede.

915 2404 1071 2432 350—356
1085 2403 1246 2432 Manifesta
1259 2402 1386 2433 Homeri
1404 2401 1528 2440 vestigia
1544 2400 1586 2431 ΙΙ.

877 2454 903 2474 κ,
915 2442 973 2470 494
984 2452 1049 2479 sqq.
1063 2442 1093 2470 in
1104 2442 1217 2476 Rheso,
1228 2452 1326 2480 usque
1341 2442 1378 2471 ad
1387 2442 1456 2470 514.
1468 2441 1586 2469 Messa-

876 2489 934 2517 pus
950 2480 1088 2509 excubiis
1104 2485 1168 2509 erat
1177 2481 1351 2518 praefectus,
1366 2480 1431 2514 IX,
1454 2479 1511 2508 159
1526 2485 1585 2510 etc.

877 2519 1008 2556 —iynem
1016 2524 1172 2548 extremum
1186 2519 1252 2556 quis
1267 2519 1385 2547 dubitet
1394 2519 1535 2557 jungere,
1552 2524 1586 2549 ut

877 2556 970 2585 lumen
984 2563 1140 2587 extremum
1149 2557 1467 2594 ‹leficiens.-reli9atos
1480 2556 1535 2585 rite
1550 2568 1586 2586 ex

876 2606 966 2632 more,
980 2607 1017 2626 ex
1034 2597 1156 2626 militari
1171 2595 1394 2628 consuetudine,
1406 2594 1528 2631 ligatos,
1542 2597 1584 2625 ait

876 2634 976 2667 Serv„
1020 2636 1123 2673 quidni
1165 2634 1338 2672 simpliciter
1378 2633 1561 2671 accipiamus
1574 2646 1580 2664 ε

878 2684 971 2711 equos
985 2674 1042 2703 rite
1059 2674 1208 2713 alligatOS,
1229 2672 1272 2701 uti
1289 2682 1338 2700 res
1355 2673 1513 2709 poscebat,
1537 2674 1583 2702 uti

876 2717 1103 2742 consentaneum
1121 2716 1184 2742 erat
1197 2711 1303 2745 facere,
1319 2721 1353 2739 ne
1366 2711 1452 2740 liberi
1465 2711 1581 2740 discur—

875 2756 987 2787 rerent,
1006 2751 1034 2781 eir
1049 2755 1117 2781 κατὰ
1131 2756 1242 2784 κόσμον.
1294 2750 1381 2787 Apud
1404 2750 1530 2780 Homer.
1552 2750 1581 2778 ἱΙε
