1796 3077
563 232 849 272 ..AENEIDOs

116 351 234 400 Quid
255 354 423 394 moror?
455 368 519 403 an,
541 369 634 396 mea
655 353 901 409 Pygmalion
920 353 1020 395 dum
1039 353 1192 395 moenia
1210 353 1339 395 frater

910 233 1006 271 LIB.
1039 232 1109 270 IV.
1474 238 1568 280 345

1480 353 1563 392 325

115 408 336 459 Destruat,
359 418 430 451 aut
451 418 617 464 captam
637 412 765 452 ducat
786 411 981 452 Gaetulus
1001 411 1146 452 Iarbas
1163 412 1180 452 ἵ

114 465 273 507 Saltem
295 467 328 507 si
349 481 433 520 qua
452 467 554 508 mihi
574 468 627 509 de
649 476 690 509 te
711 476 907 522 suscepta
926 468 1073 509 fuisset

112 521 228 563 Ante
250 523 393 578 fugam
414 524 593 573 suboles,
615 526 649 565 si
668 526 761 579 quis
781 525 882 565 mihi
900 524 1099 579 parvulus
1120 523 1214 565 aula

111 577 305 621 Luderet
323 580 498 630 AEneas,
518 583 591 636 qui
611 588 652 622 te
673 589 811 622 tamen
832 596 903 622 ore
924 581 1111 630 referret,

110 633 213 676 Non
233 637 429 690 equidem
450 639 616 679 omnino
635 646 761 692 capta
781 653 829 679 ac
850 638 1018 679 deserta
1038 639 1216 679 viderer.

421 693 496 735 Ille
517 694 634 735 Jovis
654 696 820 736 monitis
840 696 1008 736 immota
1028 696 1199 736 tenebat

167 691 362 734 Dixerat.

1478 632 1562 675 330

110 745 306 798 Lumina,
329 758 370 791 et
391 751 572 791 obnixus
592 766 734 792 curam
755 753 833 792 sub
855 752 982 793 corde
1003 753 1234 806 premebat.

108 803 303 847 Tandem
323 821 459 860 pauca
478 807 630 848 refert:
666 807 761 861 Ego
783 814 837 856 te,
859 823 954 861 quae
973 808 1152 861 plurima
1172 808 1300 848 fando

109 860 372 903 Enumerare
392 862 517 912 vales,
538 878 777 917 numquam,
799 865 960 918 regina,
980 865 1147 918 negabo

107 916 408 968 Promeritam3
439 934 516 960 nec
535 935 601 960 me
623 920 859 960 meminisse
879 921 1041 974 pigebit
1058 920 1210 961 Elissae

1472 914 1557 957 335

105 973 223 1015 Dum
243 990 401 1016 memor
420 976 509 1030 ipse
529 977 625 1025 mei,
647 977 748 1017 dum
769 977 938 1031 spiritus
958 977 1036 1018 hos
1056 979 1164 1032 regit
1184 982 1312 1018 artus.

105 1029 192 1072 Pro
211 1045 256 1072 re
277 1047 413 1086 pauca
432 1032 593 1087 loquar.
656 1033 811 1087 Neque
832 1048 911 1087 ego
933 1033 1041 1074 hanc
1062 1034 1323 1075 abscondere
1344 1031 1457 1072 furto

106 1086 294 1141 Speravi,
316 1103 368 1129 ne
389 1089 518 1143 finge,
539 1089 694 1144 fugam,
715 1104 792 1130 nec
813 1091 1004 1144 conjugis
1025 1106 1210 1145 unquam

106 1142 323 1185 Praetendi
342 1146 491 1194 taedas,
513 1155 586 1186 aut
606 1147 698 1187 haec
718 1147 760 1186 in
777 1145 940 1186 foedera
959 1148 1067 1187 veni.

104 1199 182 1240 Me
203 1201 237 1240 si
255 1205 340 1241 fata
357 1202 459 1242 meis
479 1209 728 1255 paterentur
748 1202 903 1243 ducere
924 1203 1050 1243 vitam

1473 1197 1558 1239 340

102 1255 329 1310 Auspiciis,
350 1265 393 1299 et
412 1264 560 1312 sponte
581 1273 674 1299 mea
693 1273 945 1312 componere
966 1274 1099 1308 curaS,

102 1312 267 1354 Urbem
287 1313 520 1369 Trojanam
541 1316 721 1369 primum
739 1314 969 1369 dulcesque
990 1330 1178 1356 meorum

104 1368 324 1424 Reliquias
345 1370 525 1412 colerem
542 1388 551 1421 3
584 1371 742 1412 Priami
762 1378 873 1412 tecta
893 1371 977 1412 alta
995 1379 1224 1422 manerent,

105 1425 165 1466 Et
184 1427 367 1467 recidiva
387 1443 512 1468 manu
532 1429 765 1482 posuissem
782 1427 990 1481 Pergama
1009 1429 1141 1469 victis.

104 1482 192 1523 Sed
211 1497 322 1524 nunc
338 1483 501 1525 Italiam
519 1499 713 1539 magnam
731 1483 929 1538 Gryneus
946 1484 1116 1539 Apollo,

1471 1481 1556 1522 345

102 1538 266 1580 Italiam
283 1539 426 1593 Lyciae
441 1541 607 1594 jussere
629 1555 849 1595 capessere
869 1548 1020 1582 sortes.

102 1675 220 1701 nomen,
243 1677 285 1695 sc.
300 1667 410 1705 hospes,
435 1667 507 1696 mihi
528 1672 623 1696 restat
635 1668 671 1696 de
692 1671 734 1701 te,
756 1667 807 1706 qui

102 1704 202 1734 fueras
220 1709 307 1734 antea
319 1707 638 1743 conjux.-325—330
655 1706 734 1742 Quid
748 1716 808 1734 mo-

101 1745 176 1772 ror?
198 1744 268 1782 quin
291 1745 393 1773 statim
416 1745 536 1774 moriar.
556 1745 600 1774 H.
622 1745 692 1784 quid
710 1754 808 1773 moror

101 1785 166 1810 est:
190 1792 243 1810 cur
260 1782 321 1811 vita
342 1794 387 1812 me
407 1783 528 1821 privare
542 1789 675 1812 cunctor.
698 1784 808 1812 Horat.

104 1820 165 1848 Od.
186 1821 234 1854 II,
258 1822 305 1855 17,
329 1823 358 1850 6.
379 1822 449 1860 quid
465 1832 563 1851 moror
574 1823 677 1851 ?--An
699 1832 805 1856 morer,

104 1863 290 1896 exspectem,
311 1860 378 1888 dum
393 1864 450 1888 etc.
474 1860 521 1889 W.
538 1860 714 1899 Pyymalion
729 1861 806 1894 dum,

103 1902 269 1935 -propter
283 1898 336 1926 illa
348 1898 400 1927 lib.
417 1899 444 1933 Ι,
460 1900 518 1928 360
532 1900 689 1937 sqq—(de
707 1903 733 1928 te
756 1909 807 1936 pe—

102 1935 221 1964 destres
242 1936 347 1965 dicunt
370 1937 531 1975 scriptores
551 1948 585 1966 ex
606 1942 642 1966 te.
664 1937 727 1976 W.)
749 1939 808 1966 329

103 1973 229 2003 Luderet
244 1980 346 2004 ornate
361 1980 392 2004 et
406 1977 537 2005 suaviter
551 1986 605 2014 pro
620 1981 711 2006 esset.
744 1977 808 2006 Ob-

103 2017 242 2041 versatus
263 2018 310 2042 est
328 2014 375 2043 hic
395 2014 477 2044 locus
491 2015 629 2044 Juvenali
644 2016 683 2049 V,
700 2016 806 2044 138.-

103 2055 189 2088 capta
203 2062 237 2080 ac
249 2052 362 2081 deserta
385 2054 516 2091 graviter
537 2064 591 2092 pro
610 2054 718 2083 relicta
733 2064 749 2082 a
764 2059 806 2087 te,

103 2099 172 2117 cum
192 2095 333 2128 respectu
359 2093 395 2120 ad
418 2093 536 2121 Iarban]
557 2103 586 2121 v.
607 2094 675 2127 326,
701 2093 750 2122 cui
772 2103 807 2121 ne

103 2127 321 2166 relinqueretur
336 2130 459 2169 captiva
479 2131 664 2166 abducenda,
685 2132 808 2160 vereba-

106 2170 165 2194 tur.

143 2205 200 2233 331
224 2215 289 2243 sqq.
308 2206 434 2242 immota,
457 2217 492 2236 ne
515 2207 737 2237 miserationem
754 2208 810 2237 Di-

104 2242 190 2271 donis
213 2248 355 2281 argueret
376 2246 471 2275 vultu.
486 2246 524 2274 cf.
538 2247 755 2280 369.—curam,
778 2247 807 2275 l1.

102 2281 125 2310 l.
138 2282 283 2310 dolorem.
296 2283 420 2318 tandem,
437 2287 492 2316 ὀψε·
506 2288 535 2312 δὲ
551 2289 582 2320 ὁὶ]
598 2285 807 2314 Homericum.

102 2321 198 2349 -335
211 2321 392 2359 Comparant
405 2322 442 2350 11.
456 2324 556 2357 ,0382
571 2325 639 2353 388.
651 2324 809 2362 (prorueri-

103 2363 172 2393 ἰαιη,
195 2359 231 2388 de
255 2369 312 2393 me,
334 2361 362 2388 h.
378 2370 404 2388 e.
419 2361 562 2390 beneficia
581 2362 610 2391 in
631 2373 678 2391 me
701 2367 805 2392 coutu-

103 2397 186 2432 lisse,
203 2398 241 2426 ad
256 2409 321 2442 quae
336 2399 533 2428 referendum.
550 2401 627 2429 Nam
639 2401 745 2430 mereri
754 2402 809 2430 ali-

103 2435 175 2474 quid
186 2437 220 2466 de
234 2436 333 2476 aliquo
353 2441 400 2466 est
421 2438 530 2466 bonum
552 2439 601 2468 vel
622 2440 733 2469 malum
756 2440 809 2468 ali-

106 2475 186 2512 quod
199 2475 230 2504 in
244 2475 371 2513 aliquem
387 2477 531 2505 conferre.
550 2477 713 2514 W.)-336
728 2481 811 2507 εὶσόκ’

107 2513 197 2548 αἱῖτμὶ]
223 2516 265 2542 Ἐν
292 2518 423 2550 στήθεσσι
451 2518 520 2556 μένῃ
544 2516 751 2551 Homericum,
779 2520 813 2546 ut

106 2550 194 2580 Iliad.
205 2565 224 2585 ι,
233 2553 293 2581 609
307 2558 338 2584 et
351 2554 531 2583 aiibi.-337
545 2555 814 2591 <re—discessu*

98 2590 216 2626 furtum
236 2594 283 2620 est
296 2591 407 2622 factum
430 2593 582 2622 occultum
604 2593 643 2622 ad
660 2593 812 2632 decipien-

108 2626 191 2657 dum.
213 2629 386 2668 Hiucfureo
397 2632 593 2670 notatsurtim
604 2631 665 2671 vl,
679 2634 728 2662 24.
747 2632 813 2671 W.)

109 2666 171 2695 338
196 2676 241 2705 sq.
266 2668 416 2699 Praetendi
439 2670 610 2708 accipiunt:
641 2670 815 2708 praetuli.—

109 2703 265 2736 :uo-344
278 2708 459 2747 comparant
473 2709 533 2739 Od.
549 2722 580 2744 η,
602 2710 659 2738 148
679 2719 723 2747 sq.
746 2709 815 2738 mets

847 1668 995 1706 auspiciis,
1010 1678 1076 1696 mea
1089 1667 1255 1700 voluntate,
1267 1666 1347 1696 idem
1360 1665 1440 1704 quod
1454 1670 1555 1704 sponte

847 1717 919 1741 mea,
940 1707 993 1735 sed
1009 1706 1152 1735 ornatius.
1167 1706 1211 1734 H.
1226 1706 1327 1734 Rarus
1340 1710 1387 1734 est
1401 1715 1473 1734 usus
1489 1714 1556 1732 ver-

847 1745 953 1773 borum
970 1745 1038 1773 meis
1051 1744 1197 1782 auspiciis,
1218 1745 1269 1773 ubi
1285 1745 1323 1772 de
1338 1744 1429 1773 rebus
1445 1743 1555 1781 privati

847 1784 955 1821 agitur.
997 1784 1154 1812 Translata
1180 1788 1227 1811 est
1261 1782 1438 1821 significatio
1470 1791 1487 1810 a
1521 1792 1554 1810 re

846 1822 981 1860 publica,
994 1832 1011 1850 a
1024 1822 1163 1855 ducibus,
1179 1821 1229 1860 qui
1245 1826 1296 1850 aut
1311 1820 1372 1849 suis
1387 1825 1436 1849 aut
1451 1820 1554 1848 alienis

846 1860 984 1899 auspiciis
1008 1861 1094 1899 (Liv.
1116 1862 1166 1894 21,
1191 1860 1257 1896 40.)
1282 1869 1329 1888 res
1357 1863 1475 1898 gerunt.
1504 1858 1553 1889 W.

846 1909 1011 1937 componere
1029 1908 1125 1932 curas,
1148 1898 1309 1936 exquisite,
1332 1907 1386 1934 pro
1408 1907 1455 1926 res
1474 1897 1554 1925 ordi-

848 1948 932 1970 nare.
958 1937 1089 1974 negotia,
1117 1947 1185 1976 quae
1210 1947 1297 1966 curas
1322 1936 1554 1965 movent—342

848 1976 942 2005 dulces
962 1976 1102 2014 reliquias
1124 1985 1262 2009 meorum,
1288 1975 1403 2004 cineres
1423 1979 1454 2004 et
1473 1984 1553 2009 ossa,

847 2021 909 2044 tum
924 2016 1074 2059 sepulcra,
1094 2015 1123 2042 in
1139 2015 1251 2053 quibus
1266 2014 1324 2042 ista
1337 2014 1458 2042 condita
1473 2017 1554 2041 suut.

848 2054 965 2083 Ρνίιιηιι
988 2058 1062 2082 tecta
1086 2057 1250 2088 manerem&
1279 2056 1485 2089 superessent,
1510 2061 1554 2080 sc.

847 2093 987 2121 restituta
1009 2102 1025 2120 a
1048 2101 1105 2120 me.
1146 2092 1251 2129 (Dura
1276 2090 1349 2119 mihi
1369 2091 1488 2119 videtur
1506 2090 1552 2118 lo-

849 2131 959 2170 quendi
981 2130 1068 2163 ratio,
1089 2134 1236 2158 manerent
1257 2138 1311 2166 pro
1326 2129 1491 2158 instaurata
1504 2137 1554 2157 es-

850 2174 925 2198 sent.
952 2168 1182 2206 lV.)—-recidiva
1197 2168 1366 2204 Perquma;
1388 2167 1554 2196 delectatur

850 2208 904 2237 hac
918 2218 992 2237 voce
1009 2207 1156 2244 Virgilius
1173 2210 1202 2234 et
1217 2206 1299 2239 alibi,
1313 2206 1378 2234 sive
1393 2216 1410 2234 a
1424 2205 1553 2234 surculis

848 2248 914 2276 sive
930 2257 946 2275 a
962 2246 1074 2275 semine
1097 2244 1347 2283 repullulascente
1368 2244 1486 2282 petita3
1507 2254 1553 2272 re-

848 2285 938 2315 cidiva
949 2284 1121 2323 posuissem,
1134 2283 1346 2312 restituis-sem.
1376 2283 1487 2311 Tribus
1500 2292 1552 2311 an-

848 2329 907 2353 tem
922 2324 1018 2353 modis
1033 2323 1155 2352 eandem
1170 2332 1233 2350 reu]
1246 2321 1419 2350 declaravit.
1434 2321 1477 2350 H.
1513 2321 1551 2349 Id

847 2372 917 2392 vero
945 2363 988 2395 fit,
1018 2362 1043 2390 si
1071 2371 1135 2389 rem
1163 2364 1194 2388 ut
1219 2364 1331 2389 certain
1361 2359 1552 2398 pronuntiant

849 2401 1016 2439 scriptores
1030 2410 1037 2433 ⁴,
1068 2399 1108 2428 cf.
1135 2398 1307 2436 exemplum
1332 2398 1444 2427 clarum
1473 2400 1551 2435 apud

848 2441 958 2470 Juven.
974 2439 1049 2472 Vll,
1068 2439 1184 2467 53—55
1201 2447 1286 2465 manu
1302 2447 1418 2475 ponere.
1458 2437 1552 2465 Vide-

851 2479 899 2508 bis
914 2488 995 2516 saepe
1010 2487 1096 2506 mauu
1112 2476 1149 2504 iis
1164 2476 1244 2509 addi,
1267 2486 1333 2514 quae
1349 2483 1418 2504 sunt
1431 2475 1504 2504 artis
1521 2480 1552 2504 et

851 2516 1007 2546 iudustriae
1022 2526 1029 2551 3
1061 2516 1117 2543 Ge.
1147 2515 1193 2548 ΙΙ,
1222 2515 1288 2542 156.
1340 2514 1394 2543 Tot
1421 2518 1552 2552 conyesta

852 2566 937 2584 manu
982 2553 1117 2592 raeruptis
1142 2552 1244 2592 oppida
1267 2553 1357 2582 saxis.
1387 2552 1551 2581 {tl-345.

852 2596 920 2623 346.
955 2565 1085 2621 gnmino
1113 2592 1261 2630 Apollinis
1295 2591 1448 2621 oraculum
1481 2590 1551 2619 Deli

853 2636 938 2670 (sup.
954 2631 1020 2664 111.
1043 2632 1082 2659 94
1102 2631 1185 2669 sqq.)
1200 2634 1355 2668 acceptum
1378 2629 1552 2671 significari,

855 2670 979 2700 Servius
995 2669 1126 2704 volebat,
1141 2672 1173 2698 et
1184 2678 1252 2698 cum
1267 2678 1303 2698 eo
1317 2668 1379 2702 aJii,
1392 2677 1468 2706 quos
1481 2666 1552 2709 vidy.

856 2710 903 2738 lta
919 2713 1016 2738 tamen
1034 2708 1084 2737 vix
1100 2708 1198 2737 locum
1212 2707 1346 2741 haberet,
1357 2706 1480 2743 frigeret
1493 2709 1553 2733 un-

1258 2761 1330 2800 Yy
