1796 3077
565 178 851 217 BucoLICA.
910 179 1024 217 ECL.
1056 179 1085 215 1.
1523 185 1551 227 3

103 299 195 341 Nos
214 301 359 355 patriae
380 299 484 341 fines
505 308 546 341 et
565 299 704 341 dulcia
722 299 943 355 linquimus
964 314 1086 349 arva3

103 357 194 398 Nos
214 358 391 412 patriam
412 357 593 412 fugimus
610 374 618 407 3
652 366 710 407 tn,
743 357 906 412 Tityre,
936 356 1072 398 lentus
1092 357 1134 397 in
1154 359 1299 400 umbra

101 413 343 455 Formosam
362 429 558 456 resonare
580 415 706 455 doces
727 413 987 468 Amaryllida
1007 414 1141 455 silvas.
1526 414 1554 453 5

157 470 259 512 T1T.
292 471 332 512 O
354 471 571 520 Meliboee,
603 472 706 512 deus
726 472 846 512 nobis
866 471 958 511 haec
979 471 1063 512 otia
1081 471 1205 520 fecit3

99 527 295 582 Namque
316 530 393 569 erit
412 528 478 569 ille
500 529 600 569 mihi
621 543 786 582 semper
805 529 909 569 deus
926 545 935 577 ;
966 526 1073 569 illius
1092 543 1206 569 aram

98 584 224 639 Saepe
245 593 361 627 tener
381 585 531 626 nostris
551 586 605 626 ab
626 584 801 626 ovilibus
817 586 977 626 imbuet
997 600 1143 640 agnus.

97 640 171 682 Ille
193 657 305 683 meas
321 657 460 683 errare
481 644 622 691 boveS,
653 651 700 683 ut
718 643 866 692 cernis,
885 649 928 683 et
946 643 1084 697 ipsum

100 698 283 748 Ludere,

315 715 410 754 quae
430 698 591 749 vellem,
622 698 780 740 calamo
795 700 983 753 permisit
1002 699 1171 754 agresti.

1503 700 1553 738 10

154 755 276 797 MEL.
308 756 409 797 Non
425 756 620 809 equidem
633 756 800 796 invideo
815 772 824 804 3
846 756 973 795 miror
987 756 1119 810 magis
1135 773 1143 804 3
1167 756 1352 810 undique
1370 755 1465 796 totis

100 811 247 866 Usque
266 812 372 854 adeo
394 813 588 853 turbatur
608 813 731 866 agris.

792 811 874 860 En,
895 812 985 865 ipse
1006 811 1188 866 capellas

98 867 307 910 Protenus
327 884 441 924 aeger
459 884 563 924 ago3
595 868 704 909 hanc
724 869 848 909 etiam
869 868 951 917 vix,
982 867 1144 922 Tityre,
1176 868 1299 909 duco.

98 926 183 967 Hic
203 926 310 967 inter
330 927 481 968 densas
502 925 666 967 corulos
686 926 812 966 modo
833 940 1011 980 namque
1032 923 1246 980 gemellos,

97 982 227 1037 Spem
247 985 401 1038 gregis,
431 983 505 1024 ah!
538 982 650 1024 silice
670 983 712 1023 in
732 983 846 1023 nuda
865 983 1046 1024 connixa
1063 981 1244 1036 reliquit.

97 1039 223 1095 Saepe
242 1040 396 1081 malum
416 1040 497 1082 hoc
518 1041 652 1089 nobis,
683 1041 716 1080 si
734 1055 850 1081 mens
870 1055 954 1081 non
972 1039 1075 1081 laeva
1096 1039 1256 1089 fuisset,

98 1096 168 1137 De
188 1096 295 1138 coelo
317 1104 449 1138 tactas
468 1098 635 1138 memini
654 1097 885 1152 praedicere
904 1112 1098 1151 quercus.

98 1154 123 1179 ᾗ
147 1154 271 1209 Saepe
292 1155 456 1195 sinistra
476 1169 577 1196 cava
595 1155 795 1209 praedixit
814 1155 867 1195 ab
886 1153 979 1196 ilice
999 1155 1157 1196 cornix.
1181 1153 1207 1178 ἕ*

97 1210 185 1252 Sed
204 1218 356 1260 tamen,
386 1212 464 1253 iste
485 1212 590 1253 deus
610 1213 682 1265 qui
702 1213 767 1262 sit,
798 1212 865 1261 da,
897 1211 1060 1267 Tityre,
1090 1209 1226 1253 nobis.

134 1320 244 1349 6-10
276 1320 370 1355 Deus,
402 1320 542 1349 dominus
574 1320 683 1359 Tityri,
715 1331 805 1359 quem

98 1358 205 1387 Romae
221 1359 347 1393 adierat,
372 1369 523 1398 quemque
536 1359 613 1389 infra
625 1370 653 1388 v.
664 1360 806 1398 43,jnve-

95 1407 158 1426 nem
172 1398 317 1436 appellat.
338 1398 492 1427 Caesarem
507 1399 720 1434 Octavianum,
735 1399 806 1427 Divi

95 1436 173 1466 Julii
187 1437 292 1471 tilium,
311 1437 375 1474 agri
391 1437 551 1474 virgiliani
570 1438 685 1467 servati
703 1442 808 1467 aucto-

96 1485 158 1504 rem
170 1475 319 1505 declarari
339 1476 417 1506 iuter
428 1476 613 1516 interpretes
624 1481 753 1506 constat.
766 1477 806 1505 es.

97 1524 125 1542 v.
139 1515 188 1543 42.
210 1525 256 1553 sq.
279 1515 390 1552 Quem,
410 1515 491 1543 deum
505 1516 563 1544 sibi
577 1515 745 1550 beneficiis,
767 1526 805 1544 ex

98 1562 155 1582 usu
170 1554 256 1583 vocis
271 1554 352 1592 apud
367 1554 509 1585 Veteres.
529 1564 585 1592 pro
607 1555 685 1582 Lare
706 1554 806 1582 cultu-

96 1601 162 1620 rum
176 1602 210 1621 se
225 1603 294 1621 esse
308 1593 470 1631 profitetur
483 1593 618 1631 Tityrus.
649 1592 694 1621 H.
728 1592 807 1620 Diff-

96 1640 164 1659 erre
189 1635 290 1660 autem
315 1631 469 1660 dominum
494 1631 592 1668 Tityri
616 1633 648 1659 et
668 1630 809 1659 beneficii

96 1673 263 1705 auctorem,
293 1669 386 1701 deum,
419 1669 449 1698 in
481 1670 670 1708 Argumento
702 1669 808 1697 videas

97 1711 244 1736 notatum.
292 1707 412 1737 Nostris
439 1707 551 1736 decere
582 1708 725 1736 libertum
758 1707 805 1735 vel

98 1746 294 1780 servientem,
315 1750 348 1775 ut
370 1757 396 1775 v.
415 1747 465 1775 47.
492 1751 542 1775 tua
564 1756 636 1775 rura
656 1746 674 1774 h
696 1756 723 1774 e.
744 1755 808 1774 rur.

96 1783 174 1820 heri,
196 1789 227 1814 et
242 1785 303 1818 IX,
325 1786 383 1819 11.,
404 1785 582 1814 observavit
596 1785 638 1813 H.
664 1784 807 1813 Vossius.

103 1823 149 1852 W.
179 1824 241 1853 Per
261 1823 321 1852 otia
338 1823 484 1861 iutelligit
508 1823 703 1852 securitatem
727 1823 808 1852 inter

95 1865 194 1891 tantas
228 1863 332 1891 turbas
366 1865 397 1891 et
427 1862 576 1892 tumultus
609 1862 807 1892 bellicos.—7

97 1900 239 1930 Observa
250 1901 400 1939 poetieam
411 1901 579 1930 orationem
591 1911 647 1940 pro
659 1912 664 1928 z
680 1901 706 1929 ei
718 1900 810 1929 sacri-

88 1939 194 1976 ficabo,
214 1940 393 1969 sollemnem
405 1943 518 1974 tamen,
539 1944 572 1968 ut
586 1940 667 1978 apud
679 1940 809 1969 Theocr.

98 1978 204 2017 Epigr.
226 1979 254 2013 1,
267 1979 416 2007 5.—Mox
429 1981 447 2007 8
459 1989 550 2018 aquus
561 1979 596 2007 ab
607 1978 738 2012 ovilibus,
754 1989 808 2017 pro

97 2027 175 2056 agno
190 2017 279 2046 ovilis
295 2027 350 2046 seu
365 2018 480 2056 gregis.
500 2018 545 2046 H.
581 2017 731 2055 Legitima
745 2020 809 2046 sere

98 2056 221 2085 dicendi
240 2056 338 2093 ratio;
359 2056 471 2086 Tibull.
492 2057 538 2091 11,
561 2057 591 2091 l,
616 2058 665 2089 57,
692 2068 710 2086 a
724 2056 809 2095 pleno

96 2094 275 2124 memorabile
289 2106 391 2124 munus
403 2095 480 2124 omli.
507 2095 554 2125 W.
567 2113 605 2118 —
616 2097 636 2125 9
656 2095 747 2134 ipsum
761 2105 809 2124 me

98 2133 192 2162 ludere
214 2133 355 2172 permisit.
396 2134 526 2170 Quando
551 2134 630 2163 enim
653 2135 692 2163 de
715 2145 809 2173 grege

98 2172 321 2211 agitur,ipsede
337 2177 462 2211 pastore
478 2177 526 2202 est
538 2173 763 2212 accipiendum,
778 2173 810 2202 vi

98 2210 264 2240 relationis.
302 2211 478 2250 Simplicius
492 2212 549 2241 hoc
563 2216 594 2241 et
606 2216 728 2250 pastore
741 2212 807 2250 dig-

98 2249 176 2284 nius,
204 2260 292 2288 quam
312 2255 347 2279 ut
366 2251 569 2290 conjungatur
591 2251 683 2289 ipsium
703 2251 810 2285 ludere,

97 2287 199 2326 ipsum
219 2289 329 2317 lusum.
371 2289 482 2318 Ludere
507 2300 565 2319 non
590 2294 638 2319 est
663 2290 810 2324 scribere,

99 2327 153 2355 sed
170 2327 260 2355 animi
275 2338 367 2356 causa
382 2332 516 2363 cantare,
539 2329 655 2358 dictum
671 2330 710 2358 (le
731 2329 812 2357 omni

98 2375 132 2394 re
158 2375 215 2394 non
242 2366 326 2401 gravi
347 2370 378 2396 et
397 2377 536 2404 operosa,
563 2378 598 2397 ao
620 2369 659 2397 de
680 2368 811 2396 carmine

98 2404 181 2433 tenui
202 2405 270 2433 infr.
292 2404 358 2433 Ecl.
378 2406 437 2439 VI,
465 2407 492 2435 1.
532 2407 638 2436 Prima
657 2406 813 2445 Syracosio

99 2443 219 2481 eliquata
232 2448 274 2472 est
289 2442 383 2472 ludere
397 2453 491 2473 versu.

140 2483 174 2511 11
190 2482 280 2521 ιιια9ἱ8
294 2492 349 2520 pro
364 2482 478 2521 potius.
489 2501 527 2505 —
540 2484 663 2523 undique
673 2484 752 2513 lotis.
777 2484 813 2512 In

99 2530 192 2558 prosa
212 2531 266 2559 per
286 2532 351 2549 *uam
372 2521 422 2549 vel
437 2531 498 2550 cum
519 2523 705 2552 efferendum
727 2528 789 2552 erat
808 2533 813 2550 :

847 1331 984 1355 annexae,
1007 1320 1162 1355 collocari,
1183 1321 1239 1349 hoc
1254 1323 1354 1349 autem
1378 1317 1444 1346 loeo
1464 1318 1556 1346 verba

844 1370 934 1399 usque
948 1361 1017 1390 culeo
1030 1360 1057 1388 in
1072 1360 1255 1398 principium
1281 1369 1308 1387 v.
1332 1359 1378 1386 12.
1399 1357 1555 1394 poetarum

845 1409 928 1428 more
942 1400 1059 1438 rejecta
1073 1409 1154 1433 esse,
1178 1404 1211 1428 ut
1229 1397 1363 1426 nimirum
1384 1395 1466 1433 apud
1486 1395 1557 1436 Jrur.

847 1439 923 1473 VII,
955 1440 1004 1467 78.
1034 1444 1065 1466 et
1089 1438 1196 1467 scilicet
1222 1437 1303 1476 apud
1328 1435 1457 1465 eundem
1483 1434 1560 1468 xli,

846 1478 914 1511 159,
930 1478 1060 1506 notabis.
1086 1476 1132 1505 W.
1167 1477 1235 1506 Non
1247 1481 1306 1504 tam
1321 1474 1454 1507 invideo,
1468 1482 1557 1516 quani

846 1517 949 1554 potius
975 1517 1078 1547 miror.
1110 1520 1140 1544 te
1165 1520 1225 1544 tam
1251 1519 1316 1542 tuto
1342 1517 1373 1540 et
1398 1511 1558 1549 tranquille

847 1565 950 1592 agere.
971 1565 1037 1582 cum
1054 1559 1145 1582 tantm
1161 1554 1293 1591 undique
1307 1552 1336 1580 in
1350 1550 1463 1579 nostris
1478 1550 1559 1588 agris

846 1593 944 1620 tnrbae
960 1596 989 1620 et
1004 1592 1193 1620 calamitates
1207 1594 1324 1620 exorta>
1337 1590 1408 1623 sint,
1422 1589 1559 1626 quaudo-

847 1631 971 1668 quidem
990 1630 1121 1659 immissi
1145 1630 1175 1658 in
1200 1633 1320 1659 nostras
1346 1627 1560 1667 possessiones

850 1668 983 1697 veterani
1006 1673 1127 1697 nostros
1148 1678 1238 1707 agros
1258 1671 1421 1705 occupant,
1442 1676 1558 1704 nosque

847 1707 1055 1745 depellunt.—
1067 1708 1104 1735 12
1114 1706 1182 1746 Ipse
1191 1709 1307 1745 ejectus
1316 1705 1452 1744 paternis
1460 1705 1560 1739 bonis,

848 1746 959 1774 affecto
979 1745 1119 1784 quamvis
1144 1755 1272 1784 corpore
1304 1744 1379 1778 (nisi
1403 1754 1479 1781 aeyer
1504 1754 1561 1781 pro

846 1794 922 1822 (Pyre
946 1784 1109 1823 accipias),
1139 1794 1196 1822 ago
1222 1783 1368 1822 capellas,
1396 1783 1468 1810 dum
1490 1782 1559 1810 hinc

845 1823 944 1860 migro
958 1827 1018 1853 etc.
1032 1824 1076 1852 Η.
1090 1833 1177 1861 (eyer,
1191 1823 1289 1851 animo
1304 1825 1422 1850 maesto.
1453 1821 1559 1864 Oppo-

847 1862 937 1891 situm
952 1862 1009 1891 hoc
1024 1863 1130 1899 Tityro
1145 1861 1307 1900 tranquillo
1323 1865 1353 1889 et
1366 1861 1447 1889 laeto.
1473 1860 1504 1889 11*
1512 1877 1559 1888 .—

849 1901 925 1930 Mox
940 1911 971 1930 v.
992 1902 1042 1931 13.
1062 1902 1219 1935 Proteuus,
1238 1910 1330 1939 porro
1349 1903 1450 1933 tenus,
1470 1898 1561 1937 longe

849 1950 866 1968 a
892 1940 1013 1974 tinibus,
1033 1940 1159 1968 Servius
1183 1940 1234 1968 ait.
1273 1938 1460 1976 Simpliciter
1483 1938 1562 1966 acci-

848 1979 993 2017 piendum
1018 1989 1073 2017 pro
1088 1983 1154 2007 ante
1172 1989 1200 2007 se
1215 1988 1312 2015 affere,
1327 1981 1466 2011 vrporiqew,
1487 1986 1561 2014 opp.

849 2018 952 2046 verbis
970 2028 1081 2051 errare,
1100 2017 1214 2056 vayari,
1236 2018 1316 2055 quod
1334 2017 1379 2050 tit,
1398 2016 1469 2044 dum
1488 2025 1561 2053 pas.-

849 2056 939 2085 cendi
962 2066 1056 2085 causa
1080 2062 1229 2095 aguntum
1258 2060 1288 2084 at
1313 2055 1363 2083 hic
1389 2054 1563 2092 abiguntur.

848 2095 945 2125 Unam
963 2105 1035 2124 vero
1050 2095 1138 2129 (lucit,
1153 2096 1222 2124 fune
1234 2094 1331 2122 trahit
1342 2095 1426 2121 1-15
1442 2092 1563 2121 connixa

849 2134 976 2173 reliquit,
991 2134 1072 2172 quod
1084 2134 1114 2162 in
1129 2133 1246 2172 vulgari
1262 2132 1346 2161 enixa
1357 2135 1410 2160 est.
1446 2131 1563 2170 reliquit

848 2175 993 2211 majorem
1021 2172 1113 2201 etiam
1132 2172 1358 2201 miserationem
1381 2170 1506 2199 excitat.
1525 2187 1562 2191 ——

847 2211 926 2241 silice
953 2212 980 2239 in
995 2211 1083 2245 nuda,
1104 2221 1160 2239 non
1177 2210 1340 2240 substratis
1364 2209 1480 2238 herbis.
1508 2209 1565 2237 Ge.

849 2251 916 2286 III,
936 2251 1005 2279 297.
1026 2250 1120 2279 Edico
1135 2267 1173 2271 —
1186 2249 1227 2278 Et
1242 2248 1330 2277 multa
1343 2248 1444 2276 duram
1458 2246 1565 2285 stipula

843 2290 1007 2328 filicumque
1022 2288 1155 2328 maniplis
1169 2288 1306 2317 Sternere
1325 2287 1423 2315 subter
1443 2286 1567 2315 humum.

890 2330 927 2358 16
948 2329 1032 2357 Bene
1047 2328 1113 2356 lime
1128 2328 1166 2356 de
1184 2330 1306 2356 ostento
1323 2327 1457 2364 objecto,
1478 2326 1567 2354 arbo-

851 2367 935 2396 ribus
948 2367 1126 2406 frequenter
1140 2366 1264 2395 fulmine
1280 2365 1382 2398 tactis,
1403 2364 1441 2393 ad
1460 2373 1565 2402 super-

851 2406 1007 2435 stitionem
1027 2406 1132 2434 talium
1153 2405 1305 2433 hominum
1324 2403 1478 2435 dicuntur,
1499 2412 1566 2431 cnm

852 2445 974 2474 adversi
1001 2444 1116 2482 aliquid
1150 2443 1187 2471 iis
1222 2443 1345 2472 accidit.
1378 2441 1449 2471 laera
1479 2451 1570 2474 mens,

853 2483 987 2522 stupida,
1012 2483 1111 2512 tarda.
1140 2482 1250 2512 Horat.
1272 2482 1339 2510 Art.
1360 2482 1430 2509 301.
1473 2479 1499 2508 O
1518 2489 1570 2517 eqo

853 2523 940 2551 Iret-us
962 2526 1022 2550 etc.
1039 2539 1077 2544 -—
1100 2522 1136 2550 19
1155 2520 1203 2554 cla,
1231 2520 1300 2553 ede,
1329 2519 1392 2553 dic,
1420 2519 1571 2551 edissere,

100 2569 168 2587 nam
188 2560 279 2589 valde
301 2560 450 2588 turbatur.
475 2560 521 2589 H.
546 2562 712 2591 Vocabulis
734 2561 815 2596 adeo,
856 2565 889 2590 ut
917 2560 1023 2598 accipe,
1051 2560 1132 2594 audi,
1164 2559 1234 2589 AEu.
1263 2559 1311 2593 11,
1338 2559 1387 2587 65.
1413 2557 1457 2586 H.
1484 2556 1573 2586 Cous.

100 2602 210 2633 tantus,
222 2598 301 2633 talis,
315 2599 340 2627 is
356 2608 412 2636 pro
424 2602 536 2633 tantus,
548 2604 577 2628 et
603 2600 748 2630 similibus
762 2611 815 2638 pe-
856 2600 922 2630 Cic.
949 2599 1046 2628 Acad.
1068 2599 1096 2633 l,
1115 2600 1145 2632 3,
1168 2599 1215 2627 10.
1255 2597 1317 2627 Sed
1335 2597 1372 2625 da
1391 2595 1460 2624 mihi
1479 2604 1573 2623 mmo.-

100 2637 337 2666 riodosduasita
357 2638 534 2673 conjunctas
544 2648 625 2678 saepe
642 2639 816 2673 videbis‚ut
856 2638 962 2667 satisne
987 2635 1115 2676 probas?
1146 2636 1194 2667 W.
1232 2637 1350 2666 Notent
1375 2634 1477 2678 in'iis3
1505 2643 1573 2671 quae

102 2685 166 2703 nam
194 2677 350 2705 commode
380 2676 545 2706 omittatur.
586 2678 646 2706 Sed
676 2678 726 2706 illa
755 2682 817 2706 tum
859 2680 1035 2715 sequuntur,
1056 2677 1170 2704 tirones
1190 2675 1298 2713 longas
1313 2677 1494 2702 narrationis
1513 2682 1574 2700 ani-

103 2714 249 2744 vocabula
260 2715 438 2754 plerumque
451 2715 478 2744 in
492 2715 576 2745 initio
588 2716 818 2756 perio(li,priori
859 2717 953 2755 bages
976 2715 1107 2754 pastoris
1138 2714 1296 2754 imperitia?
1323 2722 1379 2741 non
1403 2711 1479 2741 male
1503 2720 1574 2740 cou-
