1796 3077
559 188 843 229 BUCOLICA.
900 191 1011 231 ECL.
1044 193 1113 233 VI.

1476 202 1533 248 41

98 309 290 351 Floribus
311 318 436 366 atque
456 312 551 367 apio
573 314 705 356 crines
726 323 894 356 ornatus
916 329 1067 363 amam,

97 366 286 408 Dixerit:
319 368 412 410 Hos
433 368 508 410 tibi
527 370 629 411 dant
645 371 836 421 calamos,
867 387 932 420 en,
963 373 1118 426 accipe,
1151 371 1303 419 Musae,

95 422 268 464 Ascraeo
289 439 393 478 quos
412 432 508 466 ante
529 426 627 476 seni,

658 429 809 481 quibus
829 428 896 469 ille
917 427 1076 468 solebat

1479 429 1533 469 70

95 479 315 521 Cantando
337 482 491 536 rigidas
512 482 723 524 deducere
742 485 952 524 montibus
973 499 1111 525 ornos.

94 535 175 577 His
197 537 272 577 tibi
293 537 455 590 Grynei
473 539 651 579 nemoris
672 540 835 581 dicatur
855 541 986 595 origo,

93 591 163 633 Ne
182 593 273 647 quis
296 594 347 635 sit
366 594 496 643 lucus,
528 610 611 649 quo
633 611 676 637 se
697 596 791 651 plus
804 597 937 652 jactet
958 595 1128 650 Apollo.

93 649 210 696 Quid
229 650 388 704 loquar,
422 659 466 692 ut
486 651 665 705 Scyllam
686 653 793 702 Nisi,
822 669 947 707 quam
967 653 1077 694 fama
1098 660 1240 694 secuta
1258 660 1333 703 est,

92 706 284 747 Candida
304 708 555 748 succinctam
575 708 819 750 latrantibus
839 710 1009 764 inguina
1028 710 1222 751 monstris

1509 710 1535 751 Εἴ(

91 762 310 804 Dulichias
332 779 504 804 vexasse
525 771 647 813 rates,
677 773 720 806 et
738 767 904 819 gurgite
920 767 962 806 in
981 765 1065 806 alto

89 819 185 860 Ah!
217 819 382 860 timidos
402 827 548 860 nautas
569 821 741 861 canibus
762 821 965 862 lacerasse
984 821 1149 862 marinis
1166 838 1176 870 ;

89 875 178 916 Aut
198 883 245 916 ut
264 883 445 916 mutatos
465 875 594 916 Terei
613 877 840 918 narraverit
860 885 986 926 artus,

88 931 207 979 Quas
227 931 283 972 illi
304 931 534 973 Philomela
554 933 698 987 dapes,
729 948 821 987 quae
843 934 966 983 dona,
987 934 1157 987 pararit,

87 988 187 1035 Quo
208 1003 332 1030 cursu
352 989 518 1030 deserta
537 990 740 1043 petiverit,
771 997 813 1031 et
831 991 983 1044 quibus
1004 998 1099 1031 ante

83 1097 224 1125 carminis
237 1097 343 1130 divini,
364 1100 413 1125 aut
428 1096 532 1125 dixerit
544 1098 671 1126 carmine
687 1098 794 1134 divino,

82 1135 164 1201 flu⁰d
179 1136 317 1173 praefero.
337 1136 400 1165 Cur
414 1136 520 1164 Linum
535 1136 601 1173 apio
620 1142 793 1165 coronatum

104 1173 206 1208 ixerit,
230 1183 319 1202 causa
340 1183 395 1202 non
415 1178 546 1209 constat;
571 1174 628 1202 nisi
646 1176 683 1204 ad
703 1185 791 1213 argu-

81 1216 214 1240 mentum
238 1212 374 1251 lugubris
399 1216 506 1241 cantus
528 1213 556 1240 in
579 1214 645 1250 ejus
667 1219 792 1243 mortem

79 1255 210 1288 spectat,
240 1251 277 1280 de
305 1261 362 1289 quo
389 1251 481 1279 multa
510 1251 557 1279 vel
588 1251 616 1279 in
643 1252 791 1281 Pausania

79 1294 249 1318 occurrunt.
269 1289 312 1318 H.
353 1289 459 1318 Malim
470 1289 644 1328 jungipast.
665 1290 692 1319 d.
714 1300 739 1319 c.
761 1291 789 1319 h.

82 1337 109 1356 e.
131 1331 235 1356 auctor
255 1327 349 1356 divini
369 1328 521 1357 carminis.
550 1327 598 1357 W.
639 1329 687 1358 De
710 1329 786 1357 Lino

78 1376 108 1395 v.
130 1366 196 1395 Eel.
216 1366 273 1399 IV,
287 1367 514 1396 56.-—Ascrceus
523 1376 607 1395 senex
622 1366 790 1401 Hesiodus,

78 1414 96 1433 a
109 1404 176 1434 vico
188 1404 328 1439 Boeotiae,
337 1405 442 1434 Ascra.
462 1405 553 1441 Quod
563 1405 654 1444 vulgo
666 1406 791 1444 Orpheo

78 1443 231 1477 tribuitur,
260 1443 352 1472 silvas
380 1448 535 1473 canentem
564 1449 684 1473 secutas
710 1454 790 1478 esse,

79 1482 116 1510 ad
132 1482 278 1512 Hesiodei
293 1485 397 1511 cantus
418 1482 625 1521 praestantiam
646 1483 787 1512 transfer-

78 1524 137 1549 tur.

115 1560 155 1588 72
187 1559 343 1598 Grynium,
370 1564 402 1588 τὸ
429 1564 548 1594 Γρύνειον
577 1568 630 1587 seu
661 1558 786 1597 Grynia,

77 1597 224 1636 oppidum
245 1597 375 1627 AEolidis
389 1598 419 1626 in
434 1598 508 1626 Asia
521 1597 645 1630 minore,
667 1598 733 1625 sano
757 1602 788 1626 et

77 1636 200 1665 oraculo
215 1636 365 1674 Apollinis
379 1636 488 1664 nobile.
528 1636 565 1663 Iu
576 1645 698 1673 magnas
710 1635 786 1663 diffi-

77 1675 208 1703 cultates
233 1674 359 1712 impegit
385 1675 579 1711 interpretes»,
613 1683 788 1712 quamquam

76 1712 136 1750 ipsi
155 1722 212 1741 non
232 1713 304 1741 satis
324 1712 456 1741 sensisse
475 1712 625 1745 videntur,
647 1712 789 1740 Serviana

77 1751 176 1789 aliqua
191 1751 295 1779 lacinia
312 1751 350 1779 ad
370 1751 400 1779 b.
420 1761 449 1779 v.
488 1750 555 1778 Hoc
573 1754 667 1778 autem
689 1750 786 1788 (quod

76 1789 115 1817 de
131 1790 251 1827 Gryneo
266 1798 385 1818 nemore
398 1792 548 1817 narratum
567 1788 647 1822 erat)
666 1788 786 1826 Eupho·

75 1826 166 1856 rimeis
177 1827 319 1856 continent
331 1826 471 1860 carmina,
491 1837 555 1864 qua>
571 1825 674 1854 Gallus
691 1831 786 1855 trans-

73 1864 187 1894 tulitin
204 1875 361 1894 sermonem
381 1865 530 1899 Latinum,
556 1865 627 1893 unde
652 1869 693 1893 est
718 1865 788 1894 illud

73 1903 168 1940 iufine
177 1903 243 1932 Ecl.
254 1904 296 1939 X,
308 1906 356 1932 50.
378 1908 396 1920 ‘⁶
408 1904 475 1938 Ibo,
490 1907 521 1931 et
534 1903 706 1932 Chalcidico
719 1914 785 1941 quae

74 1947 144 1971 sunt
156 1942 227 1971 mihi
238 1943 359 1971 condita
370 1952 463 1971 versu
477 1941 644 1970 Carmina.''
667 1942 785 1978 Quibus

72 1980 198 2015 relictis,
220 1981 246 2009 si
260 1980 329 2019 ipsa
341 1982 439 2019 poe'tae
454 1981 546 2009 verba
559 1990 695 2018 sequare,
712 1981 784 2009 nihil

73 2019 155 2048 aliud
181 2019 251 2048 inde
279 2019 391 2054 elicias,
413 2028 500 2057 quam
524 2019 604 2047 haec:
627 2018 745 2047 Gallum
768 2030 784 2048 a

72 2057 147 2086 Lino
173 2058 330 2087 Musarum
348 2059 437 2096 jussu
458 2057 598 2091 fistulam,
627 2067 694 2095 quae
715 2062 782 2087 ante

72 2095 203 2125 Hesiodi
224 2096 332 2131 fuerat,
361 2096 523 2134 accepisse,
553 2106 611 2134 qua
631 2097 782 2134 Gryneum

73 2143 176 2163 nemus
188 2137 317 2164 caneret.
358 2134 426 2171 Quo
441 2134 514 2162 nihil
530 2134 610 2163 aliud
627 2134 784 2173 significari

70 2176 183 2210 potest,
204 2173 260 2201 nisi
271 2172 388 2204 Gallum
400 2177 450 2202 aut
459 2172 587 2201 fabulam
601 2173 637 2201 ab
649 2172 783 2201 Hesiodo

70 2211 100 2239 in
114 2214 199 2249 parte
214 2210 313 2250 aliqua
324 2218 376 2240 τῶν
395 2215 473 2243 horam
492 2215 683 2240 memoratam
701 2215 779 2239 trac-

69 2252 163 2284 tasse,
177 2253 228 2278 aut
237 2251 273 2277 ad
284 2250 415 2278 Hesiodi
424 2249 613 2278 imitationem
624 2249 780 2287 scripsisse

70 2297 158 2326 opus,
174 2297 233 2325 quo
243 2288 356 2317 oraculi
367 2288 479 2327 Grynei
488 2287 535 2317 vel
546 2287 691 2326 Apollinis
704 2288 780 2326 Gry-

69 2326 116 2354 nei
131 2325 249 2360 fabulae,
263 2326 335 2355 satis
348 2336 486 2365 magnum
497 2330 703 2365 argumentum
717 2336 781 2354 car-

69 2364 166 2398 minis,
183 2368 411 2402 exponerentur.

107 2404 146 2432 74
176 2402 254 2438 Quid
278 2402 389 2446 loquar.
416 2403 525 2441 Pergit
551 2413 782 2432 commemorare

68 2441 171 2470 Silenii
203 2441 338 2470 carminis
371 2446 581 2485 argumentum,
616 2452 671 2471 non
705 2442 785 2470 Galli

69 2489 220 2514 versuum,
235 2479 351 2508 fabulas
364 2480 488 2508 strictim
500 2490 687 2517 percensens.
701 2481 782 2516 Quid

68 2517 183 2556 loquar,
204 2522 239 2546 ut
253 2518 380 2556 Scyllam
395 2522 446 2546 aut
456 2522 489 2546 ut
499 2519 625 2548 Tereum
636 2522 781 2547 mutatum

67 2555 242 2590 narraverit,
262 2556 292 2585 h.
313 2557 427 2585 fabulas
449 2556 485 2583 de
507 2557 605 2595 Scylla
625 2562 656 2586 et
677 2558 781 2586 Tereo.

69 2595 212 2623 Confudit
222 2595 295 2623 duas
304 2595 430 2633 Scyllas,
445 2593 567 2623 alteram
574 2595 654 2630 Nisi,
670 2596 779 2624 Phorci

69 2631 209 2670 ahetam3
230 2634 308 2671 quod
321 2638 352 2662 et
365 2633 415 2661 alii
429 2633 528 2671 po'e'tae
542 2632 652 2662 secere.
691 2633 778 2662 Peri-

68 2679 133 2699 zon.
173 2672 329 2701 Animadv.
348 2672 417 2700 hist.
432 2681 458 2700 c.
471 2671 501 2699 9.
523 2672 569 2699 De
585 2670 672 2699 sociis
687 2671 778 2710 Ulys-

69 2708 123 2743 sis,
145 2709 217 2738 dum
237 2710 506 2748 praetervehuntur,
529 2719 545 2738 a
568 2709 667 2747 Scylla
687 2709 775 2738 devo-

1481 987 1536 1027 80

832 1098 905 1126 ratis
928 1101 996 1125 nota
1017 1096 1254 1136 sabula-»quam
1272 1097 1358 1133 fama
1379 1099 1473 1123 secuta
1493 1099 1537 1123 est

833 1147 921 1174 quam
942 1136 1051 1169 ferunt,
1072 1135 1230 1164 habentem
1249 1134 1370 1173 inguina
1391 1133 1539 1162 succincta

832 1175 955 1203 canibus
977 1173 1107 1208 marinis,
1129 1184 1166 1203 ex
1190 1174 1257 1202 alvo
1278 1174 1344 1210 ejus
1364 1172 1536 1210 prodeunti-

831 1214 898 1248 bus,
918 1213 1078 1241 infestasse
1095 1212 1213 1250 Ulyssis
1234 1216 1341 1240 ratem.
1380 1210 1477 1238 Versu
1497 1211 1535 1238 75

828 1251 953 1280 sormam
962 1254 1160 1279 monstrosam
1168 1250 1275 1288 Scyllae
1286 1250 1435 1278 illustrant
1447 1248 1537 1283 numi,

830 1300 954 1327 gemmae
967 1290 995 1317 in
1007 1289 1130 1327 Dactyl.
1147 1289 1283 1327 Lippert.
1300 1287 1378 1317 Mill.
1393 1287 1420 1321 I,
1432 1288 1458 1321 l,
1470 1287 1536 1320 127,

831 1330 896 1357 128.
917 1332 947 1357 et
957 1328 1015 1356 alia
1022 1332 1155 1356 veterum
1165 1330 1361 1356 monumenta.
1390 1325 1425 1353 In
1436 1325 1537 1368 verbis

830 1367 949 1404 praeivit
955 1367 1114 1401 LucretN,
1122 1367 1190 1395 890.
1209 1367 1248 1395 76
1258 1374 1385 1394 vexasse.
1395 1364 1537 1392 habuzsse

830 1406 885 1434 hoc
906 1405 1081 1434 vocabulum
1103 1404 1204 1443 paullo
1228 1403 1347 1442 majoris
1368 1401 1535 1431 atrocitatis

831 1443 1030 1482 significatum
1045 1453 1092 1509 ap
1103 1448 1224 1472 veteres
1235 1441 1426 1474 contendunt,
1437 1444 1468 1468 et
1481 1440 1535 1468 de-

829 1483 951 1511 fendunt
975 1482 1057 1519 Virgi
1072 1482 1143 1516 ium,
1170 1480 1286 1510 Gellius
1314 1480 1354 1508 N.
1375 1480 1412 1508 A.
1433 1478 1480 1512 11,
1500 1479 1537 1507 6:

826 1520 961 1549 Macrob.
972 1519 1075 1553 V1,7:
1098 1522 1185 1548 Serv.
1197 1528 1235 1547 ex
1247 1518 1346 1546 Probo
1359 1517 1386 1545 h.
1400 1516 1420 1545 l.
1441 1516 1534 1545 Vide-

825 1562 875 1586 tur
897 1558 1085 1595 expressisse
1104 1556 1299 1585 Homericum
1320 1559 1463 1591 βλάπτειν.
1491 1554 1535 1583 H.

825 1595 978 1624 Dulichias
1005 1595 1034 1623 h.
1051 1606 1077 1623 e.
1103 1595 1239 1632 Ulyssis3
1263 1593 1441 1628 Dulichium,
1470 1592 1535 1621 sive

826 1633 975 1667 Dulichia,
990 1644 1029 1662 ex
1044 1633 1318 1670 Echinadibus,pro
1338 1632 1440 1660 Ithaca
1458 1631 1535 1660 Pro-

827 1673 942 1710 pertius
964 1672 1011 1706 II,
1037 1673 1084 1706 121,
1110 1673 1139 1700 4.
1160 1681 1227 1700 cum
1250 1672 1318 1699 aliis
1339 1669 1534 1698 dixit.-—Una

826 1715 890 1738 tum
914 1710 1029 1747 Ulyssi‚
1051 1710 1211 1738 secundum
1233 1709 1402 1738 Homerum
1421 1707 1482 1737 Od.
1503 1721 1535 1741 u,

826 1749 894 1777 205.
915 1748 999 1776 navis
1021 1752 1186 1786 supererat.
1225 1748 1341 1776 Versus
1358 1748 1483 1775 75—77.
1504 1747 1534 1775 in

826 1786 889 1816 Ciri
899 1786 1039 1825 leguntur
1050 1787 1176 1815 59-61,
1200 1784 1248 1815 W.

864 1826 903 1854 80
922 1825 1004 1854 Nota
1024 1828 1073 1853 vel
1093 1834 1132 1853 ex
1151 1824 1244 1853 Ovid.
1266 1823 1343 1852 Met.
1369 1823 1427 1852 vl.
1454 1828 1535 1853 extr.

825 1863 937 1893 fabula.
977 1864 1073 1892 Poeta
1086 1873 1138 1892 eos
1153 1862 1299 1900 sequitur,
1321 1862 1371 1899 qui
1382 1862 1534 1891 Philome-

824 1902 882 1930 lam
896 1902 925 1931 in
937 1902 1124 1931 hirundinem
1135 1905 1276 1930 mutatam
1289 1910 1358 1929 esse
1368 1905 1535 1929 memorant

826 1941 906 1978 quod
921 1940 1007 1969 multi
1019 1941 1124 1975 fecere,
1145 1944 1178 1968 ut
1193 1950 1218 1969 c.
1240 1939 1383 1977 Apollod.
1404 1939 1469 1973 ΙΙΙ,
1485 1940 1534 1971 14,

824 1981 853 2008 8.
883 1979 1039 2017 Appositis
1068 1983 1167 2007 autem
1192 1979 1291 2016 epulis
1318 1987 1357 2006 ex
1381 1978 1412 2006 It
1433 1977 1458 2006 is
1482 1977 1535 2006 filii

822 2018 962 2046 membris
986 2018 1107 2056 paratis,
1136 2015 1368 2055 (dapes—dona)
1394 2016 1399 2021 '
1426 2026 1443 2044 a
1465 2025 1534 2044 cum

823 2056 939 2085 Procne
967 2065 1067 2084 sorore
1092 2055 1191 2084 statim
1219 2054 1352 2093 profugit
1375 2054 1405 2082 in
1429 2053 1533 2088 silvas,

820 2094 997 2132 insequente
1017 2104 1084 2123 cum
1104 2094 1183 2122 ferro
1199 2094 1304 2121 Tereo.
1345 2092 1423 2120 Hinc
1437 2091 1531 2120 illud:

821 2143 876 2171 quo
890 2142 974 2161 cursu
986 2132 1097 2161 deserta
1105 2131 1249 2170 petiverit.
1288 2130 1382 2159 Tereo
1393 2130 1534 2164 instante,

822 2181 940 2200 sorores
957 2171 986 2199 in
1001 2180 1072 2199 aves
1085 2174 1253 2206 mutantur;
1273 2173 1337 2198 tum
1351 2168 1530 2202 Philomela,

818 2209 943 2238 hirundo
955 2209 1040 2243 sacta,
1060 2208 1135 2237 oedes
1149 2219 1218 2237 suas
1231 2207 1427 2241 circumvolat,
1447 2207 1531 2245 quasi

819 2248 953 2286 pristinae
970 2248 1050 2276 sedis
1063 2247 1221 2276 desiderio.
1242 2246 1320 2275 Ciris
1333 2247 1369 2274 51
1382 2244 1531 2273 ut-tenui

819 2286 1004 2315 conscendens
1017 2286 1112 2315 sidera
1119 2296 1215 2329 penna
1231 2283 1370 2314 Caeruleis
1385 2293 1439 2312 sua
1455 2288 1531 2312 tecta

819 2325 1067 2363 supervolitaverit
1088 2323 1152 2353 ales.
1179 2323 1268 2354 Ovid.
1292 2323 1369 2351 Met.
1392 2323 1439 2357 II,
1459 2323 1529 2351 490.

823 2363 886 2399 Quo
905 2367 1059 2392 cursu—et
1079 2362 1181 2402 qnilms
1200 2361 1255 2390 alis
1276 2361 1356 2390 dicta
1378 2361 1529 2400 eleganter

823 2412 877 2440 pro
898 2402 1056 2440 quomodo.
1077 2402 1115 2430 cf.
1137 2401 1205 2430 AEn.
1233 2400 1260 2435 I,
1285 2401 1353 2429 750.
1392 2399 1435 2428 Et
1453 2403 1528 2428 tecta

822 2444 887 2469 ante
912 2450 965 2468 sua
986 2440 1135 2478 jungenda
1160 2443 1239 2471 sunt.
1271 2442 1305 2467 ut
1329 2438 1409 2475 apud
1437 2438 1527 2467 ovid.

820 2479 898 2508 Met.
919 2479 976 2512 VI,
997 2479 1066 2506 490.
1091 2477 1287 2516 quondamque
1308 2477 1368 2504 suis
1388 2475 1419 2504 in
1437 2476 1526 2514 ayt-⁷25.

821 2518 912 2546 Hunc
926 2515 957 2544 in
970 2515 1090 2544 modum
1105 2516 1199 2544 omnis
1212 2515 1273 2544 loci
1291 2515 1449 2543 difficultas
1472 2513 1526 2542 tol-

820 2556 901 2585 litur.
928 2554 971 2583 H.
1012 2554 1054 2582 H.
1081 2553 1208 2583 Vossius
1229 2563 1280 2583 eos
1307 2553 1453 2592 sequitur,
1473 2551 1525 2590 qui

817 2593 1011 2623 Philomelam
1038 2592 1067 2621 h.
1096 2592 1117 2620 l.
1148 2592 1177 2621 in
1203 2592 1359 2621 lusciniam
1383 2595 1524 2620 mutatam

818 2637 891 2661 tecta
901 2642 953 2660 sua
964 2629 1207 2661 circumvolitasse
1219 2635 1294 2665 aute,
1309 2639 1395 2668 quam
1407 2628 1527 2656 deserta

817 2671 985 2709 petivisset,
1017 2673 1192 2705 statuerunt,
1223 2675 1254 2698 et
1275 2669 1350 2698 dona
1373 2666 1409 2695 ad
1435 2670 1527 2704 caput

816 2710 896 2748 Ityis
918 2709 947 2737 in
971 2718 1021 2737 ora
1041 2707 1135 2746 patris
1155 2708 1278 2737 missum
1301 2706 1404 2734 refert.
1429 2713 1527 2739 cursu,

1276 2760 1304 2786 G
