1796 3077
151 375 368 421 Praeterea
390 380 548 434 regina,
574 380 634 420 tui
658 379 872 428 fidissima,
893 380 1045 420 dextra

149 433 320 476 Occidit
341 436 432 490 ipsa
453 451 542 485 sua,
565 436 786 490 lucemque
808 436 1010 477 exterrita
1031 436 1153 490 fugit.

148 489 235 529 Soli
258 505 334 543 pro
352 494 485 546 portis
507 493 735 546 Messapus
753 500 795 533 et
816 507 912 534 acer
931 493 1083 533 Atinas

147 601 272 643 Stant
293 604 451 653 densae,
473 606 711 659 strictisque
733 620 853 659 seges
874 606 1144 645 mucronibus
1166 605 1311 646 horret

147 656 305 700 Ferrea
327 675 336 699 ε
368 669 414 701 tu
434 675 603 702 currum
625 663 794 702 deserto
814 662 855 702 in
876 662 1064 715 gramine
1085 676 1240 702 versas.

148 713 385 770 Obstupuit
405 718 519 758 varia
539 717 739 759 confusus
760 718 941 772 imagine
962 732 1101 758 rerum

146 769 321 812 Turnus
343 780 386 813 et
406 775 559 814 obtutu
582 775 710 814 tacito
731 775 860 815 stetit.

146 825 246 868 Uno
267 829 309 868 in
331 829 459 869 corde
480 831 634 884 pudor,
661 830 877 883 mixtoque
898 830 1058 870 insania
1076 829 1206 879 luctu,

146 882 206 923 Et
228 884 365 925 Furiis
387 886 568 939 agitatus
590 900 718 934 amor,
740 893 783 926 et
803 887 971 927 conscia
991 886 1136 927 virtus.

145 938 207 980 Ut
227 941 407 994 primum
428 942 628 983 discussae
649 942 822 990 umbrae,
845 949 887 983 et
907 941 980 982 lux
1001 943 1167 983 reddita
1188 942 1329 989 menti,

143 994 362 1037 Ardentes
384 997 603 1039 oculorum
623 999 747 1039 orbes
768 998 823 1038 ad
844 999 999 1038 moenia
1020 999 1141 1039 torsit

143 1051 380 1102 Turbidus,
404 1068 512 1107 eque
532 1055 634 1094 rotis
656 1068 850 1108 magnam
876 1055 1064 1108 respexit
1085 1055 1139 1094 ad
1156 1055 1318 1095 urbem.

143 1107 260 1150 Ecce
282 1117 436 1158 autem,
458 1110 634 1150 flammis
654 1111 763 1150 inter
779 1110 969 1151 tabulata
989 1110 1156 1150 volutus

142 1164 216 1205 Ad
236 1164 388 1206 coelum
411 1166 600 1206 undabat
620 1172 782 1214 vortex,
813 1167 1044 1219 turrimque
1066 1167 1264 1215 tenebat3

142 1220 328 1270 Turrim,
350 1222 579 1276 compactis
602 1222 796 1262 trabibus
816 1236 941 1275 quam
963 1222 1170 1262 eduxerat
1190 1223 1294 1275 ipse,

142 1277 489 1332 Subdideratque
509 1285 637 1326 rotas,
660 1284 899 1331 pontesque
920 1278 1169 1318 instraverat
1189 1277 1309 1318 altos.

142 1333 240 1374 Jam
255 1335 345 1388 jam
365 1334 463 1382 fata,
486 1349 620 1382 soror,
643 1342 844 1387 superant
866 1350 875 1381 ;
908 1334 1064 1373 absiste
1085 1334 1265 1381 morari3

144 1389 244 1435 Quo
266 1390 372 1430 deus
393 1398 434 1431 et
455 1405 539 1444 quo
560 1390 667 1430 dura
686 1396 808 1429 vocat
828 1388 1029 1438 Fortuna,
1051 1403 1288 1442 sequamur.

143 1501 290 1543 Morte
312 1495 427 1557 pati}
461 1517 537 1543 nec
558 1517 623 1543 me
644 1502 901 1549 indecorem,
922 1516 1134 1555 germana,
1157 1501 1319 1541 videbis

582 258 851 297 AENfflDos
912 259 1012 296 Lm.
1050 259 1141 297 ΧΠ.
1519 266 1610 312 651

1526 437 1610 478 660

145 545 396 588 Sustentant
418 550 564 590 aciem.
625 548 796 590 Circum
815 549 894 589 hos
915 549 1124 601 utrimque
1147 548 1379 603 phalanges

1523 717 1607 758 (565

921 773 1098 814 AEstuat
1118 774 1267 828 ingens

1522 997 1607 1036 670

1519 1275 1603 1315 675

140 1446 236 1486 Stat
256 1446 448 1487 conferre
469 1461 637 1487 manum
658 1445 826 1493 AEneae,
849 1451 943 1493 stat,
965 1445 1174 1498 quidquid
1195 1443 1335 1485 acerbi
1357 1450 1436 1492 est,

1513 1553 1598 1594 (580

141 1557 353 1612 Amplius.

414 1558 559 1607 Hunc,
582 1573 670 1607 oro,
693 1558 781 1598 sine
802 1572 867 1597 me
889 1557 1031 1598 furere
1053 1565 1149 1598 ante
1170 1557 1369 1597 furorem,

142 1614 282 1664 Dixit,
303 1622 345 1656 et
366 1630 389 1656 e
410 1629 537 1656 curru
559 1614 710 1654 saltum
730 1613 848 1654 dedit
869 1614 984 1653 ocius
1005 1614 1138 1662 arvis;

142 1670 314 1725 Perque
335 1671 492 1720 hostes,
514 1686 591 1724 per
613 1670 695 1711 tela
715 1671 821 1717 ruit3
854 1677 1126 1722 maestamque
1148 1682 1333 1709 sororem

142 1727 330 1776 Deserit,
354 1742 402 1767 ac
423 1728 571 1781 rapido
593 1741 718 1767 cursu
738 1725 877 1766 media
897 1726 1064 1779 agmina
1083 1726 1254 1778 rumpit.

141 1783 222 1833 Ac,
243 1783 371 1824 veluti
390 1784 543 1824 montis
565 1797 713 1823 saxum
734 1782 787 1822 de
811 1782 967 1822 vertice
988 1796 1180 1835 praeceps

140 1894 169 1923 h.
183 1894 205 1922 l.
226 1894 317 1923 tacite
330 1893 488 1922 deliberat.
528 1893 630 1922 Manet
645 1897 741 1922 tamen
756 1891 847 1925 notio,

139 1942 209 1971 quae
226 1932 290 1967 XI,
310 1933 367 1961 345
389 1936 420 1961 et
434 1933 492 1961 454
513 1936 603 1969 atque
623 1933 682 1959 715
702 1930 793 1963 redit,
816 1934 849 1958 ut

140 1980 277 1999 mussare
291 1970 341 2004 sit,
366 1980 422 1998 nou
443 1971 555 1999 audere
577 1974 680 2008 aperte
697 1969 849 1997 dicere.—

139 2011 199 2038 659
219 2009 262 2038 tui
274 2008 430 2046 fidissima,
446 2018 500 2047 pro
516 2008 649 2046 vulgari:
672 2007 702 2035 in
717 2011 759 2039 te,
773 2005 847 2041 tibi;

141 2048 179 2076 ad
193 2047 317 2076 sormam
334 2047 432 2076 illius:
456 2048 499 2076 tui
513 2047 726 2077 amantissima,
741 2045 847 2072 inflex-

142 2087 302 2115 [ιαμ-660
327 2086 486 2114 exterrita:
519 2085 599 2123 quod
627 2086 686 2112 599
708 2084 846 2112 dlxerat:

139 2124 234 2153 subito
247 2128 369 2153 mentem
395 2123 512 2152 turbata
531 2122 639 2155 dolore,
661 2123 690 2151 in
716 2122 847 2149 furorem

139 2164 319 2191 actm—664
352 2162 464 2190 deserto
489 2162 518 2190 in
538 2161 682 2199 gramine,
710 2165 848 2189 extremo

140 2210 269 2238 campo:
302 2210 331 2228 v.
354 2201 524 2228 (sm—667
545 2210 601 2227 uno
622 2199 652 2227 in
672 2199 769 2231 corde,
792 2207 848 2225 una

139 2239 244 2267 eodem
260 2238 289 2266 in
303 2238 505 2266 corda—668
519 2236 629 2265 Furias
653 2238 690 2266 ad
704 2238 847 2274 despera-

142 2280 189 2305 tas
206 2276 341 2304 Laviniae
355 2276 474 2313 nuptias
488 2276 577 2304 refer.

179 2315 238 2343 669
264 2314 388 2342 umbrae:
421 2314 492 2351 quia
513 2314 542 2342 in
570 2313 688 2351 vulgari
713 2321 847 2342 sermone

140 2352 232 2390 caliyo
245 2352 347 2380 mentis
360 2352 579 2381 (ssohun—673
591 2352 712 2380 Turrim
735 2361 773 2379 ex
801 2359 847 2378 se-

140 2392 219 2420 riore
244 2400 312 2418 aevo
326 2390 456 2418 heroicae
471 2390 541 2419 vitae
555 2390 655 2418 intulit
675 2391 780 2427 poeta:
802 2388 847 2416 di-

141 2429 223 2458 versi
240 2428 358 2466 generis
379 2429 416 2456 ab
438 2438 482 2462 ea,
496 2438 563 2466 quae
580 2427 643 2463 IX,
658 2430 716 2456 530
731 2438 775 2465 sq.
792 2426 848 2454 fuit

143 2471 280 2502 narrata3
301 2467 351 2494 illa
366 2469 451 2494 extra
465 2475 593 2497 murum,
612 2466 676 2494 haec
692 2467 768 2494 intra
783 2474 847 2492 mu-

141 2515 208 2534 rum
233 2508 390 2533 exstructa
415 2504 482 2532 suit.
532 2504 764 2532 Admovebatur
794 2502 845 2530 illa

142 2543 248 2577 muris,
271 2547 304 2571 ut
326 2543 395 2571 inde
418 2543 550 2580 desuper
568 2545 599 2570 et
618 2552 657 2570 ex
673 2543 734 2570 alto
750 2541 846 2569 hostis

142 2581 310 2609 missilibus
334 2581 396 2619 peti
421 2584 542 2618 posset:
567 2580 694 2609 subnata
717 2580 846 2608 fortasse

141 2620 241 2656 poe'tae
257 2619 354 2647 animo
369 2630 408 2648 ex
424 2629 497 2648 nave
512 2618 631 2646 incensa
647 2618 685 2646 11.
701 2628 728 2651 o,
742 2622 845 2646 extra:

144 2661 174 2685 et
200 2671 231 2692 π,
268 2658 323 2687 122
356 2668 421 2696 sqq.
473 2657 564 2686 Trina
596 2660 693 2684 autem
720 2656 846 2684 turrium

888 1901 998 1929 genera
1048 1894 1231 1921 occurrunt:
1285 1889 1414 1928 primum
1463 1887 1595 1915 sollenne

887 1930 963 1958 illud
987 1930 1017 1958 in
1043 1930 1148 1963 muris,
1172 1933 1205 1958 ut
1231 1928 1278 1957 ΙΙ.
1304 1929 1362 1957 460
1380 1931 1451 1959 etc„
1467 1926 1592 1953 alterum

888 1968 998 1996 mobile
1022 1969 1097 1997 rotis
1119 1969 1296 1996 subvectum
1316 1966 1394 1993 intra
1416 1973 1517 1992 muros
1542 1972 1596 2000 pro

888 2015 946 2034 usu
960 2010 991 2034 et
1006 2006 1186 2035 necessitate
1201 2015 1208 2035 ·,
1231 2005 1353 2033 tertium
1369 2004 1398 2031 h.
1414 2003 1434 2030 Ι.
1448 2006 1516 2030 ante
1532 2010 1596 2029 luu-

888 2054 965 2077 rum,
980 2054 1047 2072 cum
1063 2054 1122 2082 quo
1137 2047 1226 2082 ponte
1238 2042 1390 2080 Jungitur,
1408 2046 1439 2068 [ιῐ
1456 2049 1510 2076 pro
1524 2048 1594 2076 pro-

888 2083 1056 2120 pugnaculo
1085 2083 1134 2115 sit,
1166 2081 1231 2114 IX,
1263 2081 1321 2108 530
1351 2089 1396 2116 sq.
1452 2076 1595 2104 Tabulata

889 2125 956 2148 sunt
974 2121 1064 2148 turris
1080 2119 1333 2157 contignationes.
1348 2127 1376 2145 v.
1394 2116 1446 2144 lib.
1463 2115 1510 2144 II.
1522 2115 1592 2142 463.

887 2160 955 2187 464.
991 2163 1089 2187 vortex
1115 2157 1244 2194 flammis
1278 2156 1391 2183 voluens
1424 2151 1593 2191 elegantius

888 2207 975 2234 quam
1011 2201 1119 2225 vortex
1156 2193 1449 2223 flammarum—675
1480 2194 1594 2229 pontes,

888 2236 996 2273 quibus
1012 2235 1168 2263 discursus
1193 2233 1275 2260 fleret
1291 2241 1345 2269 per
1361 2229 1465 2260 turrim
1482 2233 1513 2257 et
1527 2238 1591 2256 inu-

887 2283 949 2306 ros,
967 2279 992 2300 v.
1012 2273 1141 2306 1X,170
1157 2276 1187 2299 et
1203 2270 1372 2299 ,ἦα-676
1387 2268 1509 2296 vincunt
1522 2266 1592 2299 fata,

887 2311 1053 2349 parendum
1076 2310 1113 2338 iis
1138 2314 1195 2341 est,
1220 2318 1274 2337 neo
1294 2307 1406 2336 evitare
1423 2315 1458 2334 ea
1471 2305 1596 2333 lieet.—

886 2350 945 2378 0723
980 2350 1104 2382 Melius,
1147 2352 1232 2385 puto,
1267 2345 1490 2382 interpungitur
1522 2346 1593 2380 post

887 2387 998 2421 Morte,
1024 2392 1057 2415 ut
1083 2387 1139 2416 sit:
1161 2386 1241 2418 Stat,
1264 2383 1402 2422 quicquid
1427 2381 1522 2410 acerbi
1548 2384 1591 2409 est

887 2425 998 2460 Morte,
1015 2425 1190 2463 pati.-680
1205 2423 1312 2456 Video,
1332 2424 1457 2449 mortem
1473 2419 1594 2448 fatalem

888 2464 960 2492 mihi
974 2464 1098 2497 instare,
1122 2466 1188 2490 ante
1211 2464 1319 2494 tamen,
1347 2468 1434 2497 quam
1455 2467 1519 2486 eam
1540 2467 1591 2485 su-

887 2502 982 2534 beam,
999 2502 1062 2529 sine
1078 2511 1124 2529 me
1140 2509 1272 2537 pugnam
1286 2499 1360 2526 hanc
1379 2506 1446 2525 cum
1463 2506 1498 2524 eo
1508 2495 1594 2528 inire,

887 2549 943 2568 non
956 2549 1085 2577 pugnam
1101 2539 1226 2567 evitare.

925 2579 983 2606 684
1009 2587 1075 2615 sqq.
1111 2573 1306 2614 Comparatio
1334 2582 1373 2602 ex
1399 2572 1465 2610 ipsa
1493 2579 1591 2613 renim

887 2620 991 2643 natura
1024 2614 1185 2652 unicuique
1224 2612 1313 2642 facile
1353 2612 1451 2649 poetae
1493 2610 1591 2636 0bv1a.

888 2655 952 2682 Nec
969 2658 1064 2682 tamen
1090 2654 1229 2691 ignorare
1250 2650 1347 2689 potuit
1370 2648 1513 2686 Virgilius
1528 2656 1590 2674 eam
