1796 3077
226 197 318 242 100

693 197 738 234 P.
770 194 999 233 VIRGILII
1031 195 1279 234 MAROle

230 312 325 355 Nec
346 314 424 356 fuit
443 315 659 370 indignum
679 317 839 369 superis
858 317 922 356 bis
944 318 1143 370 sanguine
1163 326 1306 359 nostro

229 369 470 412 Emathiam
491 379 533 413 et
550 371 656 412 latos
676 371 817 413 Haemi
835 372 1109 426 pinguescere
1129 389 1311 430 campos.

227 426 395 468 Scilicet
410 436 451 469 et
467 436 630 482 tempus
646 429 795 477 veniet,
826 444 956 482 quum
974 429 1128 470 finibus
1148 430 1224 471 illis

225 482 440 538 Agricola,
470 485 641 525 incurvo
661 492 814 526 terram
834 486 1000 527 molitus
1022 494 1173 536 aratro,

225 539 371 581 Exesa
390 541 570 582 inveniet
591 542 738 582 scabra
757 543 950 597 rubigine
966 543 1063 597 pila,

225 595 318 637 Aut
335 598 532 651 gravibus
551 599 693 639 rastris
709 598 849 653 galeas
866 599 1050 654 pulsabit
1065 601 1223 650 inanes,

228 653 503 708 Grandiaque
522 654 683 696 effossis
702 656 920 697 mirabitur
940 671 1035 697 ossa
1056 657 1269 711 sepulcris.

223 708 288 749 Di
307 710 441 764 patrii,
473 710 702 766 Indigetes,
733 720 775 753 et
795 712 991 763 Romule,
1022 713 1238 767 Vestaque
1260 719 1405 763 mater,

224 765 335 812 Quae
352 766 542 808 Tuscum
561 768 750 810 Tiberim
770 777 814 810 et
834 769 1027 811 Romana
1048 770 1209 811 Palatia
1227 784 1379 819 servaS,

220 821 350 865 Hunc
368 823 512 866 saltem
532 839 677 867 everso
691 827 888 880 juvenem
908 841 1149 868 succurrere
1172 826 1294 868 saeclo
1587 827 1672 868 500

220 937 397 970 Pharsalum
421 941 542 975 sactum,
574 941 648 971 inter
671 951 703 971 se
730 942 925 971 commisisse.

218 977 283 1005 Nec
303 978 490 1016 mperisficit,
506 980 602 1008 visum
621 984 678 1015 est,
698 981 854 1019 incliyuwn,
871 981 925 1009 ini-

215 1025 319 1053 quum,
340 1018 368 1045 h.
395 1018 452 1046 diis
477 1018 597 1056 placuit,
616 1018 644 1046 in
667 1020 768 1048 eodem
785 1020 925 1048 Macedo-

216 1054 273 1083 nia?
291 1065 392 1093 regno,
408 1056 497 1085 latius
514 1062 646 1095 accepto,
661 1058 706 1086 bis
721 1062 847 1096 stragem
862 1058 924 1086 Ro-

218 1102 369 1122 manorum
393 1095 466 1124 fieri.
504 1095 643 1124 Emathia
672 1097 854 1125 Macedoni-e:
880 1101 926 1125 est

217 1139 298 1168 pars,
321 1133 357 1161 ad
376 1142 464 1171 quam
484 1135 602 1172 proprie
615 1144 668 1163 nec
688 1135 851 1164 Pharsalus
874 1145 927 1163 nec

220 1169 353 1208 Philippi
368 1172 471 1200 referri
492 1177 635 1210 possunt3
659 1175 710 1202 sed
726 1175 823 1211 po'e'tse
838 1174 926 1202 latius

215 1217 252 1236 eo
279 1209 396 1238 nomine
425 1211 513 1240 etiam
560 1221 592 1240 ro
617 1212 771 1241 Thessalia
795 1216 928 1241 utuntur.

214 1246 340 1275 Haemus
355 1257 436 1277 mons
457 1253 503 1277 est
542 1249 662 1284 hraciae,
684 1252 731 1279 cui
750 1251 866 1288 po‘e'tica
882 1260 926 1279 ra-

214 1284 293 1313 tione
318 1287 388 1315 urbs
411 1287 543 1325 Philippi
567 1289 718 1325 subjacere
741 1290 798 1318 dici
840 1293 928 1318 otest.

215 1323 328 1352 Lucan.
350 1324 378 1358 I,
408 1326 467 1354 680
493 1328 628 1365 laetosque
654 1327 751 1356 Hcr’mi
782 1338 815 1356 sa
856 1338 925 1366 rupe

214 1361 386 1400 Philipp0s‚·
420 1363 483 1398 IX,
505 1366 562 1393 271
596 1365 748 1394 Emathios
777 1366 929 1404 Philippos

214 1399 303 1428 dixit.
324 1401 432 1439 Magna
447 1412 516 1440 pars
536 1403 669 1433 Thrac-'n
697 1405 767 1433 olim
786 1405 927 1434 M'acedo-

216 1437 304 1467 nibus
319 1441 429 1477 paruit,
468 1441 547 1470 Satis
563 1442 646 1472 nobis
664 1443 832 1472 declarasse
845 1444 926 1472 vide-

218 1485 286 1505 mur
306 1476 365 1506 loci
392 1480 574 1510 sententiam.
614 1481 753 1510 Virorum
773 1483 928 1510 doctorum

216 1516 419 1545 contentiones
432 1517 460 1545 in
474 1518 504 1547 h.
519 1518 540 1548 l·
562 1519 692 1548 maxime
713 1521 807 1549 errori
820 1521 927 1550 deben-

215 1556 275 1588 tur,
310 1555 389 1592 quod
409 1555 512 1585 iterum
536 1567 604 1586 cum
632 1557 726 1586 videre
754 1559 925 1596 jungebant,

216 1600 273 1620 non
287 1593 392 1622 iterum
405 1604 583 1625 concurrere.
622 1596 776 1631 Manilius,
788 1597 839 1634 qui
852 1598 926 1626 hunc

218 1629 316 1660 locum
337 1632 367 1660 in
393 1638 526 1663 extrema
546 1634 615 1664 libri
640 1635 727 1673 primi
752 1640 837 1673 parte
860 1641 926 1665 ante

216 1669 320 1699 oculos
342 1670 456 1706 habuit,
478 1673 599 1701 eandem
619 1673 766 1711 poeticam
786 1674 926 1703 rationem

217 1708 383 1746 amplexus,
404 1710 505 1748 paullo
516 1711 652 1740 licentius
672 1712 795 1740 extulit:
821 1712 927 1741 Civiles

216 1746 301 1775 etiam
328 1753 422 1777 motus
455 1753 630 1787 cors-nataque
657 1749 729 1778 bella
756 1750 926 1787 Significant

215 1785 361 1823 (cometae
374 1786 437 1815 sive
453 1787 509 1816 alia
521 1788 680 1825 meteora);
696 1797 746 1815 uec
754 1788 842 1825 plura
853 1788 927 1817 alias

214 1821 344 1852 incendia
354 1824 475 1854 mundus
483 1825 639 1859 Sustinuit,
671 1836 735 1854 uam
745 1836 805 1854 cum
813 1826 927 1855 ducibus

206 1860 312 1897 jurata
326 1862 452 1891 cruentis
473 1865 569 1892 Arma
584 1864 644 1893 Phi
657 1863 752 1902 ippteos
773 1865 926 1902 implerunt

213 1900 324 1937 aymine
342 1910 466 1939 campos.
510 1902 569 1931 Vix
580 1902 667 1930 etiam
684 1903 760 1931 sicca
772 1903 851 1931 miles
866 1904 926 1932 Ro-

212 1946 315 1966 manus
336 1949 426 1967 arena
447 1940 523 1969 Ossa
544 1940 637 1969 virum
662 1941 824 1979 lacerosque
842 1942 928 1980 prius

213 1977 413 2013 superna-stitit
439 1983 531 2007 artus.
569 1979 669 2008 Licuit
689 1981 800 2017 poe‘tae,
825 1991 926 2018 quam-

213 2024 303 2057 quam
316 2016 412 2046 miuus
427 2017 586 2052 subtiliter,
606 2018 635 2046 in
652 2019 754 2047 eodem
767 2019 832 2046 loco
848 2029 925 2056 prae-

214 2051 288 2081 llum
312 2053 422 2084 factum
447 2055 556 2090 dicere,
576 2057 656 2094 quod
680 2057 708 2085 in
726 2057 785 2085 illis
802 2058 924 2095 regioni-

214 2090 284 2126 bus,
305 2092 334 2120 in
347 2102 382 2121 eo
403 2103 491 2132 regno
511 2098 562 2123 aut
580 2095 671 2138 plaga
692 2096 819 2132 factum,
841 2100 925 2125 utne

212 2131 276 2158 tum
295 2131 414 2168 quidem
430 2132 537 2162 vitiose
557 2133 669 2162 dictum
691 2134 785 2162 videri
808 2134 924 2170 debeat,

213 2167 241 2195 si
263 2168 347 2196 Phili
385 2180 416 2198 os
438 2171 516 2209 ipsos
528 2171 607 2201 dicat
621 2172 723 2200 iterum
741 2172 843 2201 vidisse
859 2183 923 2202 con-

212 2215 330 2235 currere
376 2218 491 2238 omanas
504 2210 594 2245 acies,·
615 2210 642 2239 h.
658 2211 805 2249 Philippis
818 2211 924 2241 iterum

212 2249 376 2282 pugnatum
398 2257 475 2276 esse.
515 2248 607 2284 Quid,
627 2250 707 2288 quod
721 2250 856 2278 contendi
868 2260 921 2288 po-

212 2285 285 2317 test,
306 2288 437 2319 veterem,
459 2296 526 2315 cum
541 2287 605 2316 haec
621 2287 782 2326 Virgiliana
793 2289 921 2318 carmina

209 2319 353 2358 legerent,
367 2324 527 2353 sententias
542 2335 596 2353 non
611 2325 695 2354 aliter
709 2326 921 2356 constituisse?

210 2358 263 2387 Ex
290 2360 451 2391 imitatione
478 2363 580 2392 Ovidii
604 2364 733 2401 judices.
787 2365 820 2393 Is
844 2365 920 2394 Met.

209 2397 287 2432 XV,
305 2399 372 2427 823.
387 2401 454 2429 824.
468 2401 507 2430 de
524 2402 652 2430 Caesaris
667 2402 795 2431 ultione:
817 2403 915 2433 Phar-

208 2435 283 2464 salia
302 2437 405 2479 sentiet
417 2439 509 2473 illum,
530 2439 721 2479 Emathiaque
738 2442 843 2470 iterum
857 2454 916 2471 ma-

206 2474 312 2512 defacti
325 2476 399 2505 caede
422 2478 554 2516 Philippi
561 2489 571 2515 ,-
592 2479 674 2508 vides
696 2481 807 2508 car-dem
828 2481 916 2510 Ema0

207 2513 312 2550 thiam,
331 2514 362 2542 h.
375 2515 474 2549 talem,
495 2517 589 2555 qualis
607 2519 669 2555 jam
691 2523 756 2547 ante
772 2519 808 2547 ad
822 2520 915 2548 Phar-

207 2551 304 2580 salum
332 2552 410 2582 facta
440 2560 519 2591 erat;
553 2560 583 2584 et
613 2557 759 2592 Lucanus,
795 2558 845 2595 qui
870 2558 912 2588 lib

210 2589 289 2620 VII.
317 2591 383 2619 sub.
413 2592 434 2620 f.
464 2597 558 2622 totum
581 2594 656 2623 hunc
678 2595 774 2624 locum
795 2606 916 2634 expres-

208 2628 262 2662 sit,
294 2628 441 2658 Thessalia
466 2631 632 2669 infelix—v.
660 2635 718 2662 853
758 2633 916 2665 Petronius

207 2677 235 2695 c.
261 2667 317 2697 121
338 2669 394 2707 (de
417 2669 503 2698 Bello
528 2670 595 2700 civ.
620 2672 693 2708 110)
719 2672 812 2701 Cerno
835 2675 914 2716 equi-

208 2705 268 2734 dem
298 2707 413 2745 yemina
435 2708 501 2746 jam
535 2713 641 2738 stratos
674 2710 772 2739 Morta
800 2711 912 2751 Plnlip-

961 952 1027 980 pos.
1066 944 1138 972 Noli
1159 947 1254 972 tamen
1267 946 1424 980 propterea
1435 953 1500 971 cum
1516 942 1587 971 viris
1601 943 1673 973 doc*

966 981 1004 1008 tis
1033 983 1215 1015 existimare,
1248 986 1362 1010 veteres
1390 981 1572 1010 Pharsaliam
1604 992 1671 1011 cum

965 1019 1113 1058 Philippis
1138 1020 1314 1049 confudisse.
1364 1020 1467 1048 Latius
1493 1020 1672 1056 Emathiam,

967 1057 1155 1091 Thessaliam,
1176 1059 1320 1093 Hoemum,
1346 1058 1498 1096 Philippos
1519 1063 1549 1087 et
1574 1059 1671 1088 Phar-

964 1096 1098 1126 salumin
1119 1098 1226 1135 poetis,
1248 1098 1298 1135 qui
1324 1098 1361 1126 de
1382 1097 1426 1125 his
1442 1096 1554 1135 praeliis
1570 1103 1671 1136 agunt,

965 1135 1035 1169 dici,
1058 1146 1090 1164 ac
1110 1137 1134 1163 si
1154 1137 1191 1164 ad
1207 1137 1326 1164 eandem
1344 1136 1492 1173 regionem
1514 1136 1673 1166 omniailla

965 1174 1116 1202 reserenda
1129 1179 1237 1208 essent,
1248 1185 1286 1203 ex
1300 1175 1515 1212 comparatione
1524 1175 1673 1204 dictorum

966 1212 1054 1240 obvia
1067 1223 1113 1241 res
1125 1217 1179 1241 est.
1193 1214 1260 1241 4259.
1269 1212 1392 1250 paribus
1405 1213 1468 1241 telis
1479 1223 1487 1239 .·
1502 1223 1569 1241 cuin
1580 1214 1672 1242 utrin-

966 1260 1024 1287 que
1038 1260 1053 1279 a
1064 1251 1208 1279 Romanis
1218 1256 1409 1289 pugnaretur.
1429 1252 1508 1280 Hinc
1519 1252 1627 1280 Lucan.
1644 1252 1673 1288 I,

965 1289 999 1317 7:
1016 1289 1115 1318 Valer.
1133 1290 1180 1318 Fl.
1196 1291 1252 1324 vl,
1266 1291 1441 1319 1104.—-491.
1457 1292 1485 1319 2.
1506 1290 1593 1319 fatale
1606 1290 1674 1325 fuit,

967 1328 1013 1355 bis
1035 1328 1172 1357 civilibus
1191 1329 1277 1357 armis
1298 1330 1423 1367 pugnari
1441 1329 1470 1357 in
1484 1328 1672 1358 Macedoniae

967 1366 1180 1396 finibus—2193
1202 1368 1362 1405 Expressit
1383 1371 1414 1396 et
1432 1367 1497 1396 haec
1518 1367 1620 1396 Manil.
1641 1368 1671 1402 I,

965 1406 1033 1434 998.
1053 1406 1218 1435 Oua-*194
1238 1407 1265 1435 A
1297 1407 1415 1434 Lucret.
1443 1406 1481 1440 V,
1509 1407 1568 1435 932
1585 1407 1672 1444 ferro

965 1443 1092 1472 molirier
1119 1446 1298 1473 arvae—496
1328 1444 1427 1473 inanes
1453 1454 1509 1472 non
1542 1444 1670 1474 otiosum

967 1482 1115 1520 galearum
1134 1484 1293 1521 epitheton,
1320 1493 1385 1511 cum
1400 1483 1527 1521 pulsabit
1548 1483 1670 1520 adjunc-

967 1525 1030 1548 tum
1044 1521 1099 1557 sit,
1120 1521 1193 1550 alias
1207 1531 1290 1550 cavas
1310 1524 1340 1550 et
1354 1522 1391 1550 ab
1410 1522 1520 1550 etl'ectu
1538 1526 1672 1550 sonantes

966 1559 1080 1587 dicunt.
1120 1560 1218 1588 Locus
1233 1570 1248 1588 a
1261 1560 1362 1588 multis
1374 1569 1549 1598 expressus,
1565 1560 1594 1588 in
1607 1560 1670 1598 pri-

965 1597 1022 1626 mis
1037 1597 1201 1627 Claudiano
1216 1598 1301 1627 XXI
1323 1599 1377 1636 (de
1393 1599 1487 1628 Laud.
1506 1598 1603 1627 Stiljc.
1624 1599 1671 1637 Ι),

966 1637 1225 1666 134-137.-497
1249 1637 1383 1665 Grandia
1393 1648 1458 1665 ossa
1474 1637 1616 1675 praeclare
1633 1639 1671 1667 ad

965 1684 1147 1704 communem
1167 1676 1202 1704 de
1220 1676 1312 1704 vastis
1333 1676 1498 1714 priscorum
1519 1676 1670 1704 hominum

965 1718 996 1742 et
1019 1713 1142 1742 heroum
1171 1715 1348 1753 corporibus
1380 1714 1544 1752 opinionem
1573 1714 1669 1750 dixin

965 1752 1040 1779 conf.
1062 1753 1130 1781 AEu.
1151 1753 1234 1787 XII,
1262 1755 1331 1782 599.
1353 1754 1423 1782 900.
1462 1753 1537 1781 Cum
1556 1753 1586 1781 in
1604 1753 1670 1782 istis

965 1789 1078 1826 praeliis
1090 1791 1243 1819 fortissimi
1254 1792 1386 1820 homines
1397 1792 1586 1825 cecidissent,
1601 1801 1671 1829 pos-

966 1827 1080 1862 teritas,
1109 1839 1175 1866 quae
1203 1834 1345 1867 corrupto
1370 1830 1438 1858 huic
1463 1835 1493 1859 et
1517 1830 1670 1867 decrepito

967 1866 1078 1894 saeculo
1093 1876 1267 1895 successura
1281 1872 1337 1902 est,
1355 1869 1458 1896 eodem
1469 1869 1556 1897 modo
1564 1868 1669 1897 horum

966 1913 1034 1932 ossa
1047 1904 1212 1937 mirabitur,
1228 1909 1260 1933 ut
1269 1915 1321 1933 nos
1332 1906 1499 1943 priscorum
1509 1906 1669 1935 hominum.

1004 1943 1063 1971 498
1085 1942 1243 1981 Diipatrii
1260 1947 1289 1972 et
1301 1943 1447 1982 Imliqetes
1465 1945 1501 1972 ab
1524 1944 1589 1972 aliis
1614 1954 1669 1982 pro

965 1979 1081 2015 iisdem,
1102 1982 1138 2010 ab
1153 1981 1218 2010 aliis
1233 1992 1286 2019 pro
1299 1982 1428 2010 diversis
1447 1982 1599 2010 habentur.
1640 1983 1667 2011 A

965 2020 1063 2056 poetis
1076 2020 1172 2048 miuus
1185 2030 1287 2049 severa
1301 2020 1451 2058 diligentia
1464 2021 1493 2049 in
1507 2020 1552 2048 his
1569 2021 1667 2058 requi-

965 2058 1059 2091 ritur3
1078 2063 1203 2096 possunt
1227 2062 1324 2087 tamen
1346 2059 1552 2097 distinguenda
1572 2060 1669 2088 videri

964 2096 1089 2131 numina,
1110 2097 1136 2125 si
1162 2097 1263 2126 Ovidii
1285 2097 1382 2126 locum
1407 2098 1483 2127 Met.
1508 2097 1583 2131 XV,
1610 2099 1666 2126 861

964 2144 1041 2173 sqq„
1074 2135 1124 2173 qni
1148 2136 1213 2164 hinc
1243 2146 1403 2173 expressus
1431 2140 1488 2169 est,
1516 2136 1669 2174 respicias.

963 2174 1088 2211 (Itaque
1101 2183 1214 2203 comma
1226 2179 1293 2212 post
1303 2175 1396 2212 patrii
1408 2175 1493 2212 posui
1506 2185 1513 2211 3
1533 2175 1668 2204 similiter

964 2211 993 2239 in
1007 2212 1189 2241 invocatione
1204 2213 1324 2241 deorum
1341 2214 1447 2251 copula
1465 2214 1549 2242 deest
1564 2214 1618 2242 Ge.
1640 2214 1667 2242 Ι.

963 2251 1059 2279 5-10
1085 2250 1154 2285 Vos,
1174 2250 1291 2284 lumina,
1311 2251 1399 2280 Liber
1421 2257 1448 2280 et
1467 2251 1545 2280 alma
1568 2251 1668 2286 Ceres,

961 2293 987 2317 et
1019 2289 1116 2317 Fauni
1149 2293 1207 2317 etc.
1243 2289 1307 2323 W.)
1338 2290 1393 2318 Dii
1418 2291 1562 2329 Indi-«yetus
1597 2294 1666 2319 sunt

960 2330 1095 2362 ἐγχώριοι.
1135 2328 1185 2356 Ex
1208 2327 1244 2356 iis
1262 2328 1371 2357 [Encas
1390 2334 1471 2358 erat:
1498 2339 1527 2357 v.
1549 2328 1614 2357 Liv.
1636 2329 1664 2363 1,

959 2368 979 2395 2
1007 2370 1104 2395 extr.:
1131 2366 1242 2395 Tibull.
1268 2367 1316 2401 II,
1342 2370 1372 2402 5,
1397 2369 1453 2397 44:
1483 2367 1552 2397 AEn.
1578 2366 1662 2400 XII,

954 2406 1021 2435 794.
1042 2405 1129 2434 Idem
1145 2405 1254 2434 AEneas
1266 2405 1332 2434 deos
1340 2407 1455 2444 patrios
1470 2416 1522 2435 seu
1536 2406 1663 2434 Penates

955 2454 972 2473 a
985 2444 1074 2480 Troja
1086 2443 1115 2471 in
1131 2443 1248 2472 Latium
1264 2445 1435 2475 advexerat.
1472 2443 1601 2474 Hae--Di
1608 2453 1663 2480 pu-

955 2481 1016 2515 trii,
1025 2481 1156 2519 intellige
1166 2483 1292 2511 Penates
1305 2483 1473 2522 3Imliqetes,
1481 2482 1532 2521 qui
1539 2481 1582 2511 dii
1592 2481 1663 2511 facti

955 2525 1024 2550 sunt
1039 2530 1077 2548 ex
1091 2520 1269 2549 hominibus.
1303 2522 1338 2551 S.

989 2560 1048 2588 500
1074 2558 1223 2594 Jurenem,
1250 2565 1284 2588 ut
1310 2561 1378 2589 Eel.
1401 2560 1429 2595 I,
1455 2560 1505 2595 43,
1530 2557 1659 2588 Romani

956 2598 1102 2627 sermonis
1131 2603 1200 2627 noto
1228 2609 1283 2627 usu
1310 2598 1440 2637 appellat
1462 2598 1660 2627 Octavianum

955 2637 1116 2671 caesarem,
1149 2641 1211 2666 tum
1244 2637 1362 2666 circiter
1391 2637 1527 2666 XXVII
1555 2644 1660 2664 annum

956 2680 1101 2714 agentem.
1122 2675 1233 2713 (Hunc
1246 2675 1365 2710 salichu
1387 2685 1452 2704 nam
1464 2675 1576 2705 Julium
1590 2675 1660 2703 Gae-

956 2725 1052 2744 sarem
1080 2713 1178 2752 impiis
1210 2714 1372 2744 inviderant
1404 2714 1557 2744 Romanis.
1588 2711 1656 2753 W.)
