1796 3077
624 269 893 308 AENEIDOS.

951 270 1052 308 ΜΒ.
1098 270 1168 308 ix.
1524 276 1619 321 547

170 395 374 437 Sufficere
393 411 402 445 ;
434 394 591 436 aeriam
609 394 718 436 coelo
738 410 833 436 nam
853 394 1025 450 Jupiter
1044 394 1144 436 Irim

171 452 368 502 Demisit‚
391 467 603 508 germanae
622 452 741 494 haud
761 451 901 494 mollia
916 453 1036 507 jussa
1056 451 1261 494 ferentem
1283 467 1292 491 ε

171 509 232 551 Ni
253 509 426 551 Turnus
448 510 572 551 cedat
591 509 857 551 Teucrorum
877 510 1089 551 moenibus
1105 508 1210 550 altis.
1545 506 1629 548 805

172 567 292 622 Ergo
310 582 388 608 nec
409 567 544 621 clipeo
559 567 725 621 juvenis
747 567 988 614 subsistere,
1010 574 1172 607 tantum

172 624 268 665 Nec
290 625 442 665 dextra
457 624 572 665 *valet
592 640 600 664 ε
633 625 797 679 injectis
820 624 878 664 sic
898 624 1085 677 undique
1108 622 1200 663 telis

172 681 397 723 Obruitur.

458 681 619 735 Strepit
639 681 808 722 assiduo
828 695 929 722 cava
950 688 1141 734 tempora
1161 681 1318 722 ‘circum

173 738 351 780 Tinnitu
371 737 505 793 galea,
526 746 569 779 et
591 739 703 779 saxis
724 737 858 779 solida
878 752 962 778 aera
982 737 1180 778 fatiscunt
1200 754 1210 787 3

172 796 475 849 Discussasque
490 796 610 849 jubae
631 795 785 849 capiti3
817 809 895 836 nec
917 794 1070 835 sufficit
1089 795 1218 836 umbo
1547 793 1630 834 810

171 853 330 895 Ictibus
347 870 356 901 3
388 852 647 906 ingeminant
667 851 800 892 hastis
821 859 863 892 et
884 850 925 892 T
931 865 1022 892 roes
1043 858 1086 892 et
1107 852 1197 905 ipse

171 910 418 951 Fulmineus
440 907 707 949 Mnestheus.

769 907 884 948 Tum
904 915 993 948 toto
1014 922 1192 962 corpore
1215 908 1345 949 sudor

173 967 387 1021 Liquitur,
409 973 452 1006 et
472 966 639 1020 piceum
661 965 755 1018 (nec
775 966 984 1019 respirare
1005 966 1210 1020 potestas)

173 1024 351 1065 Flumen
371 1023 483 1077 agit3
516 1022 648 1063 fessos
669 1023 805 1076 quatit
826 1037 923 1063 acer
941 1021 1151 1062 anhelitus
1173 1028 1304 1062 artus.

173 1081 287 1122 Tum
310 1081 479 1121 demum
495 1094 688 1134 praeceps
709 1078 817 1120 saltu
838 1094 930 1120 sese
952 1080 1143 1120 omnibus
1164 1079 1288 1119 armis
1546 1078 1631 1118 815

172 1138 223 1179 In
241 1138 414 1178 fluvium
434 1136 567 1177 dedit.

628 1135 704 1177 Ille
721 1151 799 1177 suo
819 1150 914 1176 cum
934 1136 1102 1190 gurgite
1123 1135 1234 1176 flavo

173 1195 356 1249 Accepit
376 1194 628 1241 venientem,
650 1208 698 1234 ac
719 1192 915 1233 mollibus
937 1193 1087 1233 extulit
1108 1193 1231 1233 undis
1252 1209 1261 1241 3

175 1252 235 1293 Et
255 1252 397 1293 laetum
419 1250 540 1291 sociis
562 1248 706 1291 abluta
725 1249 842 1294 caedc
862 1248 1034 1294 remisit,

172 1381 198 1411 si
212 1384 295 1411 recte
311 1380 498 1418 judicamus,
519 1389 595 1408 nunc
612 1378 766 1407 inducitur
780 1388 883 1407 neces-

172 1420 272 1450 sitatis
293 1419 387 1457 magis
404 1428 495 1447 causa
514 1417 549 1446 ad
573 1417 792 1455 expediendam
806 1427 882 1450 rem,

173 1469 261 1497 quam
274 1468 375 1486 rerum
388 1457 493 1485 ordine
514 1457 556 1485 ita
568 1455 746 1494 postulante.
788 1456 883 1484 Deam

173 1498 250 1528 enim
265 1497 358 1525 rebus
380 1494 518 1534 gerendis
532 1495 676 1523 interesse
695 1494 823 1523 nondum
839 1494 884 1523 vi-

174 1537 287 1569 dimus,
309 1535 367 1565 nisi
381 1544 411 1563 v-
432 1535 502 1566 725,
524 1533 575 1562 ubi
595 1533 645 1562 illa
666 1533 776 1562 avertit
790 1533 885 1562 ictum

172 1576 268 1604 hastae
286 1584 303 1603 a
315 1574 428 1607 Turno,
442 1577 473 1602 et
487 1583 518 1601 v.
537 1573 595 1601 761
609 1582 615 1599 ι
637 1571 718 1601 Jnno
732 1571 810 1600 vires
822 1571 885 1600 ani-

173 1625 220 1643 mu
269 1623 303 1642 ue
318 1612 485 1648 ministrat,-
506 1612 562 1641 hoc
574 1620 646 1640 vero
657 1614 777 1649 poterat
788 1611 886 1640 facere

174 1663 216 1682 ex
231 1663 248 1681 a
262 1656 314 1687 to·,
334 1655 365 1680 et
385 1651 498 1680 oblitus
519 1655 566 1679 est
585 1651 677 1687 poeta
697 1650 887 1687 interponere

174 1702 241 1721 eam
255 1695 434 1730 praesentem
449 1688 662 1728 pugnantibus,
685 1688 830 1717 descensu
846 1698 885 1717 ex

175 1731 309 1769 Olympo
325 1730 414 1763 sacto,
436 1733 469 1757 ut
481 1728 603 1766 Jupiter
623 1737 701 1756 nuno
722 1727 796 1756 Irim
816 1727 885 1755 mit-

173 1774 238 1798 tere
266 1771 383 1807 posset,
415 1777 483 1811 quae
504 1777 569 1796 eam
595 1766 737 1796 recedere
753 1767 885 1803 juberet.

174 1808 287 1838 Tamen
304 1807 351 1836 vel
365 1807 409 1835 sio
424 1806 552 1835 imitatio
568 1805 655 1834 nimis
670 1805 825 1834 manifesta
838 1809 886 1834 est

177 1857 217 1876 ex
233 1846 272 1876 ΙΙ.
288 1849 314 1879 θ,
331 1846 388 1874 397
404 1854 470 1884 sq.;
491 1859 517 1879 ο,
540 1845 595 1873 157
610 1854 657 1882 sq.
677 1847 707 1872 et
727 1843 765 1872 al.
782 1849 812 1872 et
827 1843 887 1872 Iris

181 1887 237 1915 'am
259 1884 330 1914 libri
343 1884 433 1922 hujus
457 1884 524 1912 init.
545 1882 690 1912 mandatis
708 1882 835 1912 ,lunonis
849 1883 887 1911 ad

205 1934 310 1954 urnum
325 1923 510 1961 perferendis
524 1928 638 1961 partes,
659 1932 676 1950 a
687 1922 778 1959 poeta
789 1921 887 1958 impo-

176 1963 263 1999 sitas,
276 1966 455 2001 peregemt:
479 1961 560 2000 quod
570 1961 616 1990 bis
637 1960 666 1989 in
688 1960 794 1989 eodem
808 1960 887 1989 libro

175 2002 229 2031 vix
268 2006 347 2031 utem
369 2000 505 2030 suaviter
520 1999 742 2029 factum-802
757 2009 813 2028 non
834 2008 886 2027 au-

174 2042 229 2070 det
263 2050 319 2069 uno
333 2039 411 2069 vires
430 2038 568 2068 sufficere
580 2039 680 2067 Turno
695 2042 799 2067 contra
811 2037 887 2066 Tro-

173 2082 311 2123 janorum
333 2088 449 2118 agmen,
475 2081 508 2107 ut
529 2078 627 2106 adhuc
642 2077 751 2106 fecisse
773 2081 821 2105 est
842 2077 886 2105 in-

175 2118 342 2157 telligenda
358 2127 387 2146 v.
406 2116 592 2147 'rot-vires
610 2115 748 2152 sufficere,
777 2125 887 2154 suppe-

177 2157 287 2191 ditare,
308 2157 456 2195 pmebere,
475 2158 508 2185 ut
529 2158 671 2189 ὑποσχεῖν,
693 2158 831 2189 παρέχειν.
853 2160 885 2182 ut

174 2198 236 2234 §am
251 2195 298 2230 II,
314 2195 383 2224 618.
404 2195 465 2233 ipse
480 2198 565 2233 pater
581 2193 697 2223 Danais
712 2193 824 2222 animos
843 2193 885 2221 vi-

172 2244 279 2273 ·resque
303 2234 441 2263 secundas
465 2232 665 2269 sufficit—806
691 2242 736 2274 sq.
777 2233 885 2262 Totum

922 1378 1022 1407 locum
1047 1389 1115 1407 esse
1137 1378 1334 1408 Homericum
1359 1382 1500 1406 notarunt
1523 1388 1636 1407 omnes.

923 1417 1049 1454 Ajacem
1065 1427 1104 1445 ex
1120 1417 1160 1445 ll.
1175 1430 1205 1451 π,
1229 1418 1285 1445 102
1301 1427 1368 1454 sqq.
1386 1417 1477 1445 refert
1491 1418 1611 1446 Turnus
1627 1428 1634 1445 :

924 1460 955 1484 et
969 1459 1016 1484 est
1030 1455 1116 1484 locus
1131 1455 1208 1483 aiter
1220 1465 1289 1483 cum
1299 1455 1393 1483 altero
1406 1456 1634 1493 comparandus.

962 1494 1020 1523 806
1042 1504 1092 1523 nec
1109 1494 1262 1523 subsistere
1281 1493 1382 1531 potuit
1399 1493 1500 1531 clipeo,
1520 1494 1636 1532 excipi-

924 1533 1002 1562 endo
1015 1533 1086 1567 tela,
1105 1543 1156 1561 uec
1177 1532 1279 1561 dextra
1292 1541 1428 1570 pugnans
1455 1542 1539 1567 ense,
1560 1533 1635 1562 valet

924 1576 1058 1608 εαηίιιιης
1087 1572 1161 1600 adeo
1184 1571 1322 1599 obruitur
1348 1570 1527 1600 telis.—809
1543 1572 1634 1609 fatis-

924 1615 991 1638 cunt
1012 1620 1084 1645 aera,
1107 1610 1220 1639 cedunt
1236 1609 1360 1643 ictibus,
1382 1609 1476 1648 galea,
1504 1620 1571 1639 nam
1591 1611 1631 1639 de

926 1649 981 1677 hac
1006 1649 1116 1687 agitur,
1138 1649 1201 1687 agit
1220 1648 1324 1681 rimas
1349 1648 1511 1686 rumpitur.
1533 1650 1574 1678 cf.
1596 1650 1634 1678 ad

927 1689 983 1719 Ge.
999 1687 1027 1721 Ι,
1044 1689 1098 1716 180
1114 1698 1120 1716 :
1142 1688 1184 1716 ita
1206 1697 1243 1716 ue
1266 1697 1334 1716 cum
1351 1687 1466 1716 dilectu
1480 1688 1633 1725 adjectum

926 1726 1077 1765 epitheton
1090 1737 1096 1754 2
1129 1726 1184 1755 sol*
1204 1727 1329 1755 a.-813
1343 1726 1442 1755 Sudor
1453 1726 1566 1764 piceum
1574 1728 1635 1764 flu-

926 1776 987 1794 men
998 1765 1071 1803 ayrIt,
1085 1765 1142 1794 hoc
1158 1769 1216 1797 est.
1230 1769 1263 1794 ut
1271 1765 1398 1794 Servius
1411 1765 1636 1803 interpretatur,

925 1804 1095 1838 sordidum,
1119 1804 1245 1842 pulvere
1265 1808 1295 1832 et
1317 1805 1532 1833 cruore.—815
1549 1814 1577 1832 v.
1597 1805 1635 1833 ad

927 1854 957 1873 v.
970 1844 1138 1873 nist—316
1151 1853 1202 1872 sno
1215 1842 1398 1880 cumyuryite
1407 1853 1416 1870 .-
1439 1847 1488 1871 aut
1502 1847 1535 1871 ut
1546 1849 1636 1872 vacet

925 1891 998 1917 cum,
1014 1886 1048 1911 ut
1060 1892 1141 1920 saepe
1156 1893 1164 1918 ;
1185 1887 1236 1910 aut
1249 1886 1279 1909 ut
1293 1882 1430 1919 capiatur
1443 1891 1477 1910 ac
1501 1882 1526 1910 si
1552 1887 1637 1911 esset

927 1920 967 1950 in.
1006 1921 1048 1950 Ut
1067 1921 1121 1950 Gr.
1144 1920 1244 1959 poetis
1266 1922 1294 1948 ὲν
1315 1930 1370 1958 pro
1392 1921 1557 1949 eom-817.
1578 1922 1636 1950 815

927 1959 1051 1989 Scilicet
1075 1959 1207 1989 secundo
1226 1958 1344 1988 flumine
1362 1969 1458 1997 parvo
1476 1959 1636 1988 intervallo

926 1998 1048 2027 delatus
1064 1999 1101 2027 ad
1119 2009 1190 2027 suos
1212 1998 1369 2036 pervenire
1385 1997 1639 2026 debuit.—molli-

927 2036 988 2071 bus,
1001 2037 1132 2071 lenibus,
1144 2047 1249 2065 ornans
1265 2037 1429 2074 epitheton,
1445 2042 1476 2066 et
1490 2036 1635 2075 simplici-

927 2080 974 2104 ter
996 2080 1132 2104 naturam
1155 2086 1240 2114 aquae
1266 2075 1371 2109 refert,
1398 2079 1428 2102 τὸ
1446 2076 1635 2109 {unnim—818

926 2113 1025 2143 abluta
1055 2115 1129 2143 coede
1144 2124 1153 2141 :
1188 2117 1394 2143 ornamentum
1418 2124 1456 2142 ex
1486 2113 1637 2150 adjunctis

925 2157 1076 2192 arreptum
1109 2158 1175 2189 ειη
1208 2152 1281 2182 nihil
1316 2152 1465 2191 ampliu„
1499 2152 1573 2181 coede
1605 2153 1636 2189 132

926 2202 1081 2231 sanguine.
