1796 3077
642 234 911 274 AENEIDOS.
967 234 1070 274 LIB.
1093 233 1162 274 VI.

1521 239 1617 286 413

166 359 286 410 Ilice;
316 360 375 403 sic
394 359 478 402 leni
499 359 736 415 crepitabat
755 361 928 403 bractea
946 366 1087 402 vento.

167 417 353 472 Corripit
371 417 535 459 AEneas
556 418 784 473 extemplo,
805 418 1037 471 avidusque
1058 415 1249 471 refringit:

1531 415 1616 455 210

166 473 458 525 Cunctantem,
481 482 523 516 et
542 476 648 516 vatis
667 483 811 530 portat
832 475 911 515 sub
927 481 1040 515 tecta
1062 473 1248 527 Sibyllae.

220 530 316 572 Nec
336 532 471 573 minus
491 532 651 574 interea
673 531 888 573 Misenum
902 531 945 571 in
964 530 1086 571 litore
1104 529 1264 571 Teucri

163 585 356 637 Flebant,
374 596 416 630 et
436 589 564 630 cineri
578 589 744 644 ingrato
761 602 954 643 suprema
976 587 1182 628 ferebant.

163 644 379 699 Principio
396 646 595 700 pinguem
611 646 731 687 taedis
751 652 794 687 et
812 646 966 686 robore
983 651 1099 685 secto

163 700 384 756 Ingentem
406 710 599 744 struxere
616 717 788 757 pyram:
820 702 889 744 cui
908 701 1129 743 frondibus
1146 700 1246 742 atris

1530 699 1557 738 ἰῶ

1564 699 1579 738 ,-

1586 698 1614 739 er

162 757 368 800 Intexunt
388 758 534 809 latera,
555 766 599 800 et
618 758 769 801 ferales
789 766 886 800 ante
909 773 1132 812 cupressos

162 814 449 865 Constituunt,
466 816 752 870 decorantque
768 828 896 870 super
916 814 1176 869 fulgentibus
1193 812 1330 854 armis.

162 870 269 912 Pars
291 871 448 913 calidos
468 871 612 913 latices
633 879 675 913 et
695 872 832 913 ahena
851 871 1054 912 undantia
1069 870 1247 911 flammis

162 927 428 983 Expediunt,
447 943 686 983 corpusque
705 928 847 970 lavant
867 928 1058 982 frigentis
1079 935 1121 969 et
1140 933 1361 981 unguunt3

160 983 230 1026 Fit
250 987 442 1039 gemitus.

501 985 617 1027 Tum
635 986 824 1027 membra
842 992 936 1026 toro
958 984 1114 1026 defleta
1133 990 1359 1038 reponunt,

1531 981 1617 1021 220

160 1040 488 1096 Purpureasque
510 1057 637 1097 super
654 1050 806 1091 vestes,
827 1041 1030 1083 velamina
1049 1047 1162 1091 nota,

162 1097 418 1152 Conjiciunt.

477 1098 584 1140 Pars
603 1100 765 1154 ingenti
785 1099 952 1140 subiere
972 1098 1145 1148 feretro,

160 1154 305 1196 Triste
326 1156 610 1205 ministerium,
633 1163 676 1198 et
695 1156 932 1210 subjectam
950 1169 1066 1196 more
1082 1161 1307 1209 parentum

159 1210 315 1252 Aversi
334 1219 509 1254 tenuere
528 1212 675 1254 facem.
737 1212 952 1266 Congesta
972 1219 1211 1252 cremantur

160 1267 338 1310 Thurea
358 1269 484 1319 dona,
507 1269 654 1324 dapes,
673 1268 768 1310 fuso
789 1269 961 1311 crateris
981 1267 1104 1309 olivo.

1532 1265 1616 1306 225

160 1324 394 1379 Postquam
414 1326 587 1381 collapsi
606 1327 780 1375 cineres,
802 1333 845 1367 et
864 1325 1033 1366 flamma
1052 1324 1226 1379 quievit,

159 1379 379 1436 Reliquias
400 1384 496 1423 vino
517 1390 560 1424 et
578 1382 766 1424 bibulam
784 1382 924 1423 lavere
943 1381 1150 1430 favillam3

160 1438 357 1492 Ossaque
376 1439 486 1481 lecta
506 1439 612 1481 cado
632 1440 738 1481 texit
761 1438 991 1494 Corynaeus
1011 1437 1164 1479 aheno.

159 1494 281 1536 Idem
302 1504 366 1537 ter
387 1497 521 1537 socios
541 1511 650 1550 pura
669 1495 922 1538 circumtulit
942 1496 1071 1544 unda,

160 1551 376 1606 Spargens
397 1567 491 1593 rore
511 1552 593 1594 levi
613 1559 656 1594 et
674 1568 791 1593 ramo
812 1552 944 1593 felicis
964 1551 1096 1600 olivae,

1532 1547 1586 1588 ἐξ

1589 1547 1616 1587 0

159 1607 461 1664 Lustravitque
481 1609 608 1659 viros,
630 1609 822 1663 dixitque
843 1609 1065 1650 novissima
1084 1606 1226 1648 verba.

157 1755 236 1785 intus
264 1757 543 1796 permenam—211
566 1761 744 1786 cunctantem
766 1760 852 1786 ornat
865 1767 874 1794 ;

158 1799 193 1823 ut
225 1799 334 1833 tenax3
355 1802 386 1826 et
407 1807 436 1826 v.
464 1798 519 1827 137
544 1796 619 1825 lento
640 1796 742 1825 vimine
762 1806 875 1829 ramus,

158 1834 271 1872 quippe
295 1845 332 1864 ex
364 1846 449 1865 auro.
470 1836 519 1865 Sic
542 1836 578 1865 ΙΙ
603 1836 657 1865 Ge.
681 1835 750 1864 236.
778 1834 876 1874 ylebas

156 1877 321 1903 cunctantes
330 1874 460 1904 dixerat.

196 1912 391 1950 212ἰη9νατο,
406 1913 518 1949 malim,
531 1917 566 1942 ut
580 1912 705 1942 Servius
719 1911 813 1941 altero
828 1911 873 1940 lo-

158 1959 195 1978 co
211 1951 306 1988 ponit,
328 1952 453 1990 gratiam
476 1962 529 1981 nec
547 1951 683 1981 sentienti
705 1962 758 1980 nec
779 1951 872 1980 refer-

157 1989 228 2018 enti.
281 1990 340 2019 Est
364 1994 528 2023 ἀναίσθητον
553 1997 644 2024 σῶμα,
665 1994 695 2019 et
715 1990 754 2019 ll.
779 2003 809 2024 ω,
833 1990 873 2018 54

159 2031 235 2064 κωφὴ
257 2030 420 2063 γαῖα-215
448 2040 555 2068 rogum
585 2033 764 2058 struxerunt
783 2029 873 2057 taedis

158 2065 320 2104 pinguibus
341 2073 372 2097 et
394 2069 482 2107 lignis
497 2069 588 2103 fissis,
604 2069 642 2096 cf.
657 2068 748 2097 Iliad.
765 2073 798 2102 ψ,
814 2068 871 2096 164

160 2106 390 2142 8qq.sr0›1dil)us
401 2108 475 2136 atris
487 2107 625 2136 Intexunt
639 2106 741 2141 latera,
755 2111 870 2140 ornate,

159 2142 273 2186 faciunt
284 2144 379 2174 latera
391 2156 431 2175 ex
451 2147 542 2175 ramis
567 2151 598 2175 et
618 2145 707 2184 lignis
730 2146 871 2174 arborum

161 2182 381 2219 mgricantiuxn,
417 2189 450 2213 ut
481 2185 578 2214 tristis
606 2190 748 2223 aspectus
778 2189 872 2213 esset.

161 2221 259 2249 —218
272 2221 369 2250 latices
383 2222 502 2257 calidos,
515 2224 554 2252 cf.
569 2223 659 2252 Iliad.
671 2236 698 2257 cr,
712 2224 771 2252 349
787 2233 821 2261 sq
846 2232 870 2251 .:

162 2258 279 2297 Odyss.
297 2273 329 2294 ω,
346 2261 385 2289 44
403 2262 640 2300 sq.—expediunt
651 2266 685 2291 ut
699 2262 727 2296 I,
746 2262 801 2291 177
819 2234 858 2290 ge

160 2307 253 2326 rerem
274 2299 435 2337 expediunt,
454 2301 624 2337 proferunt.
646 2303 764 2339 (parant
778 2301 872 2334 P..)—

159 2337 210 2365 Ad
217 2347 246 2365 v.
254 2338 312 2366 219
320 2337 443 2366 Servius
454 2339 555 2367 laudat
562 2349 682 2368 versum
690 2339 868 2368 Ennianum:

165 2375 320 2414 Tarquinii
333 2386 437 2415 empus
446 2376 638 2415 bonasemina
651 2377 721 2407 lavit
737 2383 764 2407 et
777 2377 870 2406 unxit.

199 2414 355 2444 220-—225
391 2415 510 2453 Corpus
547 2417 693 2446 collocant
720 2417 749 2445 in
777 2416 869 2451 lecto,

162 2456 246 2481 veste
259 2457 375 2492 tegunt,
396 2454 561 2491 repositum
582 2455 610 2483 in
630 2455 741 2484 feretro
763 2455 801 2484 ad
816 2465 865 2483 ro-

160 2500 230 2528 gum
244 2497 374 2530 portant,
393 2493 484 2531 (222)
510 2503 583 2531 rogo
607 2493 779 2531 impositum
801 2503 866 2522 cre-

161 2534 260 2567 mant3
282 2531 375 2560 cf.11.
397 2545 428 2565 ω,
451 2532 508 2560 785
530 2541 595 2570 sqq.
617 2531 764 2561 Velamina
784 2536 865 2567 nola,

161 2577 201 2596 ex
215 2568 296 2607 loqu.
310 2580 367 2599 usu
383 2570 438 2609 (cf.
453 2570 504 2599 inf.
518 2569 582 2603 XI,
598 2571 664 2600 195.
680 2572 765 2608 196),
779 2571 866 2600 aliter

158 2606 212 2634 vix
247 2607 387 2646 accipias,
417 2619 517 2647 quam,
544 2609 654 2646 quihus
688 2609 765 2647 ipse,
793 2610 865 2638 dum

159 2645 292 2679 vivebat,
306 2657 380 2675 usus
395 2653 470 2676 erat.
490 2647 643 2684 subjectam
655 2652 780 2682 tenuere,
797 2648 826 2677 h.
839 2657 866 2676 e.

162 2684 336 2723 subjiciunt,
357 2686 508 2724 subdunt3
531 2696 606 2715 more
627 2691 781 2725 parentum
800 2688 869 2716 Ser-

914 1756 999 1785 vius:
1018 1760 1038 1773 ‘¹
1050 1755 1315 1800 propinquioribus
1327 1753 1404 1783 enim
1414 1750 1510 1781 virilis
1524 1758 1616 1780 sexus

914 1795 970 1824 hoc
986 1795 1114 1824 dabatur
1133 1793 1295 1824 officium.''
1335 1792 1395 1822 Sed
1414 1791 1528 1820 dictum
1543 1793 1618 1832 puto

913 1844 989 1872 pro:
1022 1844 1104 1862 more
1128 1838 1257 1871 patrum,
1287 1833 1445 1870 majorum.
1484 1829 1562 1858 Mox
1587 1837 1619 1871 in

913 1873 1013 1910 ignem
1034 1872 1140 1910 conjici
1162 1876 1235 1910 puta
1248 1876 1310 1905 tus„
1331 1870 1448 1904 oleum3
1469 1868 1521 1896 sed
1546 1865 1619 1904 quid

911 1912 1018 1949 dapes?
1044 1912 1150 1946 verbo,
1181 1914 1267 1948 puto,
1301 1907 1459 1938 sacrificali
1492 1913 1620 1943 corpora

911 1950 1014 1984 boum,
1036 1959 1134 1984 suum,
1155 1949 1266 1983 ovium,
1289 1949 1335 1986 (v.
1348 1947 1401 1976 inf.
1412 1945 1538 1975 X1.197
1553 1943 1619 1988 sq.)

912 1989 1110 2022 victimarum,
1127 1998 1208 2017 caesa
1222 1992 1252 2016 et
1266 1988 1295 2016 in
1310 1987 1409 2024 ignem
1422 1985 1540 2022 injecta,
1557 1992 1618 2019 sig-

912 2027 1014 2056 nificat
1034 2029 1132 2065 poeta.
1152 2027 1192 2056 cf.
1207 2026 1247 2055 Il.
1261 2031 1296 2060 ψ,
1318 2026 1376 2055 166
1397 2034 1481 2062 sqq-z
1504 2021 1617 2059 odyss.

911 2080 942 2100 ω,
963 2067 1012 2095 65.
1569 2097 1575 2103 ·

949 2105 1007 2133 227
1027 2114 1132 2143 rogum
1152 2107 1184 2133 et
1203 2103 1319 2132 cineres
1333 2102 1534 2138 conspergunt
1546 2105 1616 2125 vino

911 2153 950 2173 ex
965 2153 1057 2177 more,
1079 2153 1166 2181 quem
1180 2142 1265 2170 nidor
1287 2145 1318 2170 et
1331 2140 1410 2168 calor
1426 2138 1550 2167 suadere
1565 2135 1617 2163 de-

911 2182 986 2212 buit.
1001 2182 1100 2210 carlum
1113 2181 1195 2210 dixit
1207 2190 1261 2218 pro
1278 2189 1368 2208 urna:
1389 2180 1491 2214 φιάλην
1505 2183 1616 2203 memo-

910 2226 1028 2250 raverat
1041 2221 1194 2250 Homerus
1210 2219 1249 2247 Il.
1264 2222 1298 2252 ψ,
1318 2218 1376 2246 253
1391 2220 1421 2245 et
1434 2218 1566 2248 λάρνακα,
1582 2225 1615 2246 ω,

860 2277 873 2283 ·
910 2260 1041 2289 795..de
1062 2258 1189 2288 Achillis
1213 2256 1365 2286 cineribus
1388 2259 1502 2289 χρύσεον
1530 2255 1615 2295 ἀμφε-

911 2302 1001 2335 φορῖςα
1015 2299 1074 2327 Od.
1090 2310 1120 2331 ω,
1142 2297 1191 2326 74.
1234 2295 1403 2334 Coryuoeum
1424 2301 1497 2321 vero
1521 2299 1616 2334 noim-

909 2344 968 2371 nat,
990 2336 1126 2375 quoniam
1151 2335 1249 2374 poetae
1272 2333 1370 2362 omnia
1382 2331 1502 2361 definite
1525 2333 1616 2358 etiam

933 2387 965 2405 er
978 2385 1121 2414 personas
1135 2373 1285 2403 efferenda
1299 2376 1378 2416 sunt.
1416 2371 1498 2399 Nota
1512 2376 1614 2411 urnaqu

932 2436 939 2444 .
953 2415 972 2443 l.
989 2425 1026 2443 ex
1042 2424 1100 2442 iere
1114 2424 1120 2441 :
1142 2414 1228 2451 cujus
1244 2420 1362 2450 generis
1383 2419 1439 2439 non
1457 2416 1563 2446 pauca,
1584 2416 1613 2434 in

908 2453 1016 2498 primis
1027 2463 1081 2491 per
1092 2452 1211 2480 Italiam
1221 2450 1403 2483 inferiorem,
1418 2450 1535 2490 reperta
1547 2448 1616 2473 sunt

908 2502 939 2521 in
963 2491 1123 2529 sepulcris,
1141 2489 1212 2519 olim
1236 2489 1313 2518 falso
1338 2491 1458 2517 etrusca
1468 2524 1473 2529 Ι
1484 2485 1614 2514 dicta.—

907 2531 968 2560 229
992 2529 1182 2568 Exquisitius
1205 2527 1390 2565 circumferre
1414 2533 1506 2554 soc-zos
1527 2521 1614 2555 unda,

910 2579 997 2607 quam
1007 2569 1110 2596 undum
1121 2567 1199 2596 circa
1206 2566 1309 2595 socios.
1317 2563 1469 2594 Lustratio
1477 2563 1544 2607 llaec
1554 2561 1614 2604 fac-

912 2613 942 2636 to
957 2608 1059 2636 funere
1076 2606 1230 2635 sollennis.
1243 2604 1320 2643 felis
1332 2603 1418 2637 oliva,
1434 2611 1510 2644 quia·
1525 2606 1613 2629 enam

913 2645 1011 2676 insolam
1020 2645 1148 2678 obusta,
1158 2644 1268 2678 Ge.11‚
1280 2644 1336 2672 314
1346 2642 1458 2671 sterilis
1466 2644 1495 2669 ct
1505 2639 1615 2667 infaus-

914 2678 972 2714 tus.
989 2683 1142 2713 novissima
1154 2682 1255 2713 verba:
1273 2687 1343 2712 nota
1356 2691 1402 2711 res
1417 2692 1423 2710 ;
1440 2679 1525 2708 vale.
1537 2679 1613 2706 Ave.
