1796 3077
562 268 832 308 AENEIDOS.

890 267 990 307 LIB.
1023 265 1094 307 lx.

106 390 382 444 Comportare
398 390 520 444 juvat
539 391 721 445 praedas,
743 397 786 431 et
806 390 944 432 vivere
964 397 1101 445 rapto.

104 447 242 488 Vobis
262 448 376 502 picta
396 462 519 488 croco
538 455 580 488 et
600 447 776 502 fulgenti
796 448 953 488 murice
973 449 1099 489 vestis
1119 463 1129 497 3

107 503 298 545 Desidiae
318 505 457 554 cordi3
482 506 603 559 juvat
624 504 843 558 indulgere
863 504 1053 553 choreis3

105 560 166 601 Et
185 562 338 602 tunicae
358 562 555 611 manicas,
587 568 630 602 et
649 561 809 601 habent
829 561 1074 602 redimicula
1094 561 1241 602 mitrae.

105 618 146 658 O
168 633 265 659 vere
287 618 500 673 Phrygiae,
521 633 659 672 neque
681 618 790 658 enim
803 617 1012 672 PhrygeS,
1032 619 1088 659 ite
1110 633 1187 672 per
1207 617 1291 658 alta

104 674 343 729 Dindyma3
375 676 449 716 ubi
479 677 656 717 assuetis
675 674 854 715 biforem
875 674 949 715 dat
968 675 1070 715 tibia
1091 682 1273 716 cantum.

104 731 329 786 Tympana
347 747 420 773 vos
441 733 666 786 buxusque
682 738 835 772 vocant

104 788 246 830 Idaeae.

309 789 441 830 Sinite
461 804 575 829 arma
595 789 704 837 viris,
733 795 776 828 et
795 789 931 829 cedite
951 788 1079 830 ferro.

855 730 1110 785 Berecyntia
1131 731 1284 772 Matris
1476 786 1561 828 690

163 845 287 886 Talia
303 847 536 899 jactantem
555 846 690 893 dictis,
712 859 761 885 ac
782 845 873 884 dira
893 852 1125 894 canentem,

106 903 210 943 Non
230 902 324 943 tulit
339 901 550 943 Ascanius
567 918 576 951 ;
608 915 821 954 nervoque
842 902 1044 942 obversus
1065 902 1220 955 equino

105 959 294 1000 Intendit
314 958 456 1008 telum,
479 959 728 1012 diversaque
747 957 922 998 brachia
942 958 1101 999 ducens

107 1016 320 1065 Constitit,
340 1024 438 1056 ante
459 1015 610 1056 Jovem
630 1013 811 1068 supplex
831 1029 909 1068 per
929 1022 1026 1055 vota
1045 1023 1267 1069 precatus:

105 1072 276 1126 Jupiter
297 1073 573 1127 omnipotens,
591 1071 823 1112 audacibus
844 1086 981 1112 annue
1002 1071 1171 1126 coeptis.

1478 1070 1562 1111 625

106 1129 205 1183 Ipse
227 1130 304 1170 tibi
324 1130 379 1170 ad
396 1137 471 1170 tua
485 1128 643 1183 templa
662 1127 794 1169 feram
814 1128 1032 1169 sollemnia
1047 1129 1172 1178 dona,

109 1186 170 1226 Et
190 1193 371 1226 statuam
391 1193 488 1226 ante
510 1200 603 1226 aras
623 1191 771 1225 aurata
790 1184 930 1225 fronte
945 1186 1174 1239 juvencum

105 1242 383 1292 Candentem,
404 1243 648 1297 pariterque
668 1248 798 1295 caput
817 1255 913 1281 cum
932 1249 1066 1282 matre
1086 1242 1304 1292 ferentem,

106 1299 205 1341 Jam
225 1314 356 1341 cornu
374 1306 506 1354 petat,
522 1306 565 1340 et
582 1298 766 1353 pedibus
781 1299 855 1351 qui
875 1304 1048 1352 spargat
1068 1313 1251 1340 arenam.

107 1355 260 1397 Audiit
280 1364 323 1397 et
343 1356 440 1398 coeli
461 1356 644 1397 Genitor
663 1355 716 1396 de
735 1362 856 1408 parte
879 1368 1027 1395 serena

1482 1354 1567 1396 630

110 1413 301 1454 Intonuit
321 1413 472 1453 laevurn
488 1430 498 1462 3
531 1418 651 1452 sonat
670 1426 755 1451 una
773 1410 915 1451 fatifer
934 1425 1071 1452 arcus·

107 1469 276 1524 Effugit
294 1469 554 1511 horrendum
574 1468 756 1509 stridens
774 1467 965 1508 adducta
985 1469 1138 1523 sagitta
1159 1485 1168 1518 ;

106 1527 278 1582 Perque
299 1534 427 1581 caput
448 1524 621 1571 Remuli
641 1525 767 1575 venit,
785 1531 828 1566 et
847 1538 950 1568 cava
973 1531 1164 1580 tempora
1185 1524 1298 1567 ferro

110 1699 200 1728 etiam
222 1709 307 1729 senes
336 1700 441 1729 armati
460 1709 563 1729 sumus
578 1703 608 1728 et
630 1699 817 1728 militamus:

109 1743 144 1766 ut
158 1739 220 1768 fere
236 1739 366 1768 barbari.
405 1739 457 1767 Sic
472 1743 502 1768 et
516 1737 718 1776 antiquissimi
733 1738 818 1766 Grae-

111 1777 140 1805 ci
166 1787 215 1815 ap.
229 1777 642 1816 Thucydidem.—6l4-620
665 1776 766 1806 Etiam
788 1775 818 1804 hi

111 1825 219 1844 versus
240 1816 316 1845 inter
336 1816 562 1845 ornatissimos:
584 1815 726 1844 notabilis
746 1824 820 1853 quo-

111 1864 168 1891 que
184 1855 342 1884 rhetoricae
353 1855 478 1893 propior
490 1855 639 1883 tractatio.
680 1854 818 1892 Phryges

110 1903 178 1921 cum
194 1893 334 1930 Trojanis
358 1894 534 1932 permisceri
557 1898 588 1922 et
610 1897 758 1930 tamquam
782 1893 819 1921 ab

110 1932 213 1960 eadem
241 1933 335 1970 stirpe
354 1933 508 1970 profectos
528 1932 642 1963 haberi,
662 1932 724 1969 jam
746 1931 820 1960 alias

110 1970 259 1999 vidimus:
290 1975 324 1999 ut
348 1971 451 2000 statim
471 1972 541 2000 AEn.
564 1971 592 2005 I,
614 1971 682 1999 468.
722 1970 823 1999 Iidem

114 2009 242 2038 mollitie
269 2014 301 2038 et
324 2010 398 2038 luxu
412 2010 554 2041 infames:
583 2009 823 2048 qnandoquidem

112 2048 216 2085 primi,
239 2058 307 2076 cum
322 2049 496 2077 Maeonihus
516 2058 570 2077 seu
594 2047 701 2085 Lydis,
722 2048 751 2076 in
768 2047 823 2075 mi-

112 2095 185 2115 nore
199 2087 274 2115 Asia
299 2087 408 2126 opibus
431 2087 650 2120 excelluerunt,
674 2086 823 2124 inprimis

112 2134 281 2162 pauperum
295 2126 480 2160 colonorum,
501 2126 552 2164 qui
568 2136 584 2155 e
599 2125 718 2154 Graecia
734 2125 824 2153 adve-

114 2168 230 2198 nerant,
249 2164 376 2201 judicio.
425 2166 505 2193 Ante
526 2164 630 2193 oculos
654 2168 753 2192 autem
773 2163 825 2192 ha-

115 2201 182 2230 buit
205 2204 295 2239 poeta
317 2203 432 2241 aliquot
452 2203 520 2232 loca
537 2202 703 2232 Homerica
722 2202 782 2231 Od.
799 2206 824 2237 θ,

112 2241 184 2269 248.
203 2241 262 2269 249
275 2242 313 2270 de
327 2241 506 2270 Phaeacibus
522 2246 553 2270 et
568 2243 606 2271 11.
621 2255 652 2275 ω,
678 2243 746 2270 261.
761 2245 823 2269 tum

115 2279 146 2307 in
161 2277 223 2307 illis
238 2289 244 2307 ε
269 2279 296 2308 Ο
308 2289 373 2308 vere
386 2280 528 2318 Phryyiae
542 2281 580 2309 Il.
593 2285 624 2317 β,
636 2281 693 2309 235
709 2291 715 2308 :
740 2281 825 2314 m96.

115 2318 213 2346 —614
227 2322 341 2346 vestem
363 2318 449 2347 aliam
468 2325 630 2353 crocotam,
651 2319 739 2348 aliam
753 2328 824 2357 pur-

114 2366 239 2394 puream
249 2356 395 2394 intellige,
410 2360 566 2396 utramque
575 2358 708 2396 Phrygio
721 2367 825 2395 opere,

115 2405 171 2423 acu
186 2395 307 2433 pictam.
347 2395 476 2424 Das-idios
498 2397 595 2425 cordi:
616 2406 682 2434 pro,
704 2395 825 2430 desidia,

114 2433 278 2472 indulgetis
291 2434 389 2462 deSidi
402 2434 484 2463 Vitae.
496 2438 564 2471 φίλη
583 2438 683 2469 κίθαρίς·
702 2447 732 2463 τε
748 2437 828 2469 χοροί

112 2485 155 2500 τε.
169 2473 268 2501 -616
289 2473 399 2501 tunicae
414 2473 578 2508 manioatae,
600 2477 764 2508 χειριδωτοὶ,
787 2474 826 2501 cf.

119 2512 196 2540 Stat.
210 2511 275 2539 vll
292 2511 385 2540 Theb.
407 2512 476 2545 657,
498 2512 577 2541 Gell.
588 2513 666 2546 VII,
681 2514 730 2541 12.
770 2512 827 2540 Er-

118 2549 196 2577 nesti
210 2549 290 2579 clav.
310 2550 374 2578 Cic.
396 2559 421 2578 s.
445 2560 476 2578 v.
497 2550 672 2579 manicatus.
694 2554 756 2580 tum
775 2550 830 2578 mi-

118 2591 174 2616 troe
201 2597 266 2625 quoe
298 2588 465 2617 redimicula
499 2589 613 2623 habent,
645 2589 698 2618 int.
730 2589 830 2627 pileos

121 2626 276 2664 Phrygios
289 2627 415 2656 fimbriis
429 2627 581 2666 pendulis,
604 2627 714 2665 quibus
728 2631 828 2656 mento

121 2664 283 2703 subligatis
312 2666 398 2695 malae
433 2675 467 2694 ac
501 2670 637 2704 tempora
663 2670 827 2704 teguntur:

121 2703 202 2732 conf.
218 2704 256 2732 ad
275 2703 328 2732 lib.
352 2704 410 2739 IV,
422 2705 501 2741 216;
521 2705 598 2733 male
608 2704 748 2742 plerique
766 2714 830 2733 om-

120 2751 174 2772 ues
194 2742 296 2773 mitras
311 2743 496 2779 Graecorum,
509 2743 686 2779 diademata,
703 2752 771 2772 cum
784 2743 830 2772 his

857 1698 1003 1738 Phrygiis
1025 1698 1322 1730 confundunt—617
1341 1699 1434 1729 Sacra
1451 1708 1566 1738 magnae

857 1739 964 1767 matris
989 1739 1087 1773 deum,
1117 1740 1222 1769 matris
1249 1739 1344 1773 ldaeae,
1369 1738 1513 1777 Cybeles,
1538 1738 1570 1766 in

859 1776 1022 1816 Dindymo,
1036 1778 1180 1816 Phrygiae
1194 1782 1311 1807 monte:
1333 1780 1368 1805 τὰ
1383 1781 1501 1812 Δίνδυμσ.
1518 1781 1567 1810 ὅρη

859 1815 898 1843 cf.
912 1815 958 1849 X,
972 1816 1046 1845 252:
1070 1817 1128 1851 VI,
1149 1817 1207 1846 785
1220 1827 1265 1855 sq.
1288 1822 1320 1845 et
1333 1816 1388 1845 hoc
1401 1817 1453 1845 lib.
1476 1825 1506 1845 v.
1519 1816 1570 1844 82.

858 1854 927 1890 (Sic
938 1854 1032 1883 Hom.
1041 1855 1080 1883 Il.
1091 1859 1123 1892 β,
1133 1855 1192 1884 ⁶235
1203 1857 1336 1890 Ἀχαιΐδες
1344 1857 1389 1883 οὐκ
1398 1857 1435 1883 ἔτ’
1446 1852 1566 1888 Ἀχαιοὶἱ

859 1893 916 1930 R.)
928 1893 1029 1928 buxus,
1043 1894 1223 1923 tibia—621
1239 1898 1383 1923 canentem
1403 1893 1504 1931 simpl.
1523 1892 1569 1922 di-

861 1936 989 1966 centem,
1009 1932 1228 1962 vociferantem.

899 1971 959 1999 622
982 1970 1125 2000 obuersus
1136 1971 1256 2000 intendit
1266 1969 1362 2000 telum.
1375 1970 1471 1999 Aliter
1482 1978 1570 1998 arcus

862 2009 1009 2044 tenditur,
1039 2009 1126 2039 aliter
1160 2010 1286 2048 sagitta3
1330 2009 1397 2038 haec
1417 2008 1572 2047 dirigitur.

863 2046 915 2075 Sic
931 2048 990 2076 590
1004 2047 1121 2077 celerem
1134 2048 1288 2077 intendisse
1301 2047 1449 2086 sayittam,
1464 2055 1497 2076 ut
1513 2048 1573 2076 606

861 2085 971 2123 spicula
998 2087 1112 2115 tendere
1144 2096 1369 2116 eornm—nervo
1392 2085 1507 2124 equino,
1539 2088 1574 2113 ut

863 2125 974 2153 chorda
989 2134 1074 2154 arcus
1088 2126 1151 2154 sive
1163 2135 1201 2154 ex
1217 2125 1291 2154 setis
1313 2125 1353 2154 sit
1374 2124 1439 2152 sive
1454 2134 1493 2153 ex
1507 2127 1574 2152 ten-

863 2163 985 2192 dinibus
1020 2168 1050 2192 et
1079 2163 1178 2193 nervis
1211 2163 1457 2202 equinis.—-626
1485 2163 1572 2196 dona,

865 2202 1056 2236 sacrificium,
1077 2208 1109 2230 ut
1132 2202 1221 2231 toties
1242 2203 1342 2240 poe'ta.
1380 2201 1465 2229 Male
1486 2201 1573 2230 Serv.

864 2241 902 2268 de
922 2241 1063 2269 donariis.
1082 2242 1139 2269 627
1160 2241 1199 2269 cs.
1221 2241 1283 2270 Od.
1302 2254 1330 2275 γ,
1352 2240 1410 2268 352
1428 2240 1574 2277 sq.—-628

865 2283 949 2317 caput
964 2289 1027 2307 cnm
1041 2283 1131 2307 nuttre
1137 2281 1290 2316 ferentem,
1312 2279 1460 2312 adultum,
1472 2288 1574 2317 aequa-

863 2317 923 2346 lem
944 2316 1044 2346 nialrl.
1083 2321 1247 2353 ’[σομάτορα
1276 2321 1360 2351 ἀμνὸν
1381 2326 1420 2346 ex
1444 2317 1575 2346 Theocr.

865 2356 915 2385 Id.
938 2371 963 2391 η,
986 2358 1023 2385 14
1045 2357 1162 2386 dixeris
1179 2367 1208 2385 v.
1229 2356 1288 2385 629
1303 2360 1335 2385 et
1348 2355 1415 2384 Eel.
1434 2356 1502 2390 ΙΙΙ,
1521 2357 1573 2385 87.

864 2394 1096 2434 legitur.—631.
1123 2400 1207 2423 sonat
1226 2406 1295 2424 uua.
1334 2397 1413 2429 Δίγξε
1433 2398 1496 2431 βιὸς
1515 2399 1577 2424 etc.

868 2434 905 2462 Il.
922 2439 948 2468 ὅ,
972 2435 1038 2463 125.
1059 2434 1099 2462 of.
1119 2434 1182 2467 XI,
1202 2435 1271 2463 863.
1291 2433 1419 2462 4.-632
1439 2433 1573 2468 αᾱᾱιιεία,

867 2473 1000 2502 adducto
1022 2483 1093 2501 arcu
1111 2472 1268 2501 concitata.
1308 2472 1434 2510 Proprie
1457 2472 1576 2501 adduci-

867 2515 916 2540 tur
936 2521 1042 2547 arcus;
1062 2521 1128 2540 cum
1145 2521 1182 2539 eo
1203 2511 1322 2550 sagitta,
1337 2515 1412 2545 tum,
1432 2521 1499 2550 quae
1522 2511 1574 2539 ad-

870 2551 961 2578 ducto
982 2560 1051 2578 areu
1071 2549 1171 2578 evolat
1191 2552 1311 2589 sagitta,
1337 2550 1438 2588 poetae
1459 2554 1489 2579 et
1508 2549 1576 2587 ipsa

870 2589 1003 2621 adducta,
1024 2588 1201 2622 accelerata,
1223 2588 1366 2622 admissa,
1380 2588 1451 2617 ,dici
1468 2588 1578 2626 potuit.

868 2627 925 2655 nisi
953 2626 1040 2655 malis
1064 2627 1096 2654 in
1121 2636 1158 2655 eo
1179 2637 1308 2662 manere,
1335 2632 1370 2655 ut
1392 2627 1500 2665 sagitta
1520 2626 1573 2654 ad-

868 2666 958 2694 ducta
977 2665 1096 2694 dicatur
1123 2665 1210 2695 nervi
1230 2670 1392 2704 respectu:
1428 2665 1465 2694 ad
1486 2673 1575 2702 quem

869 2704 981 2742 sagitta
1007 2704 1148 2739 adducta,
1169 2705 1299 2739 admota,
1321 2704 1349 2733 ei
1369 2703 1509 2741 imposita
1529 2702 1577 2730 su-

870 2746 944 2772 erat.
965 2743 1136 2773 horrendum
1155 2742 1280 2773 stridens
1296 2742 1458 2782 jungenda.
1497 2743 1577 2775 Aemi,
