1796 3077
593 243 861 282 AENEIDOS.

919 244 1021 283 ΜΒ.
1052 244 1123 282 vi.
1522 255 1612 300 421

170 361 281 408 Quae
296 369 440 404 contra
459 364 644 405 breviter
662 363 749 405 fata
763 371 827 405 est
848 364 1107 420 Amphrysia
1120 373 1235 407 vates
1252 383 1262 408 ε

168 417 312 461 Nullae
328 419 396 462 hic
416 420 576 462 insidiae
597 421 725 470 tales3
757 422 912 463 absiste
934 423 1113 472 moveri3

168 473 264 517 Nec
283 477 365 518 vim
384 477 468 518 tela
487 478 641 520 ferunt.

702 479 825 520 Licet
845 481 991 534 ingens
1006 480 1164 533 janitor
1183 488 1301 521 antro
1528 484 1613 523 40&

168 531 397 576 AEternum
416 534 571 577 latrans
592 550 828 590 exsangues
848 542 1006 577 terreat
1025 537 1219 587 umbras3

167 588 295 631 Casta
313 589 412 634 licet
429 593 569 647 patrui
587 599 725 634 servet
741 592 996 647 Proserpina
1014 592 1153 635 limen.

165 644 323 688 Troius
342 648 520 699 AEneas,
542 650 698 704 pietate
719 649 891 704 insignis
912 657 954 691 et
974 651 1114 699 armis,

164 701 239 744 Ad
259 705 492 759 genitorem
511 706 614 748 imas
635 706 770 747 Erebi
785 707 1004 748 descendit
1024 707 1079 747 ad
1099 707 1282 748 umbras..

164 759 211 800 Si
230 768 272 802 te
288 761 402 804 nulla
419 770 560 805 movet
578 770 708 804 tantae
722 763 890 818 pietatis
908 764 1047 818 imago
1063 779 1073 813 3
1528 766 1613 806 405

164 815 224 857 At
243 833 403 861 ramum
421 819 535 861 hunc
555 818 708 874 (aperit
728 835 901 869 ramum,
919 821 993 875 qui
1012 828 1128 861 veste
1148 819 1329 873 latebat)

161 872 400 928 Agnosces.

161 929 257 972 Nec
274 931 396 985 plura
414 931 495 974 his.

457 875 644 918 Tumida
663 891 717 917 ex
735 877 800 918 ira
819 884 907 918 tum
928 877 1058 918 corda
1079 878 1280 918 resi-alunt.

553 932 628 975 Ille
644 934 854 975 admirans
874 933 1111 976 venerabile
1133 935 1290 976 donum

161 986 318 1029 Fatalis
333 989 476 1045 virgae,
496 989 624 1045 longo
644 998 741 1045 post
756 998 947 1046 tempore
967 992 1113 1041 visum,

160 1043 397 1088 Caeruleam
415 1047 596 1089 advertit
616 1048 806 1102 puppim,
826 1050 1015 1102 ripaeque
1035 1049 1305 1103 propinquat.
1528 1051 1611 1090 410

160 1100 267 1142 Inde
286 1102 388 1144 alias
407 1104 576 1153 animas,
598 1119 694 1158 quae
713 1119 792 1158 per
804 1105 911 1159 juga
929 1104 1057 1160 longa
1077 1106 1295 1155 sedebant,

158 1156 388 1208 Detur-bat,
403 1159 603 1215 laxatque
616 1160 757 1202 foros:
787 1161 908 1202 simul
925 1163 1078 1216 accipit
1093 1161 1212 1204 alveo

154 1213 376 1269 Ingentem
397 1216 582 1259 AEnean.

641 1217 819 1258 Gemuit
839 1219 917 1258 sub
937 1219 1126 1273 pondere
1148 1219 1298 1274 cymba

156 1271 315 1322 Sutilis,
335 1280 378 1315 et
397 1274 568 1315 multam
587 1275 751 1329 accepit
770 1276 924 1315 rimosa
938 1274 1153 1330 paludem.

155 1327 350 1370 Tandem
369 1337 484 1372 trans
502 1331 676 1372 fluvium
695 1331 913 1373 incolumis
932 1340 1155 1387 vatemque
1175 1333 1393 1386 virumque
1525 1334 1608 1374 415

155 1383 330 1427 Informi
348 1386 446 1428 limo
466 1387 699 1442 glaucaque
719 1390 895 1444 exponit
912 1390 955 1428 in
975 1388 1084 1429 ulva.

213 1443 426 1484 Cerberus
446 1444 538 1486 haec
558 1446 706 1500 ingens
725 1444 879 1486 latratu
897 1459 1027 1499 regna
1044 1444 1210 1486 trifauci

154 1497 377 1550 Personat,
397 1501 575 1543 adverso
595 1503 803 1545 recubans
822 1503 1011 1544 immanis
1030 1503 1073 1543 in
1093 1508 1227 1543 antro.

150 1634 256 1665 ἄλοχος
290 1634 528 1664 &eunocum—398
556 1633 738 1673 Amphrysia
769 1637 858 1662 vate-9·

151 1669 256 1708 Longe
268 1671 396 1709 petitum
411 1673 562 1711 epitheton
573 1684 642 1702 cum
653 1672 760 1701 Servio
772 1676 859 1701 vocat

154 1707 356 1739 Burmannus.
405 1711 567 1742 Enimvero
595 1722 649 1741 cur
682 1717 743 1740 tam
771 1710 857 1750 longe

150 1750 268 1784 petunt,
290 1748 326 1776 ab
348 1749 532 1790 Amphryso,
559 1750 724 1780 Thessaliae
748 1749 790 1784 ss.,
820 1751 857 1779 ad

151 1795 240 1823 quem
254 1787 366 1824 Apollo
385 1789 470 1826 pavit
491 1800 595 1828 greges
612 1791 661 1829 (v.
682 1788 799 1817 Gallim.
812 1788 855 1817 H.

150 1823 182 1851 in
204 1824 263 1863 Ap.
277 1826 316 1854 48
337 1830 368 1855 et
388 1837 455 1866 sup.
473 1829 527 1858 Ge.
556 1828 620 1862 III,
640 1827 694 1867 2)?
714 1836 781 1856 curn
799 1827 857 1856 alia

150 1867 233 1892 esset
245 1864 448 1903 Amphrysus,
469 1867 516 1897 vel
532 1867 712 1906 Ambrysus,
732 1866 760 1894 in
774 1866 854 1894 Pho-

149 1901 218 1930 cide
232 1901 261 1931 in
275 1903 465 1941 Delphorum
487 1906 604 1941 vicinia,
626 1910 658 1935 ut
680 1905 750 1933 ideo
775 1904 854 1933 idem

150 1939 190 1968 sit
204 1950 238 1969 ac
256 1941 405 1980 Delphica
420 1949 515 1979 vates,
536 1945 669 1974 Cirrhaea
692 1948 788 1973 vates,
803 1943 854 1971 ab·

148 1978 218 2007 siste
232 1981 353 2017 moveri,
367 1982 537 2013 nost—402
550 1988 642 2012 servet
655 1983 748 2011 limen.
785 1983 855 2011 Ser-

148 2021 200 2046 vat
213 2019 344 2055 domum,
367 2020 467 2056 limen,
494 2022 667 2056 thalamum,
697 2031 734 2050 ex
759 2022 855 2050 veteri

148 2056 314 2094 (imprimis
335 2060 522 2095 Graecorum,
543 2061 595 2090 ubi
607 2061 747 2090 mulieres
770 2064 854 2090 κατά-

151 2100 272 2138 κᾈειστοι
298 2102 329 2126 et
352 2101 573 2135 θαλαμενὸμεναι
599 2101 769 2133 laudantur,
796 2100 853 2136 R·)

147 2135 270 2163 vivendi
292 2136 417 2173 ratione,
438 2139 544 2168 mulier
557 2143 649 2174 casta,
671 2138 762 2176 frugi,
781 2148 853 2176 qua-

147 2175 235 2201 tenus
250 2179 443 2212 conspectum
457 2177 589 2207 virorum
604 2177 693 2216 sugit,
708 2176 787 2205 intra
799 2177 852 2206 do-

146 2220 227 2239 mum
242 2221 275 2240 se
296 2214 437 2249 continet,
457 2215 486 2244 in
499 2216 654 2255 publiclun
669 2226 725 2245 nou
740 2216 851 2254 prodit.

146 2250 223 2278 conf.
237 2250 289 2278 inf.
301 2251 378 2286 VII,
396 2253 446 2282 52.
459 2256 508 2284 53.
522 2255 586 2284 licet
596 2259 716 2289 terreat,
738 2259 831 2284 servet
838 2263 849 2291 7·

145 2297 201 2325 per
214 2298 279 2323 nos,
309 2299 364 2328 per
383 2291 507 2322 AEneam
520 2294 611 2331 licet,
631 2294 783 2323 Cerberus
806 2293 850 2322 in-

144 2330 244 2356 tactus
259 2333 376 2357 maneto
398 2340 466 2359 cum
488 2332 687 2371 Proserpina:
709 2332 739 2361 h.
753 2342 778 2362 e.
794 2342 850 2361 nec

143 2374 210 2394 cum
236 2366 372 2396 Hercule
409 2368 571 2400 Cerberum
597 2371 767 2405 abducturi,
794 2381 849 2400 nec

143 2414 212 2433 cum
239 2405 357 2435 Theseo
379 2406 602 2446 Proserpinam,
626 2410 848 2439 descendimus.

145 2445 241 2473 —407
259 2445 333 2473 Viso
347 2455 429 2474 ramo
442 2457 531 2476 aureo
550 2448 666 2478 Charon
691 2448 827 2487 placatur
839 2459 848 2486 3

144 2490 197 2510 nec
211 2482 263 2512 illa
274 2483 360 2521 plura
373 2485 418 2513 his
427 2485 593 2515 addidit.—

180 2521 240 2550 409
251 2522 370 2559 fatalis,
384 2533 472 2562 quam
488 2534 572 2553 nemo
587 2526 746 2564 decerpere
760 2530 847 2564 pote-

142 2565 200 2593 rat,
218 2560 274 2588 nisi
295 2561 344 2590 cni
361 2562 422 2591 fato
444 2573 620 2593 concessum
643 2569 729 2601 erat;
755 2564 848 2603 igitur

142 2597 295 2629 Hercules
311 2604 342 2629 et
355 2601 494 2630 Theseus
509 2612 576 2630 cum
592 2612 674 2631 ramo
692 2613 781 2632 aureo
796 2613 847 2631 ve-

142 2639 353 2669 nerana—411
371 2639 448 2678 juya
472 2641 569 2679 lonya,
598 2643 675 2675 ζυγὰ.
700 2646 848 2678 transtra,

143 2674 172 2703 h.
187 2675 207 2703 l.
222 2681 386 2712 vectorum,
406 2682 555 2715 ἐπιβατῶν,
577 2679 692 2708 sedula.
713 2680 847 2718 laxatque

134 2715 231 2749 soros,
266 2716 400 2746 tabulata
434 2722 550 2747 vacuat.
591 2717 720 2756 Egregie
751 2725 847 2747 nutem

898 1633 1056 1662 Charontis
1070 1633 1155 1663 ferox
1171 1644 1204 1663 ac
1219 1634 1329 1663 durum
1344 1635 1495 1673 ingenium
1507 1637 1606 1667 declan

897 1673 1190 1712 ratum.—Inyentem
1217 1673 1370 1710 AEueam‚·
1393 1675 1461 1713 quis
1475 1677 1607 1706 dubitari

897 1721 987 1749 posse
1002 1716 1099 1749 putet,
1117 1722 1152 1740 an
1171 1712 1208 1741 ad
1223 1713 1358 1751 corporis
1373 1714 1605 1751 magnitudinem

897 1750 1086 1779 referendum
1109 1751 1164 1779 sit!
1208 1751 1256 1779 Ita
1283 1752 1319 1779 de
1343 1752 1483 1781 heroibus
1497 1755 1608 1792 ubique

896 1788 1051 1818 Homerus
1077 1793 1107 1818 et
1137 1790 1248 1827 po'etae,
1275 1794 1308 1817 ut
1332 1790 1399 1828 ipsa
1425 1793 1564 1830 exempla
1589 1804 1607 1822 a

895 1827 994 1856 cerda
1016 1828 1106 1857 allata
1129 1828 1203 1856 satis
1222 1827 1483 1859 declam-ann—-ssl
1506 1832 1606 1869 cymba

894 1866 989 1894 sutilis
1005 1866 1069 1896 sive
1091 1877 1129 1895 ex
1144 1866 1235 1896 coriis
1256 1867 1319 1895 sive
1334 1868 1428 1896 vitilis
1442 1873 1472 1897 et
1486 1871 1605 1907 juncea.

894 1904 928 1934 Si
942 1905 1121 1934 Charontem
1146 1905 1360 1944 ngyptiorum
1385 1907 1413 1934 in
1438 1908 1534 1937 animo
1552 1909 1604 1938 ha-

894 1943 970 1978 buit,
985 1945 1022 1973 de
1037 1954 1207 1983 papyracea
1221 1945 1340 1982 cymba,
1361 1945 1445 1974 barin
1466 1947 1606 1986 AEgyptii

894 1987 1012 2018 vocant,
1029 1985 1160 2022 cogitare
1173 1983 1279 2022 potuit.

929 2022 1085 2051 417—425
1107 2023 1182 2051 Orci
1206 2026 1236 2051 et
1261 2022 1453 2060 Proserpinae
1477 2024 1601 2062 palatio,

893 2059 1005 2097 priscae
1020 2061 1091 2089 vitae
1107 2071 1200 2093 more,
1220 2061 1302 2089 canis
1321 2062 1442 2090 additus
1464 2067 1511 2091 est
1531 2074 1601 2092 cus-

893 2102 942 2127 tos
952 2099 1014 2137 jani
1028 2100 1107 2137 apud
1123 2099 1293 2128 Homerum
1309 2099 1345 2127 ll.
1361 2104 1386 2133 θ,
1401 2102 1470 2135 306,
1486 2101 1537 2130 ubi
1550 2102 1601 2132 ille

892 2146 931 2165 ex
960 2137 1060 2167 Erebo
1087 2138 1124 2166 ab
1149 2137 1282 2166 Hercule
1311 2138 1476 2175 adductus3
1498 2144 1528 2168 et
1550 2151 1599 2179 ap.

893 2175 1022 2205 Hesiod.
1036 2183 1068 2204 Θ.
1083 2177 1141 2205 709
1156 2186 1203 2214 sq.
1240 2176 1333 2213 Apud
1345 2177 1471 2205 eundem
1490 2187 1596 2210 nomen

890 2214 989 2251 ipsum
1009 2215 1136 2244 Cerberi
1154 2215 1287 2243 occurrit
1301 2225 1330 2242 v.
1347 2216 1415 2249 311,
1436 2226 1491 2244 nou
1517 2220 1597 2255 apud

891 2253 1070 2286 Homerum.
1111 2253 1202 2283 Dixit
1217 2253 1381 2290 trvfaucem,
1405 2258 1435 2282 et
1455 2255 1537 2285 fuere
1553 2258 1593 2286 si-

890 2292 973 2321 milia
991 2293 1093 2331 tmfax,
1105 2292 1197 2325 trilix,
1210 2292 1334 2330 triceps.-
1354 2302 1425 2330 ergo
1440 2298 1469 2321 et
1481 2295 1595 2326 trifaux

888 2330 1133 2370 suit.—Insurgit
1147 2340 1222 2359 nunc
1239 2330 1290 2359 ille
1312 2330 1340 2358 in
1358 2330 1498 2366 AEneam,
1520 2338 1596 2364 tam-

890 2379 978 2408 quam
996 2371 1127 2399 nondum
1148 2370 1209 2398 sato
1229 2369 1414 2404 defunctum,
1436 2381 1514 2401 novo
1538 2384 1595 2402 ex-

888 2409 988 2447 emplo
1008 2410 1076 2438 loca
1099 2409 1193 2437 infera
1217 2408 1394 2444 adeuntem3
1415 2409 1517 2448 itaque
1543 2413 1595 2443 ille

888 2447 1035 2485 placatur.
1077 2448 1207 2476 Diverse
1231 2446 1356 2475 Cerberi
1371 2446 1502 2485 placatio
1516 2454 1594 2481 trac-

888 2490 951 2514 tata
968 2490 1014 2515 est
1035 2491 1106 2523 post
1126 2485 1294 2514 Hesiodum
1316 2486 1431 2524 Theog.
1448 2490 1507 2518 769
1525 2500 1592 2530 sqq.

887 2535 904 2553 a
919 2525 1018 2553 Statio
1033 2525 1068 2554 II
1085 2524 1315 2554 'sinebam-31.
1356 2525 1500 2556 Mercurii
1516 2532 1592 2559 enim

887 2564 971 2602 virga
986 2567 1143 2592 contactus
1159 2562 1286 2601 sopitur.
1326 2563 1368 2593 At
1378 2564 1591 2603 VirgilinsAr-

886 2602 1061 2640 gonauticos
1085 2601 1250 2640 scriptores
1267 2605 1334 2631 ante
1353 2603 1458 2632 oculos
1478 2605 1592 2641 habuit,

887 2641 966 2677 apud
996 2650 1071 2678 quos
1094 2641 1195 2674 draco,
1224 2640 1307 2669 aurei
1326 2641 1450 2671 velleris
1475 2649 1591 2679 custos,

885 2680 945 2707 oss’a
962 2680 1080 2716 objecta
1095 2680 1243 2713 domatus,
1257 2684 1288 2707 ut
1299 2681 1360 2717 jain
1377 2691 1444 2718 sup.
1463 2682 1519 2715 IV,
1535 2684 1594 2713 :ir-6

886 2718 1029 2753 vidimus,
1044 2718 1095 2747 ubi
1110 2728 1144 2748 ea
1159 2719 1283 2747 draconi
1310 2719 1515 2757 Hesperidum
1537 2732 1590 2760 ap-

1196 2764 1217 2795 9
