1796 3077
186 225 283 269 238

595 222 637 260 P.
670 222 900 259 VIRGILII
932 212 1181 260 MARoNrs

183 341 280 384 Nec
300 342 447 397 procul
468 342 564 383 hinc
586 342 723 382 Rhesi
743 341 874 381 niveis
894 340 1074 381 tentoria
1094 341 1192 382 velis

183 397 391 453 Agnoscit
411 399 642 445 lacrimam,
665 398 799 451 primo
819 411 914 450 quae
935 397 1103 450 prodita
1121 412 1266 439 somno

1550 398 1633 438 470

183 455 376 510 Tydides
396 455 526 496 multa
548 455 740 495 vastabat
761 454 879 494 caede
899 461 1112 501 cruentus,

184 511 482 566 Ardentesque
504 511 653 551 avertit
672 525 803 565 equos
825 511 866 550 in
887 517 1035 559 castra,
1056 511 1173 565 prius
1195 525 1319 564 quam

182 568 345 609 Pabula
365 576 605 622 gustassent
626 567 772 621 Trojae
789 567 1097 621 Xanthumque
1120 568 1337 608 bibissent.

181 625 310 665 Parte
332 625 411 666 alia
432 625 596 679 fugiens
616 625 775 665 amissis
797 623 967 665 Troilus
988 624 1124 674 armis,

180 682 333 722 Infelix
348 697 467 735 puer,
489 689 616 735 atque
638 681 772 735 impar
792 695 1044 735 congressus
1067 678 1238 729 Achilli,

1548 682 1599 722 47
1606 683 1634 721 5

181 738 334 779 Fertur
353 739 486 792 equis,
507 752 717 791 curruque
738 737 873 778 haeret
892 739 1114 791 resupinus
1133 737 1258 786 inani,

180 794 296 835 Lora
317 802 462 836 tenens
477 803 639 844 tamen3
672 794 771 836 huic
791 795 1016 848 cervixque
1034 809 1249 848 comaeque
1267 793 1491 835 trahuntur

179 851 264 892 Per
278 860 444 901 terram,
467 860 510 893 et
523 866 643 892 versa
658 851 795 905 pulvis
816 852 1056 893 inscribitur
1076 852 1211 892 hasta.

179 908 347 949 Interea
366 909 419 949 ad
441 908 642 962 templum
662 923 746 949 non
766 923 899 962 aequae
921 908 1107 949 Palladis
1129 909 1246 949 ibant

178 965 375 1006 Crinibus
393 965 546 1006 Iliades
567 965 712 1018 passis,
734 966 990 1019 peplumque
1012 965 1204 1006 ferebant

1547 964 1630 1003 450

177 1022 436 1076 Suppliciter
456 1022 610 1070 tristes,
628 1030 670 1062 et
686 1029 820 1062 tunsae
840 1029 1015 1075 pectora
1033 1020 1179 1075 palmis
1197 1038 1207 1071 3

179 1078 292 1119 Diva
308 1078 396 1120 solo
418 1078 526 1119 fixos
547 1077 692 1119 oculos
713 1093 859 1119 aversa
880 1079 1066 1119 tenebat.

175 1135 267 1177 Ter
296 1136 453 1177 circum
477 1133 624 1176 iliacos
644 1142 884 1189 raptaverat
906 1135 1097 1176 Hectora
1117 1150 1272 1184 muros,

176 1192 518 1246 Exanimumque
539 1207 643 1231 auro
665 1206 819 1245 corpus
841 1192 1050 1232 vendebat
1070 1191 1272 1232 Achilles.

175 1248 290 1290 Tum
312 1264 409 1289 vero
430 1249 641 1302 ingentem
662 1249 864 1302 gemitum
884 1248 957 1288 dat
976 1256 1148 1301 pectore
1170 1249 1224 1288 ab
1246 1249 1341 1296 imo,

1544 1246 1627 1285 485

176 1305 239 1346 Ut
255 1305 401 1359 spolia,
422 1314 469 1345 ut
485 1319 647 1353 currus,
670 1312 800 1358 utque
820 1305 955 1358 ipsum
976 1319 1130 1358 corpus
1151 1305 1271 1344 amici

175 1362 530 1416 Tendentemque
548 1376 693 1402 manus
716 1361 928 1401 Priamum
950 1362 1171 1416 conspexit
1190 1362 1381 1402 inermes.

174 1479 258 1507 saepe
267 1473 372 1507 petunt
379 1469 511 1507 epitheta
520 1470 631 1507 poetae.
643 1469 694 1498 Sic
707 1471 882 1503 κορυθαίολος

168 1509 478 1542 *Εκτωμ-469-473
501 1510 546 1537 De
573 1508 675 1537 Rheso
702 1508 741 1536 Il.
769 1520 793 1540 κ,
814 1509 884 1536 433.

174 1556 241 1585 sqq.
253 1548 320 1576 470.
331 1546 429 1584 primo
441 1547 559 1585 prodita
573 1557 680 1576 somno.
720 1547 883 1575 Commode

174 1595 278 1614 somno
291 1584 439 1614 tributum
450 1586 584 1629 prodere,
594 1586 673 1623 quod
686 1595 741 1624 per
750 1594 883 1613 somnum

172 1624 295 1653 sactum.
349 1625 513 1662 (Sequitur
554 1624 709 1653 Maronem
751 1623 883 1651 Ovidius

173 1662 301 1691 Heroid.
318 1664 344 1698 I,
358 1665 407 1692 40.
420 1663 535 1692 Rhesus
548 1673 647 1691 somno
655 1663 799 1701 proditus.
818 1661 883 1700 W.)

173 1701 341 1730 Diomedem
366 1702 429 1731 sine
456 1702 567 1739 Ulysse
591 1701 882 1730 nominare—liberum

175 1745 240 1769 erat
253 1742 364 1778 poe'tae.
376 1740 466 1769 niveis
480 1740 603 1768 tentoria
624 1740 693 1768 velis
717 1740 806 1773 dixit,
830 1739 882 1768 de-

173 1783 255 1807 serto
285 1780 394 1817 priscae
422 1779 521 1806 aetatis
541 1788 630 1806 more.
686 1778 779 1806 Erant
806 1777 881 1805 enim

173 1817 360 1846 Achivorum
374 1820 404 1846 et
419 1817 614 1853 Trojanorum
627 1816 755 1853 tuguria,
766 1818 882 1849 κλίσωι,

173 1855 342 1894 stipitibus,
358 1855 465 1884 vimine
481 1859 512 1883 et
527 1864 636 1898 aggere
658 1858 745 1882 terrm
760 1853 881 1882 munita.

173 1894 218 1922 Η.
230 1893 374 1926 vastabat,
389 1893 417 1922 h.
427 1903 453 1921 e.
466 1893 634 1921 hominibus
649 1892 785 1921 orbabat.
806 1891 881 1920 Hir-

172 1932 233 1960 tius
248 1932 287 1960 B.
303 1932 341 1960 G.
356 1932 451 1965 VIII,
467 1932 516 1960 24.
534 1932 607 1968 fines
623 1935 738 1959 vastare
763 1930 881 1959 civibus.

174 1970 243 1999 Alio
258 1980 347 1999 sensu
370 1970 517 2009 Virgilius
538 1970 609 1998 sEn.
629 1969 724 2002 VIII,
750 1970 778 1997 S.
807 1968 880 1997 latos

171 2012 287 2037 vastant
301 2008 459 2037 cultoribus
482 2018 581 2046 agyras.
603 2008 754 2037 delectum
768 2008 880 2036 haben-

171 2052 230 2076 tes.
271 2047 320 2076 Cf.
335 2048 407 2076 Not.
421 2048 450 2082 I,
478 2049 546 2076 527.
573 2046 618 2075 W.
641 2047 773 2075 ardentes
793 2056 881 2084 equos

172 2096 257 2115 acres
266 2086 356 2121 dixit,
368 2090 401 2114 ut
413 2086 550 2124 equidem
563 2085 704 2120 arbitror,
718 2085 743 2113 si
754 2085 879 2123 loquen-

171 2125 201 2153 di
224 2134 309 2153 usum
330 2125 445 2153 audias.
467 2124 572 2152 avortit
591 2127 638 2153 est
652 2124 879 2162 abigit.—-172.

171 2165 229 2192 473
261 2163 364 2192 Fatale
391 2163 447 2192 hoc
469 2163 564 2192 fuisse
591 2163 655 2191 sive
683 2163 786 2191 Rheso
815 2162 879 2190 sive

172 2202 322 2239 Trojanis,
351 2202 376 2230 si
404 2202 473 2240 equi
526 2205 677 2230 ustassent
701 2201 822 2229 herbam
849 2204 879 2229 et

175 2250 280 2278 aquam
294 2241 476 2275 Scamandri,
526 2250 645 2269 omerus
657 2250 715 2268 non
730 2240 830 2274 habet,
846 2243 880 2268 ut

171 2290 208 2307 ex
229 2279 434 2316 ejuslectione
452 2284 602 2317 promtum
615 2278 723 2317 cuique
742 2288 809 2307 esse
823 2288 877 2315 po-

172 2321 251 2353 test3
273 2327 369 2354 neque
381 2318 419 2351 is,
434 2328 521 2356 quem
539 2317 718 2355 Euripidem
735 2327 791 2345 non
807 2327 876 2345 esse

171 2365 267 2394 nuper
294 2360 362 2393 post
389 2357 462 2385 alios
488 2357 581 2386 evicit
606 2355 823 2385 Valkenaerius
847 2360 879 2384 et

172 2394 316 2428 Beckius,
345 2399 447 2424 auctor
476 2395 581 2424 Rhesi.
620 2395 710 2424 Nam.
731 2405 759 2423 v.
780 2395 877 2422 600-

170 2432 305 2461 604.vix
331 2443 365 2461 eo
388 2434 501 2462 referre
526 2433 638 2472 possis.
678 2435 719 2463 At
734 2437 878 2462 memorat

171 2481 235 2499 eam
247 2471 375 2500 fabulam
393 2472 531 2501 Eustath.
544 2477 573 2502 et
587 2472 688 2501 Schol.
703 2472 740 2501 ad
755 2485 780 2505 κ,
794 2472 876 2505 435„

172 2510 224 2547 qui
252 2508 417 2538 Pindarum
445 2515 596 2540 auctorem
610 2510 714 2541 laudat
735 2510 876 2549 (Fragm-

171 2558 202 2586 p.
217 2548 301 2585 151.)
328 2558 381 2577 nec
405 2559 460 2577 non
480 2550 666 2578 serm—474
687 2550 875 2587 Congressus

172 2586 285 2615 Priami
298 2586 527 2621 sslius,'rr0i1us,
544 2599 560 2617 e
574 2598 662 2617 curru
675 2598 742 2617 cum
758 2587 877 2617 Achille

167 2627 230 2663 jam
247 2628 311 2653 ante
331 2625 439 2653 Iliadis
454 2630 600 2664 tempora,
615 2628 738 2656 vulnere
749 2627 876 2655 adverso

174 2667 312 2701 accepto,
338 2664 490 2692 exciderat
519 2675 618 2699 curru,
647 2666 773 2703 pedibus
800 2665 876 2693 inter

172 2704 233 2731 lora
260 2702 423 2739 impeditis,
439 2706 466 2729 ut
488 2704 592 2741 supina
612 2705 728 2733 cervice
743 2703 873 2732 trahere-

173 2746 231 2770 tur.
259 2740 349 2770 armis
371 2740 505 2770 amissis:
540 2742 592 2771 int.
617 2743 757 2780 clipeum.
796 2742 874 2771 Nam

922 1468 1035 1497 hastam
1049 1469 1178 1503 tenebat,
1195 1469 1247 1498 sed
1274 1469 1315 1497 ita
1333 1468 1495 1502 inversam,
1517 1472 1550 1497 ut
1576 1477 1629 1504 per

922 1510 1032 1535 terram
1054 1511 1148 1536 tracta
1170 1508 1269 1537 sulcos
1295 1508 1628 1536 facerenfficlw-Affi

922 1556 960 1573 ex
975 1546 1012 1573 ll.
1027 1551 1050 1580 ζ,
1065 1547 1232 1581 269-312,
1260 1547 1322 1582 ubi,
1349 1547 1465 1575 Heleno
1480 1550 1628 1580 monente,

923 1584 1039 1612 Hector
1060 1585 1096 1613 ad
1110 1586 1215 1613 urbem
1234 1595 1390 1624 regressus
1415 1585 1574 1613 Hecubam
1591 1585 1629 1613 ad

922 1623 1067 1652 Minerva*
1094 1624 1237 1662 templum
1261 1624 1290 1652 in
1314 1624 1464 1662 acropolin
1485 1624 1626 1661 'frojana-

921 1672 987 1690 rum
1012 1666 1212 1691 matronarum
1234 1663 1393 1701 (Iliadum)
1412 1672 1552 1700 pompam
1568 1662 1624 1690 du-

922 1711 1001 1734 cere,
1016 1701 1190 1739 donariique
1209 1702 1275 1730 loco
1287 1703 1352 1731 dete
1369 1702 1490 1740 peplum
1506 1701 1628 1738 egregie

920 1739 1105 1768 elaboratum
1120 1750 1293 1769 consecrare
1303 1741 1402 1778 jubet,
1418 1744 1451 1768 ut
1471 1740 1627 1769 Diomedis

919 1777 1063 1815 impetum
1092 1779 1143 1807 illa
1169 1779 1322 1817 reprimat.
1361 1778 1479 1807 Interea
1506 1788 1563 1807 non
1590 1778 1627 1807 ad

921 1819 1039 1853 tempus
1053 1821 1155 1854 potest
1168 1818 1283 1853 referri,
1310 1818 1364 1846 sed
1380 1818 1458 1846 inter
1471 1821 1569 1846 cetera
1583 1820 1628 1845 ta-

919 1853 1057 1882 bularum
1087 1860 1270 1892 argumenta,
1298 1856 1327 1885 in
1352 1856 1410 1885 alia
1437 1866 1516 1890 area,
1544 1865 1626 1890 ecee,

918 1893 1050 1920 occurrit
1072 1893 1139 1927 hoc,
1169 1895 1359 1931 quod-non
1386 1905 1479 1933 oequa,
1512 1894 1624 1931 iniqua,

917 1930 1053 1968 'l'rojanis
1068 1930 1194 1965 infensa,
1221 1932 1296 1960 irata
1318 1933 1430 1961 Pallas.
1470 1933 1550 1960 Diva
1564 1932 1624 1960 solo

909 1969 987 2004 fixos
1000 1968 1094 1998 oculos
1103 1979 1205 1998 aversa
1220 1970 1341 1998 tenebat.
1362 1971 1487 1999 Homer.
1508 1971 1528 1999 l.
1542 1981 1569 1998 c.
1597 1982 1624 1999 v.

917 2008 986 2035 311.
1026 2008 1153 2046 Peplum
1175 2011 1272 2036 autem
1298 2008 1373 2037 illud
1395 2009 1523 2037 autdeae
1538 2009 1624 2045 signo

916 2045 1109 2083 injiciebatur
1133 2056 1188 2084 pro
1216 2047 1338 2081 amictu,
1363 2050 1415 2076 aut
1442 2050 1555 2075 tantum
1572 2046 1619 2075 ⁷ad

917 2095 1012 2122 genua
1024 2085 1242 2123 apponebatur,
1257 2089 1290 2113 ut
1303 2096 1351 2124 ap.
1368 2086 1535 2114 Homerum
1548 2086 1567 2113 l.
1581 2096 1622 2122 c.;

916 2123 998 2151 etsie
1012 2123 1138 2152 Athenis
1152 2123 1181 2152 in
1199 2124 1405 2153 Panathenaeis
1419 2124 1578 2159 Minervae,
1592 2135 1623 2153 v.

916 2161 1001 2205 Qirin
1029 2173 1058 2191 v.
1078 2163 1126 2191 21.
1142 2172 1230 2200 sqq.;
1258 2163 1370 2192 Junoni
1397 2163 1561 2202 Olympiae,
1591 2167 1622 2192 et

916 2210 959 2229 sic
976 2211 1076 2238 porro.

952 2240 1109 2268 483-487
1121 2239 1243 2268 Novum
1257 2244 1464 2277 argumentum
1477 2250 1484 2268 z
1499 2240 1621 2269 redditio

914 2278 1043 2316 corporis
1073 2278 1212 2307 Hectorei
1232 2288 1270 2307 ex
1298 2278 1388 2308 Iliad.
1405 2294 1435 2308 ω.
1475 2279 1558 2307 Bene
1573 2278 1619 2306 vel

915 2316 952 2344 ad
974 2316 1047 2345 artis
1062 2317 1225 2346 rationem:
1257 2321 1443 2355 raptaverat5
1472 2327 1537 2346 nam
1563 2317 1619 2345 hoc

915 2359 1129 2391 antecesserat,
1151 2360 1180 2384 et
1205 2365 1314 2393 corpus
1329 2356 1461 2385 lacerum
1477 2360 1508 2384 et
1523 2355 1619 2383 foeda-

915 2397 978 2422 tum
1003 2394 1159 2423 immanem
1185 2404 1250 2422 eam
1277 2395 1485 2424 contumeliam
1512 2393 1560 2422 vel
1589 2392 1618 2421 in

914 2432 967 2460 tali
1002 2442 1091 2471 opere
1125 2443 1249 2471 arguere
1282 2437 1409 2471 poterat.
1470 2431 1618 2460 Hectoris

913 2480 1022 2508 corpus
1037 2472 1116 2500 circa
1128 2481 1230 2500 muros
1241 2473 1341 2509 Trojae
1356 2475 1401 2501 ter
1412 2473 1562 2508 raptatum
1578 2480 1617 2498 ex

914 2509 1045 2547 Cyclicis
1059 2510 1150 2548 petiit
1164 2509 1321 2548 Virgilius.
1353 2512 1389 2539 In
1404 2509 1539 2538 Homero
1553 2512 1618 2536 tan-

914 2551 976 2576 tum
989 2549 1111 2587 sugatur
1124 2552 1169 2577 ter
1178 2548 1258 2577 circa
1268 2558 1369 2577 muros
1382 2558 1389 2583 3
1407 2557 1506 2576 caesus
1520 2550 1617 2575 autem

914 2586 1015 2615 statim
1031 2588 1066 2616 ad
1087 2597 1188 2621 naves,
1209 2597 1225 2615 e
1239 2596 1328 2615 curru
1341 2586 1462 2625 ligatus,
1480 2585 1619 2614 trahitur.

914 2625 1103 2662 Expressum
1123 2630 1221 2654 autem
1243 2628 1364 2663 putetur
1379 2624 1507 2654 Achillis
1523 2627 1619 2652 tento-

912 2664 1000 2698 rium,
1030 2665 1094 2702 ipse
1128 2663 1260 2693 Achilles
1287 2663 1405 2697 sedens,
1433 2662 1562 2701 supplex
1589 2662 1618 2691 ei

912 2702 1008 2731 sactus
1022 2704 1159 2732 Priamus
1185 2702 1271 2739 (vide
1284 2701 1322 2729 Il.
1337 2716 1367 2730 ω.
1390 2703 1458 2730 473.
1482 2702 1565 2739 sqq.)
1586 2704 1617 2729 et

912 2741 1047 2772 divinum
1058 2742 1150 2771 illud:
1168 2743 1271 2773 Μνῖισιι
1284 2744 1383 2775 πατρὸς
1398 2741 1617 2778 ceso—jamjam
