1796 3077
0 2973 9 3077 Μ

597 265 868 305 AENEIDOS.

926 264 1028 303 Lm.
1060 264 1173 305 vm.
1543 271 1638 316 483

174 387 262 434 Qui
282 402 424 443 regem
446 387 694 430 Evandrum
715 388 901 438 comites,
923 388 996 443 qui
1017 389 1136 444 signa
1157 392 1303 440 secuti,

176 445 387 501 Delegere
408 445 560 495 locum,
582 453 625 487 et
643 461 825 501 posuere
845 447 889 486 in
907 446 1121 488 montibus
1141 448 1303 499 urbem,

174 502 376 544 Pallantis
397 505 544 558 proavi
562 504 616 545 de
637 504 804 545 nomine
827 502 1106 544 Pallanteum.

172 559 235 600 Hi
254 560 411 602 bellum
431 562 600 602 assidue
621 561 784 603 ducunt
803 575 898 602 cum
917 568 1044 615 gente
1067 561 1221 603 Latina
1238 578 1248 612 ;
1583 562 1638 602 55

173 616 268 658 Hos
289 618 436 660 castris
457 619 614 660 adhibe
636 619 785 667 socios,
807 626 849 659 et
870 618 1035 659 foedera
1049 619 1199 674 junge.

173 674 271 729 Ipse
292 691 373 731 ego
393 683 435 717 te
455 677 557 731 ripis
573 684 615 718 et
635 683 753 718 recto
772 676 944 716 flumine
965 675 1133 725 ducam,

172 731 417 775 Adversum
437 735 562 775 remis
584 749 760 789 superes
781 734 1009 774 subvectus
1028 740 1076 774 ut
1094 748 1271 774 amnem.

174 789 312 845 Surge
335 806 426 845 age,
448 799 545 832 nate
567 791 674 841 dea3
705 791 934 845 primisque
955 791 1207 832 cadentibus
1228 790 1350 832 astris

171 847 333 888 Junoni
353 848 416 888 fer
438 848 516 889 rite
537 862 699 902 preces,
721 849 912 901 iramque
934 848 1151 902 minasque
1581 848 1637 889 60

172 904 447 959 Supplicibus
469 919 624 960 supera
642 905 765 946 votis.

173 961 411 1003 Persolves.

825 904 940 945 Mihi
956 905 1090 946 victor
1109 904 1314 946 honorem

474 962 571 1017 Ego
589 977 693 1011 sum,
715 961 841 1016 pleno
862 976 989 1016 quem
1009 961 1181 1003 flumine
1202 963 1336 1005 cernis

173 1018 462 1074 Sti-ingentem
479 1020 607 1074 ripas,
626 1026 669 1061 et
685 1020 861 1074 pinguia
880 1018 994 1060 culta
1013 1027 1239 1070 secantem,

174 1076 392 1118 Caeruleus
414 1076 620 1131 Thybris,
643 1076 752 1118 coelo
776 1076 1037 1131 gratissimus
1058 1078 1204 1118 amnis.

172 1132 258 1174 Hic
278 1134 381 1175 mihi
400 1149 554 1188 magna
573 1135 736 1182 domus,
757 1133 880 1175 celsis
905 1141 1033 1188 caput
1054 1135 1248 1183 urbibus,
1270 1134 1372 1175 exit.
1579 1131 1635 1172 65

229 1190 368 1240 Dixit,
391 1191 545 1232 deinde
565 1190 660 1232 lacu
680 1190 854 1231 Fluvius
875 1205 920 1231 se
941 1191 1130 1232 condidit
1150 1191 1252 1240 alto,

171 1247 262 1289 Ima
282 1256 444 1302 petens.

505 1248 609 1289 Nox
627 1248 800 1289 [Enean
819 1262 1075 1302 somnusque
1095 1248 1278 1303 reliquit.

173 1305 332 1360 Surgit,
354 1312 408 1355 et,
430 1305 595 1347 aetherii
616 1313 813 1360 spectans
834 1305 1014 1346 orientia
1035 1305 1145 1346 Solis

173 1362 371 1412 Lumina,
394 1363 472 1404 rite
494 1364 605 1404 cavis
625 1363 784 1403 undam
804 1362 859 1403 de
880 1361 1052 1403 flumine
1072 1362 1220 1417 palmis

175 1419 367 1468 Sustulit,
389 1434 438 1461 ac
460 1419 563 1461 tales
582 1419 766 1461 effundit
786 1419 840 1459 ad
862 1419 1023 1460 aethera
1041 1434 1188 1460 voces:
1582 1416 1636 1457 70

171 1476 403 1531 Nymphae,
429 1477 666 1518 Laurentes
686 1475 916 1531 Nymphae,
938 1491 1072 1530 genus
1093 1476 1286 1517 amnibus
1307 1476 1420 1517 unde
1442 1481 1519 1524 est,

173 1533 344 1588 Tuque,
367 1549 392 1575 o
414 1534 584 1589 Thybri
611 1542 686 1575 tuo
705 1534 872 1588 genitor
892 1547 989 1574 cum
1008 1534 1179 1574 flumine
1201 1541 1359 1582 sancto,

170 1590 370 1646 Accipite
390 1591 575 1641 AEnean,
597 1599 639 1633 et
661 1591 835 1633 tandem
852 1598 994 1632 arcete
1013 1590 1195 1645 periclis.

172 1649 274 1695 Quo
295 1656 336 1690 te
357 1663 537 1703 cumque
558 1648 690 1697 lacus,
710 1648 977 1689 miserantem
996 1648 1261 1690 incommoda
1281 1652 1440 1697 nostra,

171 1705 309 1747 Fonte
331 1713 460 1755 tenet,
482 1721 748 1761 quocumque
770 1704 860 1746 solo
881 1704 1158 1759 pulcerrimus
1179 1706 1268 1747 exis
1286 1722 1296 1756 3
1579 1702 1635 1742 70

172 1764 351 1818 Semper
370 1763 533 1805 honore
552 1779 660 1814 meo,
681 1777 848 1818 semper
868 1761 1142 1804 celebrabere
1163 1763 1299 1812 donis,

170 1902 288 1931 parare,
317 1892 342 1921 si
357 1896 478 1932 repente
491 1893 611 1931 Trojaui
625 1893 654 1922 in
675 1903 743 1923 eum
757 1892 882 1921 incidis-

171 1937 256 1967 sent,
278 1932 422 1961 Evander
442 1937 531 1971 gente
553 1932 716 1970 pelasgica
738 1932 883 1961 oriundus

172 1970 223 1999 vix
239 1970 400 2000 videbatur
412 1972 497 2000 bonae
514 1971 579 2011 spei
600 1982 635 2000 ac
651 1971 768 2000 fiduciae
781 1970 883 1999 locum

171 2009 307 2049 Trojanis
329 2010 509 2049 relinquere.
570 2011 628 2040 Sed
649 2012 749 2049 poie'tae
770 2009 885 2048 placuit

171 2048 229 2077 alia
242 2049 330 2083 ratio,
343 2053 379 2078 nt
391 2059 447 2087 per
460 2059 594 2078 somnum
608 2050 673 2078 haec
685 2050 883 2082 denuntiaret,

172 2090 277 2126 utque,
297 2092 423 2126 propter
439 2088 613 2117 Latinorum
629 2089 659 2117 in
682 2089 810 2118 advenas
827 2088 883 2116 Ar-

173 2127 265 2155 cades
279 2127 360 2161 odia,
376 2128 526 2157 communi
540 2127 669 2166 periculi
683 2132 766 2157 metu
779 2127 885 2165 Troja-

174 2174 228 2193 nos
253 2170 283 2194 et
305 2166 441 2195 Arcades
468 2166 497 2195 in
522 2167 621 2195 soedus
651 2170 681 2196 et
705 2169 885 2196 soeietatem

174 2204 346 2233 adduceret.
367 2205 407 2233 ef.
427 2205 480 2233 inf.
500 2206 558 2234 129
578 2208 724 2244 sqq.—-53
738 2206 766 2234 in
781 2203 884 2234 monti-

173 2242 224 2271 bus
236 2248 283 2271 est
297 2243 327 2270 in
340 2247 432 2272 monte
446 2244 602 2272 Palatino:
634 2246 700 2283 (55.
720 2245 766 2274 Hi
783 2244 886 2274 bellum

172 2281 290 2315 ducunt,
317 2291 375 2310 non
399 2286 445 2311 est
466 2287 582 2321 gerunt,
609 2284 675 2318 sed,
702 2283 784 2312 nullo
806 2292 882 2312 anuo

170 2320 386 2353 intermittunt,
412 2324 445 2349 et
456 2321 629 2351 inimicitias
642 2323 671 2351 in
684 2323 806 2361 longum
821 2326 882 2351 tra-

174 2359 259 2388 hunt.
299 2359 351 2388 Sic
365 2359 492 2388 Servius
507 2364 538 2389 et
551 2361 660 2390 Cerda.
676 2362 733 2397 R.)
747 2363 784 2390 57
798 2361 884 2399 ripis,

173 2398 253 2427 iutra
277 2398 371 2436 ripas,
405 2398 509 2434 alve03
543 2404 620 2428 recto
638 2400 772 2437 flumine,
800 2405 885 2429 recto

173 2437 303 2466 fluminis
319 2437 518 2466 itinera—59
535 2438 699 2478 primisque
719 2439 885 2468 cadentibus

174 2476 275 2510 astris,
299 2476 329 2504 h.
359 2477 416 2505 sub
444 2475 574 2515 primum
600 2477 786 2515 diluculum3
817 2487 884 2506 uam

174 2515 274 2552 poetis
288 2515 389 2544 sidera
404 2525 496 2543 eursu
510 2515 605 2544 noctis
619 2521 727 2546 exacto
748 2516 885 2546 occidere

174 2552 327 2583 dicuntur.
348 2554 387 2582 cf.
416 2553 463 2588 ΙΙ,
488 2555 518 2582 8.
538 2555 569 2582 9.
621 2552 733 2584 Junoni
751 2558 804 2594 fer
830 2555 886 2584 rite

170 2601 283 2629 preces,
305 2593 386 2630 quod
399 2593 479 2622 idem
495 2592 631 2621 Helenus
643 2594 749 2624 sedulo
764 2604 886 2623 monue-

174 2635 220 2659 rat
236 2630 290 2659 lib.
306 2631 374 2666 ΙΙΙ,
388 2632 446 2660 435
462 2632 607 2670 sqq-61
622 2631 723 2667 victor,
747 2633 886 2662 omnibus

174 2679 213 2697 nx
239 2673 311 2698 voto
332 2671 551 2708 peractis—54
577 2670 736 2700 Caeruleus.
789 2672 885 2710 Atqui

175 2708 270 2736 flavus
285 2712 331 2737 est
346 2709 478 2744 Tiberis,
507 2714 534 2737 et
551 2709 663 2744 luteus,
686 2714 719 2738 ut
741 2711 813 2739 satis
835 2720 885 2739 no-

177 2753 250 2776 tum.
265 2747 305 2777 cf.
320 2747 384 2783 IX,
397 2749 467 2778 81-1.
507 2748 632 2778 Scilicet
645 2758 721 2778 nunc
735 2749 789 2778 deo
804 2759 884 2779 com-

922 1902 1040 1921 munem
1055 1893 1214 1922 fluviorum
1230 1896 1366 1922 naturam
1390 1892 1453 1921 dat.
1475 1891 1542 1920 (σεῖο
1564 1901 1635 1930 yra-

922 1931 1053 1960 tissimus
1078 1933 1296 1969 θεοφιλ,’,ς.-65
1318 1931 1410 1960 Circa
1432 1931 1486 1959 has
1513 1931 1636 1960 easdem

923 1979 991 2000 oras
1008 1975 1113 2010 surget
1126 1970 1287 2009 aliquando
1300 1980 1406 2009 magua
1426 1970 1511 2004 urbs,
1526 1970 1634 1999 Roma.

924 2010 1017 2045 Quod
1044 2010 1073 2038 in
1101 2010 1251 2039 vaticiniis
1280 2011 1378 2039 facere
1405 2019 1470 2037 mos
1499 2013 1556 2043 est,
1584 2018 1634 2037 res

923 2049 1025 2077 futura
1039 2050 1165 2079 effertur
1176 2054 1209 2077 ut
1221 2059 1368 2087 praesens,
1392 2048 1449 2077 exit
1469 2058 1525 2086 pro
1537 2047 1636 2077 exibit.

923 2087 1045 2116 ——celsis
1071 2092 1156 2127 caput
1185 2088 1314 2121 urbibus,
1341 2092 1412 2116 nota
1436 2087 1487 2115 illa
1514 2086 1635 2125 poetica

924 2126 1031 2162 oratio,
1044 2136 1116 2165 pro:
1138 2131 1223 2164 caput
1240 2126 1365 2155 urbium.
1405 2126 1482 2154 'rum
1496 2135 1532 2154 ea
1551 2125 1637 2159 urbs,

923 2165 1006 2194 dicta
1026 2165 1124 2194 domus
1148 2165 1197 2193 dei
1212 2165 1355 2200 Tiberini,
1381 2167 1528 2203 quatenus
1540 2163 1591 2193 ille
1604 2164 1635 2192 in

924 2214 959 2233 ea
974 2204 1197 2233 consecrabitur
1210 2207 1241 2232 et
1255 2208 1289 2232 ut
1302 2204 1378 2233 deus
1391 2203 1636 2232 coletun-Mox

923 2244 963 2272 66
976 2244 1055 2272 lacus
1070 2243 1091 2271 l.
1115 2252 1170 2281 pro
1185 2243 1336 2281 profundo
1360 2251 1413 2272 seu
1433 2242 1527 2271 fundo
1539 2241 1639 2278 fluvii,

921 2282 1051 2321 ideoque
1066 2292 1121 2320 pro
1135 2282 1203 2320 ipso
1217 2292 1312 2311 amne.

960 2323 999 2351 (37
1014 2321 1126 2350 AEneas
1140 2321 1387 2359 expergefactus,
1409 2322 1444 2348 ut
1465 2320 1563 2350 visum
1586 2330 1634 2350 ra-

923 2365 988 2389 tum
1011 2360 1062 2393 sit,
1090 2362 1314 2398 precaturarkue'*
1333 2363 1430 2394 γλυκὺς
1442 2362 1521 2389 ὕπνος
1541 2363 1636 2392 ὰνῆκευ

925 2398 1099 2429 Hom—69
1111 2399 1167 2428 rite
1181 2398 1273 2427 undas
1287 2398 1414 2433 sustulit,
1438 2408 1543 2428 manus
1561 2399 1636 2428 lavit

924 2442 959 2467 ut
990 2439 1256 2476 precaturus—71
1284 2447 1375 2476 genus
1400 2438 1531 2467 amnibus
1561 2438 1636 2467 unde

924 2481 984 2506 est:
1006 2481 1153 2515 quatenus
1171 2476 1321 2514 Nymphae
1341 2476 1480 2510 fontium,
1506 2477 1558 2515 qui
1580 2477 1635 2506 flu-

925 2516 992 2545 vios
1006 2516 1129 2548 faciunt,
1154 2520 1222 2544 sunt
1242 2518 1319 2544 deae.
1360 2516 1444 2545 Alias
1464 2518 1564 2554 poe'tae
1580 2515 1635 2545 ali-

925 2559 984 2589 ter,
1008 2559 1041 2583 ut
1067 2554 1216 2592 Nymphae
1242 2554 1302 2583 sint
1328 2554 1488 2584 fluviorum
1512 2555 1578 2585 deae
1602 2565 1636 2583 ao

924 2593 1010 2622 filiae.
1029 2597 1124 2622 arcete
1135 2592 1266 2632 periclis,
1293 2592 1322 2622 h.
1340 2593 1360 2622 l.
1382 2593 1520 2629 liberate,
1545 2594 1633 2623 finem

924 2632 1074 2666 laborum,
1086 2631 1221 2670 inprimis
1237 2632 1266 2660 in
1280 2631 1334 2661 hac
1350 2642 1415 2662 mea
1434 2633 1635 2672 navigatione,

925 2671 1026 2704 facite,
1043 2680 1099 2708 pro
1113 2670 1242 2708 vulgari,
1265 2681 1364 2700 arcere
1380 2671 1510 2710 pericula
1530 2671 1567 2700 ub
1580 2670 1635 2698 ali-

925 2710 1080 2747 qum—74.
1101 2710 1139 2738 75
1161 2710 1349 2748 Quocunque
1371 2711 1439 2739 loco
1453 2711 1562 2739 fontem
1582 2709 1635 2737 ha-

925 2750 989 2777 bes.
1007 2748 1166 2787 Expressit
1179 2749 1294 2778 Statius
1308 2750 1353 2779 IV
1364 2749 1462 2778 Theb.
1475 2749 1546 2778 832:
1562 2757 1633 2786 qna-
