1796 3077
584 223 852 262 AENEIDOS.

910 221 1011 261 ΠΒ.
1044 223 1117 262 1V.
1511 231 1606 276 363

146 346 298 389 Audiit
317 345 532 396 exanimis,
554 345 808 400 trepidoque
828 345 1031 387 exterrita
1049 359 1190 396 cursu,

147 404 374 460 Unguibus
393 419 468 445 ora
488 418 606 445 soror
626 403 793 444 foedans
813 409 856 444 et
873 410 1048 458 pectora
1063 404 1232 458 pugniS‚

148 461 235 504 Per
253 462 414 503 medios
435 461 530 510 ruit,
553 475 602 502 ac
621 461 868 502 morientem
887 461 1054 503 nomine
1070 460 1244 502 clamat:

146 517 246 560 Hoc
266 518 381 568 illud,
404 533 614 573 germana,
643 517 754 559 fuit?
783 532 849 559 me
869 517 1020 560 fraude
1040 519 1247 573 petebas?
1519 517 1572 557 67

1579 516 1606 557 ζεῖ

146 575 246 617 Hoc
266 590 395 631 rogus
416 577 493 617 iste
513 575 627 624 mihi,
647 574 730 616 hoc
750 575 870 630 ignes
891 590 1060 630 araeque
1076 576 1315 630 parabant?

148 632 268 679 Quid
284 634 464 688 primum
483 633 650 674 deserta
670 634 855 686 querar?
891 633 1139 674 comitemne
1159 646 1347 674 sororem

147 690 355 744 Sprevisti
374 690 584 731 moriens?

644 688 811 730 Eadem
828 704 895 730 me
911 689 966 730 ad
986 689 1075 731 fata
1094 704 1311 732 vocasses:

145 745 267 788 Idem
287 747 430 788 ambas
451 746 563 787 ferro
584 744 718 794 dolor,
739 752 867 800 atque
887 746 1037 788 eadem
1055 746 1164 787 hora
1182 746 1359 788 tulisset.

145 803 230 844 His
250 803 377 845 etiam
397 802 532 843 struxi
549 802 753 851 manibus,
775 802 1021 856 patriosque
1041 804 1187 845 vocavi
1522 803 1606 845 680

146 859 270 901 Voce
292 861 408 908 deos,
440 860 498 900 sic
518 866 560 900 te
581 866 628 899 ut
648 858 786 913 posita
806 859 989 900 crudelis
1010 860 1232 901 abessem?

145 916 369 958 Extinxsti
387 930 453 958 me
473 923 612 970 teque,
645 930 776 966 soror,
806 915 1109 970 populumque,
1141 925 1369 972 patresque

146 973 358 1023 Sidonios,
389 973 623 1027 urbemque
642 980 769 1014 tuam.

831 973 946 1015 Date
965 973 1139 1015 vulnera
1158 974 1338 1029 lymphis
1356 992 1365 1025 ς

143 1029 348 1079 Abluam‚
378 1038 434 1080 et,
466 1037 680 1072 extremus
701 1031 735 1071 si
753 1030 846 1084 quis
868 1046 996 1086 super
1015 1030 1169 1073 halitus
1196 1040 1324 1083 errat,

147 1087 238 1129 Ore
259 1087 410 1142 legam.
469 1087 540 1129 Sic
560 1086 646 1128 fata
666 1088 824 1142 gradus
844 1096 1036 1129 evaserat
1057 1087 1178 1138 altos,
1522 1087 1607 1127 680

145 1144 526 1198 Semianimemque
547 1145 640 1184 sinu
659 1159 901 1198 germanam
922 1144 1116 1199 amplexa
1138 1145 1309 1186 fovebat

146 1201 257 1242 Cum
276 1201 450 1256 gemitu,
483 1208 609 1255 atque
630 1209 743 1242 atros
764 1202 950 1243 siccabat
970 1208 1085 1243 veste
1106 1216 1292 1244 cruores.

147 1257 245 1307 Illa,
277 1273 427 1313 graves
448 1257 592 1300 oculos
613 1266 764 1299 conata
784 1258 991 1308 attollere,
1022 1273 1168 1300 rursus

146 1313 334 1365 Deficit3
365 1315 542 1356 infixum
564 1315 703 1356 stridit
723 1316 802 1356 sub
823 1324 996 1370 pectore
1017 1315 1180 1357 vulnus.

146 1371 239 1413 Ter
260 1387 352 1414 sese
372 1372 568 1414 attollens
588 1373 817 1427 cubitoque
839 1373 993 1414 annixa
1013 1372 1163 1414 levavit
1181 1390 1190 1422 3

1523 1370 1609 1412 690

146 1428 238 1469 Ter
256 1429 447 1470 revoluta
468 1438 560 1471 toro
582 1437 659 1479 est,
691 1429 905 1484 oculisque
925 1431 1163 1471 errantibus
1184 1429 1269 1471 alto

146 1485 356 1532 Quaesivit
376 1486 484 1528 coelo
506 1486 654 1536 lucem,
686 1487 974 1542 ingemuitque
996 1494 1179 1542 reperta.

144 1631 263 1661 confert
285 1632 388 1661 Valer.
412 1632 457 1660 Fl.
482 1632 527 1661 11.
555 1632 620 1660 153.
646 1632 712 1665 170,
734 1642 771 1661 ex
795 1632 859 1660 h.l.

145 1672 338 1708 expressum,
355 1672 433 1709 apud
448 1681 537 1708 quenl
550 1671 623 1699 ordo
640 1672 797 1700 verborum
811 1670 860 1698 hie

144 1713 208 1737 est:
230 1709 275 1737 vel
298 1710 414 1743 vidisse,
433 1709 540 1746 [ultrice
565 1719 620 1748 per
643 1710 752 1737 culmen
781 1709 862 1747 iynes

143 1747 303 1784 aya—<572
332 1758 399 1786 sqq.
428 1749 561 1786 Egregie
589 1748 714 1776 allectus
748 1749 860 1776 veritas

146 1791 268 1815 servata
292 1786 321 1815 in
347 1788 440 1815 Annae
456 1787 539 1815 luctu
563 1791 593 1815 et
619 1787 731 1815 verbis.
774 1787 859 1815 Prae-

146 1824 241 1853 ivisse
257 1825 391 1854 creditur
408 1825 526 1854 Briseis
540 1825 664 1854 Homeri
680 1825 709 1853 in
725 1825 860 1853 Patrocli

147 1862 250 1892 funere
265 1864 305 1891 Il.
320 1878 347 1897 -r,
361 1865 420 1892 2252
435 1874 501 1901 sqq.
543 1864 619 1892 llaec
635 1868 732 1892 autem
748 1864 858 1897 omnia,

148 1911 215 1940 quae
238 1902 359 1936 effatur,
381 1913 417 1931 ne
434 1912 450 1930 a
467 1907 601 1940 tempore
625 1907 655 1930 et
679 1902 744 1930 loco
766 1902 860 1930 aliena

147 1940 217 1974 sint,
239 1941 310 1969 dum
324 1940 376 1969 illa
391 1941 512 1973 incedit,
534 1940 652 1979 prolata
668 1951 734 1969 esse
748 1941 857 1979 cogita.

145 1978 231 2007 Unde
246 1990 275 2008 v.
288 1980 347 2008 686
360 1979 411 2008 Sic
425 1981 494 2017 fata
507 1980 618 2017 yradns
629 1984 759 2008 eraserat
775 1981 859 2008 altos.

145 2019 244 2047 -679
271 2017 350 2047 Idem
370 2018 466 2055 dolor;
489 2018 611 2057 vulgare
633 2024 716 2047 erat:
740 2018 860 2047 vulnus.

145 2058 253 2086 -680,
272 2058 329 2086 681
345 2057 453 2091 struxi,
474 2067 591 2092 rogum,
608 2058 695 2095 jussu
715 2058 856 2091 Didonis,

146 2103 215 2132 sup.
228 2095 286 2124 494
303 2096 557 2134 sq.—patriosque
572 2096 671 2125 vocari
690 2096 765 2125 Voce
779 2096 857 2129 deos,

148 2131 179 2160 h.
191 2143 218 2162 e.
233 2133 302 2171 ipsa
317 2144 432 2162 sacrum
451 2136 541 2173 jussu
568 2138 617 2163 tuo
633 2135 739 2173 paravi
758 2139 788 2163 et
801 2135 858 2163 rite

147 2172 306 2208 auspicata
329 2182 405 2207 sum,
427 2183 468 2201 sc.
497 2173 620 2202 sollenni
648 2184 769 2211 precum
794 2184 857 2202 car-

147 2209 226 2239 mille
247 2211 416 2240 decantato.
441 2213 479 2240 cf.
494 2212 658 2240 500—503.
674 2213 715 2241 sic
731 2217 760 2240 11!
777 2213 857 2240 abes-

147 2257 217 2283 sem,
239 2249 411 2287 sejungeret
434 2260 451 2278 a
471 2254 510 2284 te,
533 2250 689 2284 avellerer,
713 2262 746 2279 ac
768 2255 796 2280 te
810 2262 857 2279 ca-

149 2296 257 2322 rerem,
290 2291 316 2315 te
339 2287 448 2324 posita,
470 2293 597 2323 mortua,
619 2293 651 2317 ut
678 2290 723 2324 11,
745 2291 803 2318 6⁷14
826 2295 857 2319 et

146 2335 240 2363 saepe.
260 2325 385 2362 (Malim
395 2327 484 2363 jungi
495 2332 520 2355 te
530 2327 628 2365 posim
637 2328 797 2357 sia—*En
809 2329 855 2362 Π,

145 2365 216 2393 644.
256 2364 417 2397 Anchises,
432 2365 473 2393 sic
484 2366 608 2403 positus,
631 2366 774 2404 loquitur.
792 2366 857 2404 W.)

146 2404 245 2432 —688
258 2403 317 2431 Illa
336 2412 440 2441 yrstves
462 2403 567 2432 oculos.
608 2405 666 2433 Est
682 2405 736 2434 hoc
750 2406 858 2434 mirum

147 2439 177 2470 in
192 2442 315 2470 modum
331 2442 368 2470 ad
383 2441 522 2470 affectum
537 2444 714 2472 movendum
738 2454 858 2482 conspa-

147 2484 257 2509 ratum.
289 2480 358 2509 Non
371 2480 564 2517 injucundum
574 2481 665 2510 fuerit
674 2492 858 2520 comparare,

148 2521 184 2547 ut
208 2518 323 2548 faciunt
346 2519 461 2557 Intpp.,
486 2519 758 2557 Eurip.Phoeniss.
781 2523 856 2551 1483

148 2566 228 2595 sqq„
249 2557 278 2586 in
294 2567 340 2596 pr.
360 2559 438 2586 1454
460 2568 525 2596 sqq.
547 2558 584 2586 de
606 2558 747 2596 Eteocle3
767 2565 796 2589 et
820 2561 856 2589 de

148 2595 280 2632 Pyramo
295 2596 389 2625 Ovid.
401 2597 479 2625 Met.
494 2596 552 2630 lv,
564 2597 631 2624 145.
648 2598 713 2625 146.
723 2598 856 2627 Addede

148 2634 304 2663 Alcestide
335 2635 444 2673 Eurip.
463 2636 727 2665 203—306.—689
758 2637 857 2666 stridit

149 2672 261 2705 ιηιῖιιιις,
283 2674 404 2712 sanguis
420 2684 459 2703 ex
486 2673 607 2702 vulnere
625 2684 795 2711 erumpens.
816 2676 856 2705 cf.

152 2711 246 2741 Ovid.
261 2712 337 2742 Met.
352 2713 410 2748 IV,
424 2713 491 2743 120.
506 2713 682 2743 121.—601.
695 2713 754 2742 692
766 2714 857 2743 Oculi

896 1633 957 1668 jam
982 1635 1076 1661 morte
1100 1637 1233 1661 natantes
1256 1636 1287 1661 et
1307 1631 1434 1670 caligine
1456 1632 1610 1661 obscurati

899 1670 997 1698 lucem
1015 1671 1150 1709 recipere
1163 1671 1308 1703 laborant.
1323 1672 1375 1699 sed
1389 1670 1610 1710 noncolligunt.

899 1708 1109 1747 —inqemiscin
1155 1714 1188 1739 ut
1220 1710 1406 1744 moribunda,
1443 1710 1522 1748 quod
1556 1709 1609 1738 ins.

901 1747 971 1776 XII
989 1753 1068 1777 extr.
1082 1749 1196 1787 vimque
1217 1758 1276 1777 cnm
1301 1748 1407 1787 ῃρηιίἰιι
1418 1748 1503 1786 suyit
1516 1748 1609 1786 indiq-

899 1791 969 1814 πται]
991 1787 1043 1815 suh
1074 1787 1190 1816 umbras
1201 1792 1283 1816 :—et
1306 1797 1382 1816 nunc
1407 1793 1481 1825 puta
1505 1787 1609 1821 oculos

899 1835 1004 1853 rursus
1021 1826 1229 1854 claustr—693
1246 1836 1312 1864 sqq.
1333 1826 1422 1854 Nova
1435 1825 1502 1854 haec
1515 1830 1545 1854 et
1564 1826 1608 1854 in-

900 1864 1000 1891 solens
1015 1865 1106 1893 rideri
1123 1869 1223 1903 potest
1238 1864 1355 1903 religio,
1376 1864 1454 1903 quod
1470 1864 1531 1893 Iris
1540 1865 1608 1894 mit-

900 1902 974 1931 titur
1008 1904 1044 1932 ad
1077 1904 1295 1941 expediendam
1330 1903 1448 1932 miserae
1480 1903 1609 1932 Didonis

898 1941 1034 1969 animam.
1076 1942 1136 1970 Sed
1162 1942 1239 1971 Iridi
1262 1942 1368 1971 tribuit
1388 1943 1490 1979 poeta,
1526 1942 1607 1980 quod

898 1980 1051 2009 Mercurio
1068 1990 1158 2018 supra
1178 1982 1322 2009 tributum
1346 1980 1476 2009 vidimus
1498 1981 1608 2016 wilm,

898 2020 1141 2057 quandoquidem
1157 2029 1173 2048 a
1187 2020 1305 2050 ,lunone
1324 2019 1375 2048 illa
1387 2019 1525 2048 mandata
1540 2020 1608 2054 fert,

898 2062 927 2087 et
943 2059 1008 2094 ejus
1024 2058 1191 2086 ministerio
1213 2058 1329 2095 plerum
1355 2068 1391 2086 ue
1409 2058 1486 2088 Juno
1502 2058 1607 2093 utitur,

898 2100 930 2123 ut
952 2097 1001 2124 int'.
1024 2096 1064 2129 V,
1087 2097 1156 2125 606:
1183 2097 1247 2129 lx,
1276 2097 1314 2125 2:
1356 2097 1374 2124 l.
1396 2110 1424 2129 σ,
1447 2097 1514 2126 166.
1540 2106 1606 2135 sqq.

898 2134 997 2173 Vulgo
1012 2138 1120 2167 tamen,
1142 2145 1179 2163 ex
1196 2136 1294 2172 poe'tae
1320 2135 1473 2173 religione,
1494 2145 1523 2163 v.
1537 2136 1606 2165 698.

898 2174 965 2201 099.
1008 2173 1198 2212 Proserpinae
1213 2184 1256 2202 eae
1276 2178 1376 2211 partes
1390 2173 1484 2202 fuisse
1503 2173 1607 2202 viden-

901 2218 958 2241 tur.
999 2212 1101 2240 Secuti
1129 2216 1197 2240 sunt
1224 2212 1386 2249 Virgilium
1409 2212 1470 2246 alii,
1491 2212 1605 2242 Statius

901 2251 934 2279 ΙΙ
951 2250 1025 2290 Silv.
1044 2251 1068 2284 1,
1090 2252 1159 2279 147:
1183 2250 1315 2279 Martial.
1332 2250 1385 2279 III
1402 2251 1496 2289 epigr.
1510 2251 1559 2285 43,
1575 2252 1604 2281 4.

897 2289 985 2317 Adde
1003 2289 1111 2318 Horat.
1133 2289 1146 2317 I
1172 2289 1272 2317 Cal-in.
1295 2289 1345 2323 28,
1366 2289 1412 2317 19.
1432 2290 1481 2319 20.
1522 2290 1605 2319 Orco

896 2331 1036 2364 (θάνατον
1052 2328 1201 2366 appellat)
1213 2329 1275 2365 jam
1291 2333 1358 2356 ante
1369 2328 1446 2356 idem
1458 2328 1606 2359 tribuerat

897 2366 1063 2404 Euripides
1084 2367 1112 2395 in
1136 2366 1201 2395 loco
1222 2367 1283 2404 jam
1298 2377 1315 2395 a
1328 2366 1486 2396 Macrobio
1502 2368 1539 2402 V,
1560 2369 1606 2397 19.

897 2410 1011 2436 notato,
1031 2406 1147 2433 Aloest.
1169 2406 1283 2434 74—77
1317 2406 1375 2443 (ex
1412 2416 1469 2444 qua
1504 2406 1605 2437 fabula

898 2444 985 2481 plura
1010 2445 1045 2472 ad
1074 2443 1183 2472 Mortis
1211 2443 1369 2482 imaginem
1394 2444 1603 2474 illustrandam

898 2483 960 2520 peti
976 2486 1111 2519 possunt.
1149 2482 1220 2510 vid.
1235 2492 1264 2511 v.
1279 2484 1348 2512 261.
1361 2483 1505 2513 438.844.
1518 2485 1604 2514 1140.

897 2522 999 2553 1141.)
1029 2521 1066 2549 cf.
1095 2520 1268 2550 Hemsterlx.
1296 2521 1333 2550 ad
1361 2522 1484 2551 Lueian.
1512 2523 1548 2551 T.
1576 2524 1603 2552 l.

896 2570 927 2597 p.
953 2560 1020 2587 512.
1061 2559 1206 2588 Junonem
1234 2560 1288 2588 hac
1315 2560 1354 2588 de
1382 2570 1415 2589 re
1445 2561 1602 2590 sollicitam

896 2608 973 2631 esse,
996 2596 1036 2625 nil
1051 2597 1170 2633 mirum,
1190 2608 1258 2627 cum
1281 2608 1315 2627 ea
1340 2598 1466 2628 Didonis
1485 2604 1513 2628 et
1531 2600 1601 2628 Poe-

897 2646 1000 2665 norum
1025 2645 1144 2665 causam
1176 2638 1355 2676 susceperit.
1396 2638 1487 2674 Quod
1512 2638 1603 2666 crinis

895 2674 1083 2709 abscinditur,
1105 2685 1121 2704 e
1134 2685 1167 2704 re
1185 2685 1271 2705 sacra
1283 2682 1358 2715 puto
1372 2677 1515 2712 ducturn;
1535 2686 1602 2706 nam

897 2714 1019 2743 victima
1043 2718 1234 2744 consecratur
1258 2716 1326 2750 deo,
1347 2715 1418 2754 pilis
1446 2715 1475 2744 in
1504 2716 1601 2745 tronto
