1796 3077
582 231 854 270 AENEIDOS.

910 231 1011 269 Lm.
1043 231 1134 270 ΧΠ.
1510 235 1603 281 057

140 352 267 408 Saepe
288 360 362 395 tuo
382 352 497 395 dulci
525 352 667 394 tristes
683 366 737 393 ex
758 366 831 393 ore
852 360 1084 394 recursent.

141 408 330 451 Ventum
351 411 409 451 ad
430 424 674 464 supremum
694 417 772 449 est.

835 408 982 450 Terris
999 410 1177 463 agitare,
1198 407 1263 449 vel
1283 408 1420 457 undis,

140 465 355 520 Trojanos
376 466 552 521 potuisti
568 482 576 513 ;
608 464 826 505 infandum
844 466 1076 506 accendere
1094 465 1266 513 bellum,

140 521 394 564 Deformare
415 523 601 570 domum,
623 529 666 562 et
686 520 803 562 luctu
818 522 994 562 miscere
1011 522 1251 575 hymenaeos
1268 537 1276 561 ε

710 576 780 618 Sic
799 577 973 631 Jupiter
993 593 1112 619 orsus
1128 595 1138 628 ;

143 577 334 620 Ulterius
357 586 520 620 tentare
536 584 646 619 veto.

1509 520 1592 560 805

141 635 212 675 Sic
233 635 315 676 dea
334 636 542 676 submisso
563 640 710 675 contra
732 633 930 674 Saturnia
950 634 1090 675 vultus:

141 691 230 732 Ista
249 692 420 745 quidem
440 692 540 744 quia
554 697 655 731 nota
674 689 777 730 mihi
793 697 879 739 tua,
901 705 1064 745 magne,
1085 689 1291 739 voluntas,

140 747 312 801 Jupiter
329 763 337 788 :
368 755 410 789 et
431 747 627 788 Turnum
649 753 692 787 et
712 754 845 787 terras
862 748 992 787 invita
1013 747 1177 802 reliqui.

141 803 237 845 Nec
258 811 303 844 tu
324 819 389 844 me
412 804 529 844 a'eria
544 801 674 843 solam
694 817 805 843 nunc
827 804 927 843 sede
947 804 1113 845 videres

1513 801 1595 840 510

141 860 287 914 Digna
306 860 480 914 indigna
496 860 612 913 pati3
642 859 717 899 sed
738 859 914 899 flammis
936 860 1073 900 cincta
1096 861 1174 900 sub
1197 861 1329 913 ipsam

140 917 307 957 Starem
327 917 471 965 aciem,
492 915 789 968 traheremque
810 915 975 956 inimica
995 917 1035 956 in
1057 917 1207 969 proelia
1230 917 1436 957 Teucros.

139 972 367 1014 Juturnam
389 973 558 1020 misero,
579 971 729 1020 fateor,
753 986 999 1013 succurrere
1021 972 1140 1013 fratri

142 1029 281 1077 Suasi‚
302 1036 344 1070 et
366 1043 442 1083 pro
465 1029 549 1068 vita
567 1028 727 1080 majora
747 1028 904 1068 audere
925 1029 1100 1081 probavi
1119 1046 1127 1077 ;

140 1085 244 1126 Non
265 1093 310 1125 tu
332 1085 415 1125 tela
433 1091 585 1132 tamen,
607 1098 691 1124 non
710 1091 757 1124 ut
777 1085 1053 1125 contenderet
1074 1099 1241 1127 arcum:

1513 1084 1594 1122 815

138 1142 309 1195 Adjuro
327 1141 464 1195 Stygii
484 1147 613 1194 caput
633 1139 897 1193 implacabile
919 1140 1044 1181 fontis
1062 1158 1071 1181 z

140 1198 240 1238 Una
261 1197 505 1251 superstitio
527 1196 690 1249 superis
711 1210 808 1248 quae
830 1196 996 1236 reddita
1017 1198 1137 1237 divis.

138 1255 200 1295 Et
214 1268 326 1294 nunc
346 1253 454 1294 cedo
474 1252 685 1305 equidem,
708 1266 959 1305 pugnasque
981 1267 1113 1293 exosa
1133 1253 1338 1305 relinquo.

137 1310 251 1351 Illud
272 1317 326 1357 te,
347 1308 461 1349 nulla
482 1308 557 1348 fati
577 1307 693 1361 quod
714 1306 809 1361 lege
827 1315 1008 1355 tenetur,

139 1366 226 1407 Pro
245 1365 372 1406 Latio
393 1365 595 1412 obtestor,
617 1378 695 1416 pro
712 1364 932 1416 majestate
954 1371 1120 1404 tuorum
1139 1380 1147 1403 ε
1513 1363 1595 1401 8:20

139 1422 286 1469 Quum
296 1422 386 1475 jam
407 1420 628 1462 connubiis
649 1433 796 1472 pacem
817 1418 1025 1468 felicibus,
1048 1428 1154 1467 esto,

137 1479 428 1532 Component3
461 1491 590 1529 quum
605 1475 694 1529 jam
714 1473 830 1528 leges
852 1482 895 1515 et
911 1474 1075 1516 foedera
1089 1478 1271 1530 jungent
1289 1490 1297 1515 z

138 1535 211 1576 Ne
231 1541 352 1574 vetus
373 1533 594 1586 indigenas
614 1545 767 1572 nomen
782 1538 944 1571 mutare
969 1531 1158 1580 Latinos,

137 1591 241 1633 Neu
263 1589 402 1630 Troas
423 1589 515 1629 fieri
530 1589 683 1642 jubeas
705 1587 985 1641 Teucrosque
1006 1589 1166 1636 vocari3

136 1649 229 1689 Aut
248 1660 393 1688 vocem
409 1652 574 1687 mutare
597 1643 719 1692 virbs,
741 1651 813 1684 aut
831 1651 995 1685 vertere
1016 1652 1166 1685 vestes.

137 1807 200 1834 est:
229 1807 264 1832 ut
282 1802 387 1841 paullo
406 1806 474 1841 post
497 1811 525 1830 ν.
548 1802 617 1830 825.
639 1805 687 1829 aut
710 1801 843 1829 occurrit

135 1851 192 1880 pro
217 1852 288 1870 nec:
322 1841 413 1870 etiam
439 1841 497 1869 hoc
526 1839 657 1868 Homeri
687 1840 841 1877 exemplo,

137 1883 275 1915 μὴ-ὴδὲ.
297 1883 456 1912 recursem,
482 1882 515 1906 ut
536 1878 608 1907 AEu.
634 1878 663 1911 Ι,
692 1878 762 1910 662,
786 1878 843 1906 ite-

133 1919 348 1947 matun—803
366 1917 467 1946 Terris
480 1916 603 1954 ayitctre.
643 1916 776 1945 Consilia
789 1916 807 1944 J
812 1926 845 1944 u-

136 1957 238 1985 nonis:
271 1956 413 1994 primum,
443 1958 627 1991 tempestate
655 1954 789 1982 immissa
816 1954 845 1987 1,

134 1996 172 2024 37
183 2005 229 2033 sq.
244 2004 251 2029 3
273 1994 401 2023 alterum
413 1993 564 2031 infandum
577 1992 729 2021 accendere
745 1991 846 2019 bellum

136 2037 197 2062 etc.
231 2033 310 2066 VII,
341 2033 411 2061 286.
439 2033 509 2060 315.
536 2032 606 2059 316.
647 2030 784 2058 Tertium
806 2029 844 2058 ad

136 2071 256 2110 nuptias
292 2070 426 2099 Laviniae
460 2079 529 2097 cnm
551 2069 648 2098 AEuea
674 2071 781 2106 pactas
815 2071 845 2096 et

134 2109 262 2140 Junonis
283 2109 401 2138 artibus
416 2108 554 2137 turbatas
571 2110 701 2145 spectat.
733 2105 845 2142 Defor-

135 2157 215 2177 mare
228 2147 351 2181 domum,
364 2156 407 2175 sc.
421 2146 516 2180 luctu,
530 2155 569 2174 ex
585 2146 702 2174 Amatae
718 2153 844 2181 suepeu-

136 2186 199 2220 dio,
227 2195 356 2224 quocum
378 2184 501 2223 squalor
522 2193 556 2212 ac
577 2182 754 2212 deformitas
775 2192 844 2210 con-

139 2225 250 2253 'uncta.
286 2224 454 2260 Deformem
465 2221 591 2250 dolorem
606 2222 744 2250 Lucanus
766 2220 846 2249 dixit

150 2263 192 2291 ib.
217 2261 314 2295 VIII,
342 2262 392 2295 81,
412 2264 442 2289 et
462 2259 599 2297 deformis
618 2258 787 2298 oeqrimouia
807 2268 844 2287 ex

138 2299 273 2329 Horatio
289 2303 373 2327 nota.

176 2339 236 2367 810
250 2337 315 2366 Nec
328 2340 370 2370 lu,
381 2346 424 2364 sc.
435 2335 495 2364 nisi
506 2335 563 2364 hoo
574 2335 616 2364 ita
630 2335 847 2364 seliaberet.-—

137 2377 206 2406 811.
222 2376 280 2404 812
295 2379 405 2404 starem
421 2373 451 2403 in
464 2373 527 2403 acie
535 2373 666 2411 flammis
680 2373 773 2402 cincla
783 2383 792 2400 .·
810 2373 848 2402 ad

137 2418 284 2443 terrorem
299 2413 414 2442 dictum
428 2416 514 2451 puto,
530 2416 563 2441 ut
574 2412 691 2441 flamma
702 2412 732 2440 in
742 2412 848 2449 Troja-

137 2462 194 2482 nos
209 2452 330 2485 saeviat,
344 2451 389 2479 uti
404 2451 472 2488 quis
486 2450 567 2478 ferro
581 2450 703 2489 ignique
719 2449 850 2488 grassari

138 2491 268 2520 dicitur:
285 2489 428 2519 nisinube
440 2488 719 2532 igneaoircumdata
730 2490 759 2516 in
773 2497 849 2526 pug-

136 2538 205 2558 nam
226 2529 351 2567 prodire
377 2527 515 2555 voluisse
540 2526 677 2555 dixeris:
701 2527 786 2564 quod
813 2536 849 2554 an

137 2577 195 2596 usu
207 2569 366 2605 poetarum
380 2565 539 2603 probetur,
554 2564 633 2593 haud
656 2565 736 2593 novi.
777 2564 850 2593 Ful-

138 2605 229 2634 minis
255 2605 324 2634 usui
348 2604 434 2633 locus
461 2603 516 2631 vix
540 2606 598 2636 est,
618 2602 688 2631 Lib.
711 2602 759 2636 II,
784 2603 853 2633 613.

138 2643 220 2673 Juno
235 2643 316 2672 ferro
333 2642 468 2672 accincta
482 2641 618 2670 Achivos
627 2644 720 2669 vocat
737 2650 753 2669 a
770 2641 853 2669 navi-

137 2682 208 2714 bus,
224 2681 327 2710 Pallas
344 2686 444 2710 autem
460 2680 563 2709 nimbo
577 2678 674 2709 cincta
694 2688 792 2708 arcem
810 2679 853 2708 in·

1511 1643 1594 1682 8525

884 1801 973 1830 sidet.
991 1802 1190 1839 traheremque
1208 1799 1332 1828 Teucros
1344 1799 1460 1828 inimica
1474 1799 1503 1827 in
1512 1809 1594 1837 proe-

882 1839 922 1867 lia
933 1850 942 1866 .·
953 1839 1053 1876 simpl.
1071 1849 1126 1876 pro
1139 1849 1144 1865 τ
1158 1839 1293 1867 Teucros
1307 1838 1491 1876 aggrederer
1502 1847 1593 1871 mam,

883 1878 935 1915 qui
961 1878 1153 1915 aggreditur,
1180 1886 1315 1914 pugnare
1341 1885 1443 1904 secum
1468 1875 1594 1904 alterum

885 1916 980 1953 cogit,
1006 1919 1154 1953 provocat
1168 1915 1205 1942 ad
1230 1914 1433 1952 pugnandum.
1474 1914 1594 1941 Verbo-

885 1964 951 1982 rum
973 1954 1053 1982 enim
1073 1954 1148 1982 ordo
1173 1963 1230 1981 uon
1252 1952 1386 1981 admittit
1407 1951 1545 1984 alterum,
1561 1956 1595 1979 ut

885 1991 934 2019 sit:
944 1992 1055 2020 ducere
1062 1992 1165 2029 copias
1174 1992 1322 2019 adversus
1331 1990 1598 2027 Trojanos.—Sl(i-

884 2031 942 2058 817
954 2030 1018 2058 Res
1032 2039 1087 2066 per
1098 2040 1130 2058 se
1144 2029 1311 2057 notissima:
1328 2029 1383 2056 sed
1398 2031 1535 2056 ornatum
1547 2032 1594 2056 est

884 2067 1005 2116 egregie
1022 2068 1077 2095 hoe
1090 2068 1175 2104 :juro
1189 2077 1246 2104 per
1259 2067 1396 2104 Stygem.
1409 2066 1595 2103 caputfontis

884 2106 983 2144 *Styyiz'
997 2115 1051 2143 pro
1068 2105 1199 2143 simplici
1221 2105 1327 2143 Styge.
1339 2103 1527 2142 implacabile,
1548 2114 1590 2132 sc.

885 2144 1020 2182 perjurio
1043 2143 1134 2171 sacto.
1150 2153 1219 2175 rma,
1235 2143 1265 2170 h.
1279 2152 1305 2170 e.
1321 2152 1388 2180 quae
1401 2141 1592 2178 maximaju-

886 2182 1051 2220 risjurandi
1067 2182 1143 2210 iuter
1159 2182 1233 2209 deos
1248 2184 1295 2209 est
1309 2180 1437 2217 religi03
1459 2179 1592 2207 obstrin-

886 2230 924 2258 go
940 2230 987 2249 me
997 2220 1196 2257 jurejurando
1211 2218 1414 2248 sanctissimo.
1451 2217 1535 2246 Male
1549 2227 1594 2246 ar-

887 2262 1010 2296 gutatur
1025 2258 1160 2288 Servius.
1175 2261 1204 2285 et
1218 2267 1285 2285 cum
1302 2266 1336 2285 eo
1349 2256 1461 2284 alii‚est
1472 2255 1595 2290 reddita,

886 2306 942 2335 pro
967 2296 1046 2325 facta
1069 2299 1126 2330 est,
1148 2295 1220 2323 nihil
1235 2295 1373 2332 amplius.
1413 2293 1592 2332 Superstitio

887 2344 943 2374 pro
956 2335 1102 2373 religione
1117 2338 1147 2362 et
1161 2337 1245 2361 metu
1259 2343 1297 2361 ex
1313 2343 1348 2361 ea
1361 2336 1438 2361 orto.
1471 2332 1521 2360 Sic
1530 2332 1594 2360 sere

887 2373 979 2402 Iliad.
995 2386 1021 2406 ο,
1036 2373 1085 2401 37.
1100 2373 1152 2402 382
1175 2375 1239 2399 ὅστε
1252 2375 1381 2405 μέηιστος
1402 2375 1498 2404 ’Ὅρκος
1510 2374 1596 2398 δεινό-

888 2416 970 2440 τατός
991 2423 1020 2439 τε
1042 2414 1120 2439 πέλει
1144 2413 1298 2444 μακάρεσσι
1325 2409 1520 2437 &sofan—820
1537 2418 1595 2446 pro

889 2450 1037 2488 mqjestate
1057 2453 1179 2476 tuorum.
1196 2449 1280 2477 Bene
1301 2448 1386 2476 Serv.
1407 2447 1595 2484 “Respexit

890 2489 927 2517 ad
943 2488 1115 2520 Saturnum,
1131 2486 1182 2524 qui
1196 2487 1225 2514 in
1239 2485 1512 2523 Italiaquandoque
1527 2495 1594 2522 reg-

891 2529 1013 2555 naverat
1027 2536 1034 2561 3
1057 2525 1127 2553 inde
1140 2525 1181 2552 ait
1194 2529 1309 2552 tuorum
1321 2532 1330 2558 ς
1345 2533 1411 2552 nam
1425 2527 1456 2552 et
1471 2523 1594 2551 Latinus

891 2564 961 2592 inde
975 2563 1121 2601 originem
1135 2563 1239 2591 ducit:
1260 2562 1339 2596 VII,
1357 2563 1407 2591 48.
1425 2560 1595 2590 49.”-822

893 2603 968 2640 {eyes
980 2605 1049 2630 sunt
1062 2601 1186 2629 soederis
1194 2600 1488 2629 conditiones.—823
1497 2600 1597 2635 Argu-

893 2645 923 2669 te
937 2641 1029 2678 poeta
1045 2649 1106 2668 rem
1127 2639 1199 2668 facti
1216 2640 1279 2677 jam
1300 2638 1337 2673 ad
1351 2639 1474 2667 deorum
1492 2637 1596 2664 volun-

884 2680 990 2708 ‘tatem
1003 2678 1140 2708 retrahit.
1182 2677 1259 2708 Nam
1273 2676 1384 2705 mansit
1398 2685 1503 2705 nomen
1517 2674 1599 2703 Lati-

1281 2716 1359 2756 41³
