1796 3077
576 262 846 302 AENEIDOS.

902 262 1004 302 Lm.
1031 263 1082 301 x.
1479 269 1575 315 567

129 383 342 439 Spemque
362 398 507 434 meam,
534 386 681 440 patriae
701 399 797 440 quae
816 399 927 426 nunc
945 386 1058 426 subit
1078 383 1226 426 aemula
1244 383 1374 434 laudi,

129 440 165 481 F
168 442 268 483 idite
288 456 340 484 ne
360 442 555 496 pedibus.
614 442 747 484 Ferro
767 442 1001 496 rumpenda
1013 457 1098 507 ‘per
1119 442 1262 483 hostes

131 497 214 538 Est
234 499 313 539 via.

373 498 472 545 Qua
491 499 642 553 globus
663 498 730 540 ille
750 499 884 539 virum
906 500 1175 539 denfflssimus
1195 505 1318 553 urget
1335 514 1343 538 :

130 552 228 595 Hac
244 569 317 596 vos
337 563 379 596 et
400 555 592 597 Pallanta
611 556 763 597 ducem
781 555 919 610 patria
939 555 1022 596 alta
1041 555 1237 609 reposcit.

129 609 318 653 Numina
337 612 451 653 nulla
468 620 663 667 premunt
679 630 689 662 ;
719 611 884 653 mortali
902 626 1103 666 urgemur
1122 613 1176 652 ab
1196 612 1318 652 hoste

1489 611 1574 652 375

129 665 359 719 Mortales3
391 670 568 711 totidem
587 670 708 711 nobis
728 669 960 722 animaeque
980 683 1224 723 manusque.

129 722 260 775 Ecce,
279 726 403 767 maris
419 741 572 782 magna
591 726 748 768 claudit
767 740 843 766 nos
864 726 999 778 objice
1022 734 1174 780 pontus
1191 742 1200 774 3

128 779 266 823 Deest
278 783 367 836 jam
386 790 497 824 terra
517 783 644 837 fugae.
705 782 887 836 Pelagus
908 782 1137 836 Trojamne
1158 784 1382 836 petemus?

131 836 240 879 Haec
259 840 329 888 ait,
350 846 393 880 et
411 840 573 880 medius
595 840 748 880 densos
768 840 1004 893 prorumpit
1023 840 1065 879 in
1080 839 1239 880 hostes.

131 894 295 935 Obvius
315 895 413 936 huic
433 896 626 950 primum,
639 895 736 936 fatis
756 895 966 937 adductus
986 896 1151 949 iniquis,

1492 896 1579 936 380

132 950 202 991 Fit
223 951 386 1006 Lagus:
418 952 545 1001 hunc,
565 967 718 1007 magno
737 951 852 994 vellit
872 953 973 993 dum
987 953 1175 1007 pondere
1196 967 1355 1002 saxum,

129 1006 294 1049 Intorto
314 1008 407 1063 figit
427 1008 524 1058 telo,
546 1009 785 1050 discrimina
804 1009 930 1049 costis

131 1063 216 1105 Per
235 1065 420 1106 medium
440 1081 525 1119 qua
544 1066 664 1120 spina
684 1066 837 1115 dabat;
868 1065 1115 1120 hastamque
1137 1072 1327 1120 receptat

134 1120 315 1162 Ossibus
334 1121 580 1163 haerentem.
640 1122 781 1169 Quem
800 1136 885 1163 non
905 1136 1033 1176 super
1053 1130 1234 1177 occupat
1254 1122 1408 1172 Hisbo,

132 1176 209 1219 Ille
232 1178 403 1232 quidem
421 1179 503 1221 hoc
522 1193 694 1233 sperans
715 1195 725 1219 z
756 1193 852 1219 nam
873 1177 1012 1219 Pallas
1033 1186 1129 1220 ante
1149 1186 1356 1228 ruentem,

1498 1178 1582 1218 385

133 1234 252 1275 Dum
272 1235 385 1284 furit,
406 1235 620 1276 incautum
640 1234 802 1276 crudeli
817 1241 952 1275 morte
972 1235 1141 1285 sodalis,

135 1289 323 1346 Excipit,
341 1298 468 1346 atque
488 1307 630 1333 ensem
650 1291 812 1333 tumido
831 1292 875 1332 in
893 1290 1090 1346 pulmone
1110 1291 1318 1333 recondit.

135 1346 250 1389 Hinc
271 1348 519 1390 Sthenelum
537 1350 660 1403 petit,
682 1356 725 1389 et
744 1348 897 1389 Rhoeti
917 1348 971 1389 de
991 1356 1117 1402 gente
1139 1355 1303 1389 vetusta

132 1404 458 1455 Anchemolum,
480 1405 685 1446 thalamos
707 1419 854 1445 ausum
873 1405 1078 1445 incestare
1099 1419 1304 1446 novercae.

134 1460 227 1502 Vos
248 1462 374 1502 etiam
393 1462 560 1516 gemini,
582 1461 756 1502 Rutulis
775 1460 984 1502 cecidistis
1000 1461 1042 1501 in
1063 1461 1185 1510 arvis,

1502 1459 1586 1500 390

134 1517 314 1567 Daucia,
338 1518 495 1559 Laride
512 1518 832 1572 Thymberque,
855 1516 1058 1558 simillima
1073 1517 1228 1573 proleS,

137 1573 374 1616 Indiscreta
394 1575 479 1616 suis
500 1583 730 1630 gratusque
750 1575 995 1629 parentibus
1017 1589 1160 1624 error3

135 1630 198 1672 At
217 1645 329 1672 nunc
349 1632 456 1672 (lura
475 1632 594 1673 dedit
613 1632 733 1672 vobis
754 1631 991 1671 discrimina
1012 1631 1151 1672 Pallas
1169 1648 1178 1671 :

135 1687 251 1728 Nam
270 1688 359 1737 tibi,
381 1688 617 1742 Thymbre,
640 1695 768 1743 caput
789 1687 1029 1728 Evandrius
1051 1687 1224 1729 abstulit
1244 1687 1352 1728 ensis
1370 1703 1380 1737 3

137 1743 204 1785 Te
225 1745 366 1785 decisa
384 1759 520 1795 suum,
545 1745 715 1794 Laride,
738 1745 915 1786 dextera
931 1745 1106 1797 quaerit3

1507 1741 1592 1782 395

138 1801 496 1856 Semianimesque
516 1802 670 1843 micant
689 1801 821 1856 digiti,
850 1800 1091 1856 ferrumque
1112 1807 1354 1843 retractant.

138 1857 332 1899 Arcades
354 1873 551 1900 accensos
570 1859 746 1907 monitu,
774 1866 816 1899 et
833 1857 1038 1912 praeclara
1058 1866 1224 1900 tuentes

138 1914 270 1956 Facta
288 1914 379 1965 viri,
402 1916 557 1956 mixtus
578 1914 699 1957 dolor
719 1922 762 1956 et
780 1915 921 1969 pudor
941 1923 1073 1956 armat
1092 1917 1134 1957 in
1150 1916 1309 1957 hostes.

139 2068 243 2097 aemula
256 2067 345 2102 laudi,
357 2077 417 2107 qua
430 2068 573 2098 virtutem
587 2072 745 2107 paternam
757 2079 849 2098 aemu-

138 2106 293 2136 lon—374
306 2107 375 2136 Hac
390 2117 451 2142 vos,
466 2112 499 2136 ut
512 2108 542 2136 in
558 2108 684 2146 patriam
707 2108 850 2143 redeatis,

141 2148 173 2173 et
183 2153 231 2174 me
244 2146 423 2174 incolumem
437 2146 602 2181 reducatis,
613 2156 669 2175 non
682 2147 755 2185 fuga
769 2157 850 2185 quae—

141 2183 265 2212 rendum
279 2190 339 2219 est,
353 2185 407 2213 sed
420 2185 475 2214 hac
491 2189 589 2214 turma
598 2186 850 2223 perrupta—375

146 2222 328 2260 Compar-art
339 2223 378 2251 Il.
392 2230 423 2258 φ,
437 2224 506 2256 568,
528 2225 587 2253 569
600 2228 631 2253 et
643 2225 681 2253 ad
694 2235 724 2252 v.
739 2225 797 2253 376
814 2224 852 2252 ll.

143 2274 168 2294 ι,
190 2262 367 2290 814.-377.
398 2262 457 2290 378
478 2262 648 2300 Pelagusne
668 2273 705 2291 an
721 2262 852 2301 Trojam.

147 2299 267 2337 Trnjam
292 2309 406 2333 novam,
434 2304 533 2329 castra
552 2302 758 2340 Trojanorum,
785 2312 853 2340 quae

144 2338 242 2366 adhuc
260 2347 331 2375 pars
350 2338 504 2376 copiarum
515 2340 609 2368 Turni
628 2340 800 2374 obsidebat,
821 2351 851 2369 v.

143 2377 214 2405 286.
228 2377 306 2405 conf.
331 2376 396 2411 IX,
419 2378 476 2406 130
489 2379 645 2416 sq.—382.
664 2380 723 2408 383
738 2379 849 2408 verbo:

143 2415 253 2444 vulnus
269 2415 354 2444 hasta
374 2415 496 2451 sactum,
519 2427 577 2455 qua
591 2422 678 2456 parte
700 2417 786 2455 spina
798 2427 853 2456 per

146 2453 280 2482 medium
299 2453 381 2482 dorsi
395 2454 476 2483 inter
494 2460 593 2484 costas
603 2457 763 2494 procedit:
784 2466 853 2494 quae

144 2491 314 2521 intervallis
333 2492 411 2521 inter
434 2503 468 2522 se
491 2493 630 2523 diremtae
645 2495 739 2533 spinae
754 2495 854 2524 adhae-

145 2532 320 2560 reah—384
330 2530 441 2560 Hisbos
451 2532 577 2570 perabat
584 2542 616 2561 se
623 2533 762 2567 Pallanti,
773 2538 854 2563 ante·

147 2579 238 2607 quam
253 2569 303 2598 ille
317 2570 433 2599 hastam
447 2581 464 2599 e
476 2570 551 2609 Lagi
558 2580 682 2609 corpore
690 2572 855 2610 reciperet,

146 2607 255 2636 vulnus
265 2608 418 2638 illaturum
428 2619 507 2643 esse,
518 2619 603 2648 super
614 2614 665 2639 aut
676 2614 723 2640 est
729 2611 855 2645 interea,

150 2656 241 2685 super
262 2646 329 2682 hoc,
351 2648 424 2676 dum
441 2648 471 2677 iu
489 2657 523 2677 eo
544 2652 718 2686 occupatur,
740 2654 792 2678 aut
809 2654 855 2678 est

149 2685 290 2723 desuper.
336 2686 469 2716 Pallanti
482 2686 637 2716 inclinanti
651 2696 683 2716 se
697 2688 734 2716 ad
746 2687 855 2726 reeipi-

150 2724 257 2753 endam
294 2724 409 2754 hastam
443 2726 551 2755 vulnus
583 2726 715 2764 desuper
747 2727 855 2757 inferre

890 2068 1011 2098 volebat
1024 2069 1148 2098 Hisbo:
1172 2068 1226 2097 sed
1247 2068 1279 2096 id
1303 2066 1464 2096 antevertit
1484 2065 1600 2102 Pallas,

890 2112 922 2136 et
938 2118 977 2136 ex
993 2108 1133 2136 inferiore
1147 2107 1215 2135 loco
1230 2116 1330 2135 ensem
1346 2106 1376 2134 in
1393 2106 1458 2142 ejus
1471 2114 1599 2142 corpore

890 2146 1074 2184 figit—358.
1094 2147 1152 2175 3259
1174 2145 1325 2174 Praeclara
1343 2144 1391 2172 hic
1412 2143 1511 2172 Servii
1530 2147 1600 2171 nota

891 2192 949 2220 est,
968 2185 1018 2223 qui
1034 2195 1071 2214 ex
1091 2185 1205 2213 Avieno
1220 2188 1249 2212 et
1268 2182 1443 2212 Alexandro
1457 2181 1600 2219 Pom-,is-

891 2228 955 2253 tore
974 2234 1062 2262 quem
1075 2223 1127 2252 ille
1149 2226 1294 2261 sequutus
1307 2221 1435 2253 videtur,
1452 2221 1518 2249 haec
1532 2229 1600 2248 nar-

891 2267 952 2291 rat:
982 2263 1114 2291 Rhoetus
1148 2261 1370 2290 Marrubiorum
1398 2259 1600 2296 (Marsorum,

893 2311 925 2330 V.
948 2301 1024 2335 VII,
1048 2301 1123 2338 750)
1144 2310 1213 2333 rex,
1237 2297 1422 2328 Anchemolo
1442 2297 1503 2326 filio
1524 2298 1602 2326 Cas-

890 2340 1003 2378 pariam
1024 2348 1184 2369 novercam
1212 2337 1477 2376 superinduxerat,
1510 2346 1600 2375 quam

890 2379 1047 2418 privignus
1066 2376 1227 2416 stupravit,
1249 2385 1410 2415 poenaeque
1427 2378 1456 2403 et
1474 2375 1527 2404 irae
1546 2385 1600 2413 pa-

891 2423 984 2447 ternae
999 2422 1081 2447 metu
1101 2417 1138 2445 ad
1153 2416 1294 2444 Daunum
1314 2414 1500 2452 confugerat,
1510 2413 1604 2442 Turni

892 2461 1018 2495 patrem.
1059 2456 1128 2492 Quo
1150 2454 1288 2492 exemplo
1300 2452 1458 2492 probabile
1479 2452 1523 2485 fit,
1545 2452 1604 2481 alia

893 2506 1013 2534 quoque
1033 2495 1123 2532 hujus
1145 2494 1265 2532 generis
1285 2491 1445 2521 memorari
1475 2501 1492 2520 a
1514 2493 1603 2530 poeta

894 2544 933 2562 ex
959 2534 1078 2571 antiqua
1102 2532 1181 2560 fama
1213 2536 1245 2561 et
1271 2530 1467 2568 scriptoribus
1501 2539 1602 2559 rerum

896 2572 994 2601 Italiae
1011 2574 1138 2601 servata,
1150 2570 1258 2599 -390.
1286 2571 1342 2598 391
1366 2568 1481 2598 Daucia
1494 2568 1604 2606 proles.

896 2610 969 2639 Fuit
1001 2620 1074 2648 ergo
1108 2610 1232 2638 Daunus
1263 2607 1385 2646 aliquis,
1430 2608 1517 2644 cnjus
1551 2605 1604 2634 filii

894 2649 1019 2679 Larides
1045 2653 1076 2677 et
1095 2648 1246 2686 Thymber
1268 2647 1320 2676 vel
1342 2647 1524 2683 Thymbrus.
1545 2645 1603 2687 3923

895 2694 927 2716 nt
949 2699 986 2717 ne
1006 2698 1022 2717 a
1042 2687 1104 2717 suis
1130 2687 1249 2725 quidem
1277 2686 1453 2726 parentibus
1474 2683 1603 2712 discerni

897 2732 1026 2760 nossent.
