1796 3077
651 212 922 253 AENEIDOS.
975 212 1076 251 LIB.
1107 212 1178 251 VI.

1539 215 1636 261 483

163 332 431 389 Magnanimi
446 333 614 385 heroes,
635 336 723 377 nati
744 335 987 378 melioribus
1009 335 1142 384 annis,

162 390 350 446 Ilusque,
367 392 705 448 Assaracusque,
728 401 771 434 et
791 393 938 448 Trojae
956 393 1188 433 Dardanus
1209 397 1371 433 auctor.
1543 389 1628 430 650

160 447 299 490 Arma
318 449 467 504 procul
487 465 722 505 currusque
742 452 877 491 virum
898 451 1074 491 miratur
1094 450 1255 491 inanes.

161 505 288 546 Stant
308 514 423 548 terra
443 507 599 549 (lefixae
619 508 767 557 hastae,
786 508 1028 562 passimque
1045 506 1171 548 soluti

160 561 248 604 Per
268 579 439 619 campos
462 573 696 619 pascuntur
717 566 831 620 equi.

892 565 1005 612 Quae
1035 565 1173 619 gratia
1194 577 1396 606 curruum

158 619 476 676 Armorumque
495 622 575 663 fuit
596 624 710 672 vivis,
732 638 828 677 quae
848 637 950 663 cura
966 623 1149 663 nitentes

159 676 343 720 Pascere
364 695 510 734 equos,
532 680 681 721 eadem
702 682 894 734 sequitur
915 679 1064 721 tellure
1081 686 1290 734 repostos.
1539 672 1623 716 655

159 735 393 790 Conspicit,
416 752 528 787 ecce,
550 737 653 778 alios
676 738 829 778 dextra
849 737 1038 791 laevaque
1054 751 1132 791 per
1148 736 1338 786 herbam,

157 791 200 833 V
204 801 408 843 escentes,
430 793 658 847 laetumque
681 793 813 835 choro
836 793 994 834 Paeana
1014 802 1228 843 canentes,

156 848 275 891 Inter
296 851 521 891 odoratum
539 850 646 891 lauri
661 865 831 891 nemus:
863 851 977 891 unde
1000 865 1182 904 superne

156 906 370 948 Plurimus
392 908 574 948 Eridani
594 923 671 962 per
692 907 836 949 silvam
856 907 1035 948 volvitur
1056 908 1201 949 amnis.

155 963 243 1004 Hie
263 979 424 1014 manus,
446 966 502 1006 ob
515 966 696 1020 patriam
712 966 944 1019 pugnando
965 965 1140 1006 vulnera
1159 965 1286 1020 passi,
1535 961 1621 1003 660

158 1021 331 1076 Quique
354 1023 596 1063 sacerdotes
610 1023 727 1071 casti,
746 1023 848 1063 dum
869 1024 954 1063 vita
968 1023 1180 1072 manebat,

157 1078 331 1134 Quique
352 1080 411 1135 pii
426 1087 558 1130 vates,
581 1087 623 1121 et
645 1079 816 1121 Phoebo
836 1080 966 1134 digna
990 1079 1136 1130 locuti,

154 1270 206 1290 san
225 1261 356 1302 Virgilio
370 1263 427 1293 hoc
448 1263 605 1302 epitheton
621 1275 659 1295 ex
673 1265 742 1295 loco
758 1265 862 1299 Hom„

153 1310 243 1338 quem
266 1304 420 1341 expressit
441 1303 532 1333 Iliad.
556 1319 581 1339 υ,
595 1305 652 1333 231
667 1315 734 1343 sqq.
751 1308 826 1334 Ἶλός
840 1307 862 1334 τ’

152 1340 320 1374 Ἀσσάρακός·
338 1355 367 1370 τε
383 1346 426 1371 καὶ
442 1346 564 1373 ἀντίθεος
578 1346 742 1379 Γανυμήὸης,
762 1348 808 1373 ’Ὁς
831 1348 863 1379 ὀὶ]

151 1382 304 1410 κάλλιστος
322 1384 416 1416 ’γένετο
440 1385 540 1414 θνητῶν
563 1386 706 1416 ἀνθρώπων
727 1387 786 1411 eto.
801 1383 865 1412 nali

150 1418 317 1448 melioribus
351 1420 447 1452 (omis,
477 1421 642 1449 secuudum
691 1421 863 1450 Hesiodum

151 1456 219 1491 hoc,
234 1457 254 1485 l.
270 1468 308 1492 c.,
324 1462 354 1486 et
368 1458 410 1487 sic
421 1459 471 1487 alii
481 1460 518 1488 (le
528 1460 660 1492 heroum,
672 1464 761 1498 atque
773 1460 862 1490 etiam

152 1495 190 1523 de
199 1505 289 1525 aurea
299 1501 400 1526 aetate.
412 1498 566 1527 Laudatur
575 1499 687 1528 Catuli.
700 1500 792 1534 LXI,
805 1502 860 1529 222:

156 1532 183 1561 Ο
207 1534 295 1563 nimis
325 1541 422 1573 optato
453 1537 603 1566 sceclormn
634 1543 761 1576 tempore
788 1538 862 1573 nati,

151 1572 279 1608 Hcroes,
304 1575 430 1604 salvete:
460 1576 542 1605 deum
564 1578 861 1614 genus.-(i51—(j.35

151 1611 274 1642 Rursus
302 1614 339 1642 ad
368 1615 493 1643 Pindari
519 1616 643 1644 ductum
667 1616 728 1644 l.c.
752 1616 862 1645 Paullo

151 1651 242 1680 aliter
255 1652 320 1681 haec
331 1656 459 1682 tractata
472 1664 488 1682 a
504 1654 633 1683 Platone
650 1655 707 1683 sub
725 1655 745 1682 s.
758 1655 810 1683 lib.
825 1655 859 1684 X

150 1692 189 1719 de
218 1691 388 1729 Rep.-Ad
416 1692 463 1721 sui
486 1693 632 1731 temporis
656 1694 777 1732 negotia
795 1694 860 1723 hacc

149 1730 406 1759 revocavitOvid.
422 1732 500 1760 Met.
516 1733 554 1761 lv
567 1755 573 1766 ,
587 1733 721 1770 >3⁷1⁷tsqq.
743 1733 859 1762 Melius

150 1767 241 1796 Maro
256 1769 404 1798 heroicam
421 1771 513 1799 vitani
529 1772 672 1800 servavit.
702 1772 860 1800 Describit

150 1811 250 1835 autem
273 1808 335 1837 otia
359 1810 526 1838 castrensia
558 1821 586 1838 v.
610 1821 638 1839 c.
669 1810 707 1838 Il.
736 1824 763 1845 νγ,
791 1812 858 1839 13ῑ5.

149 1845 308 1875 Heroibus
329 1847 502 1877 Homericis
524 1859 628 1887 magna
641 1849 751 1887 qratia,
774 1849 859 1878 ideo-

148 1894 207 1922 que
225 1895 320 1920 amor,
336 1890 382 1915 est
396 1887 513 1916 militiae
534 1888 660 1916 curulis.
700 1889 750 1917 Ad
774 1888 858 1917 meli-

148 1932 231 1952 orem
266 1925 360 1954 nostri
397 1927 456 1955 aevi
495 1927 715 1965 philosophiam
759 1927 858 1965 Elysii

146 1962 319 2001 voluptates
335 1967 566 1995 accommodatae
583 1971 652 1995 sunt
673 1966 701 1994 iu
721 1966 856 1995 Telema-

150 2001 205 2030 cho
234 2002 289 2032 lib.
310 2002 411 2032 XIX.
432 2004 604 2043 651proczcl
627 2005 766 2038 miratur,
787 2015 855 2034 cum

146 2040 305 2070 miratione
319 2043 480 2081 prospicit.
520 2044 718 2073 Homericum
739 2047 856 2077 θηεΐται.

148 2088 250 2123 currus
266 2080 376 2116 inanes,
393 2081 493 2121 simpl.
507 2083 647 2121 quoniam
668 2083 789 2112 adstant
803 2094 854 2112 va-

147 2127 198 2146 cui
213 2119 449 2150 dominis—055
463 2120 561 2151 tellure
574 2126 715 2160 reposto&
728 2126 760 2151 ut
769 2123 854 2158 alibi,

147 2157 275 2192 conditi,
314 2160 633 2190 mortui.—656—659
671 2161 742 2190 Hoc
785 2172 854 2191 cuin

148 2195 289 2225 Axiocho
307 2197 329 2225 l.
353 2208 379 2226 c.
398 2199 854 2238 comparandum.—Vescenres,

146 2234 252 2272 epulas
273 2235 482 2267 celebrantes:
505 2239 596 2268 etiam
620 2239 663 2268 sic
682 2239 733 2268 inf.
756 2240 854 2273 VIII,

147 2274 215 2302 182.
242 2275 309 2303 183.
327 2274 418 2304 iidem
441 2277 538 2312 choro,
559 2278 588 2307 in
604 2278 707 2313 choro,
728 2278 852 2307 chorum

146 2312 293 2347 duceud0‚
308 2316 444 2345 ἀείδοντες
453 2319 583 2351 Παιήονα,
596 2321 630 2346 ut
639 2317 767 2352 Iliad«,
782 2319 851 2353 391,

146 2351 269 2387 Achivi,
284 2356 314 2381 et
337 2352 460 2390 quidem
483 2355 513 2383 in
538 2359 621 2399 grato
641 2366 773 2392 nemore,
796 2367 853 2394 per

147 2391 241 2428 quod,
256 2394 291 2420 ut
314 2392 472 2421 amoenitas
492 2393 550 2422 loci
570 2395 664 2432 major
679 2399 771 2431 esset,
796 2396 850 2425 de-

146 2429 266 2459 scendit
280 2431 385 2459 amnis.
406 2432 475 2460 367.
488 2431 653 2462 Eridanum
662 2438 760 2463 autem
769 2435 851 2472 quod

145 2468 339 2506 potissimum
379 2470 523 2508 appellat,
564 2473 703 2510 suspicor
739 2473 851 2503 fabulis

146 2508 315 2545 poetarum,
346 2509 398 2546 qui
426 2510 629 2548 Argonautica
652 2512 849 2550 scripserunt,

146 2545 263 2580 deberi,
278 2557 295 2575 a
308 2548 418 2586 quibus
439 2549 528 2586 plura
552 2549 692 2578 videntur
713 2551 850 2580 fabulose

148 2584 186 2613 de
213 2585 344 2615 Eridano
370 2588 480 2616 tradita
505 2597 583 2622 esse,
610 2589 738 2618 fortasse
760 2591 851 2619 etiam

147 2622 216 2657 hoc,
232 2625 312 2662 quod
324 2625 362 2654 ad
377 2626 443 2655 loca
455 2626 505 2655 ille
514 2627 609 2655 infera
617 2627 760 2657 desertur-
772 2630 851 2658 conf.

146 2661 291 2700 Apollon.
304 2663 364 2699 IV,
381 2665 441 2694 {527
457 2676 503 2704 sq.
525 2666 601 2695 Nam
627 2666 694 2700 hoc,
710 2668 791 2705 quod
813 2669 852 2697 ad

147 2700 277 2730 inferum
291 2712 372 2732 mare
387 2705 493 2739 tendit,
508 2708 571 2737 aut.
585 2705 667 2744 quod
685 2715 741 2734 non
760 2706 850 2745 longe

147 2749 165 2768 a
184 2740 318 2770 fontibus
343 2742 407 2772 suis
428 2744 600 2773 cuniculum
614 2744 718 2774 subter
741 2748 850 2776 teu-mm

903 1272 958 1300 per
979 1263 1040 1292 duo
1066 1262 1159 1292 millia
1187 1264 1288 1299 subit3
1325 1263 1446 1302 po‘e'tam
1462 1262 1616 1292 adducere

903 1301 956 1330 vix
981 1302 1093 1340 potuit,
1111 1308 1143 1332 ut
1158 1304 1195 1332 ad
1223 1303 1335 1332 inferos
1362 1312 1431 1331 euin
1451 1302 1616 1339 relegaret.

903 1351 1037 1378 superne,
1059 1342 1088 1370 h.
1111 1352 1137 1371 e.
1162 1353 1201 1371 ex
1226 1343 1353 1371 editiore
1379 1342 1458 1375 loeo,
1480 1341 1616 1375 vcstitur,

904 1381 1169 1418 venit‚p(urinms;
1184 1382 1299 1410 dictum
1314 1382 1465 1419 eleganter
1480 1381 1517 1408 :id
1533 1390 1616 1418 mag-

904 1428 971 1446 nam
1003 1429 1145 1457 aquarum
1178 1420 1295 1457 copiam
1323 1420 1536 1457 designandam
1551 1430 1557 1447 :
1582 1423 1615 1447 ut

904 1456 920 1484 I
947 1458 1002 1487 Ge.
1025 1460 1080 1487 157
1104 1469 1162 1487 mix
1177 1459 1319 1497 plurimu.
1350 1459 1444 1495 Apud
1473 1458 1614 1486 Servium

902 1506 970 1534 sup.
987 1497 1025 1525 ad
1043 1508 1068 1526 v.
1085 1499 1143 1526 603
1159 1498 1303 1526 Tantalus
1324 1497 1354 1526 in
1373 1496 1508 1526 Eridano
1530 1496 1612 1534 Itis'e-

902 1541 1087 1565 Torum-sture
1105 1542 1257 1572 narratum
1272 1547 1331 1575 quo
1352 1536 1470 1574 liquere
1488 1536 1612 1564 videtur

902 1574 991 1602 etiam
1018 1576 1056 1603 al)
1091 1576 1158 1604 aliis
1186 1576 1287 1613 poetis
1316 1575 1482 1603 Eridanum
1520 1575 1610 1603 simili

902 1613 1016 1642 ratione
1032 1614 1060 1641 in
1075 1614 1177 1642 inseris
1193 1615 1287 1643 fuisse
1303 1614 1488 1642 celebratum
1506 1624 1512 1641 :
1541 1614 1611 1642 hac-

901 1654 988 1680 tenus
1003 1654 1188 1690 sequendum
1209 1658 1267 1687 est,
1281 1653 1362 1691 quod
1378 1653 1454 1682 inter
1468 1653 1611 1682 Scrviana

900 1689 1048 1727 habetur3
1070 1696 1089 1709 “
1101 1692 1162 1721 Alii
1177 1692 1340 1721 Eridanum
1355 1701 1409 1730 pro
1431 1701 1609 1730 quoeunque

900 1731 1061 1768 accipiunt,
1090 1736 1120 1760 et
1145 1731 1249 1759 dicunt
1276 1733 1333 1759 κατ’
1362 1733 1459 1765 ἐξοχὴν
1482 1731 1610 1765 dictum,

899 1778 965 1796 nznn
987 1770 1116 1807 legimus
1138 1770 1154 1798 I
1177 1771 1323 1805 Gestis&
1346 1769 1516 1798 Furi-iorum
1544 1769 1610 1799 Rex

899 1807 1061 1837 Eriit'cnms.
1104 1810 1144 1837 Et
1168 1813 1266 1837 amant
1280 1810 1379 1846 pectre
1404 1818 1460 1846 pro
1476 1808 1609 1846 appella-

899 1846 977 1875 tione
994 1857 1107 1884 ponere
1123 1857 1237 1886 magum
1252 1852 1282 1876 et
1295 1848 1323 1875 in
1337 1857 1391 1875 suo
1409 1858 1514 1885 genere
1527 1858 1607 1885 prze-

898 1884 987 1914 clarau
1005 1887 1047 1915 rei
1061 1887 1289 1925 proprietatem,
1308 1891 1341 1915 ut
1356 1887 1369 1914 Ι
1387 1886 1444 1915 Ge.
1460 1888 1497 1914 9:
1515 1897 1606 1924 pocu-

897 1924 1111 1954 l‹zAcl1el0ia.’'
1137 1926 1234 1954 Etiam
1250 1926 1453 1954 Callimachus
1469 1925 1607 1963 fragium.

896 1972 927 2000 p.
941 1965 999 1992 473
1025 1974 1041 1993 e
1065 1966 1166 1993 Strab.
1195 1964 1260 1999 lx,
1282 1966 1340 1993 (505
1367 1965 1535 1993 Eridanum
1564 1965 1605 1995 ita

895 2002 1015 2032 dixerat
1028 2013 1084 2041 pro
1099 2004 1219 2032 flumine
1235 2004 1363 2032 omnino.

933 2043 992 2070 (isso
1006 2052 1074 2080 sqq.
1092 2043 1192 2071 Locus
1208 2043 1245 2071 de
1261 2043 1381 2080 piorum
1395 2043 1485 2071 turba
1507 2042 1536 2070 in
1550 2052 1604 2071 no·-

894 2079 1052 2109 bilioribus
1065 2081 1150 2110 facile
1164 2081 1316 2119 princeps,
1331 2085 1372 2115 et,
1383 2091 1471 2119 quem
1486 2092 1502 2109 a
1515 2091 1605 2119 geue-

895 2119 1008 2147 rosiore
1029 2120 1127 2148 animo
1147 2121 1198 2148 vix
1225 2127 1299 2158 puto
1321 2120 1382 2158 legi
1399 2130 1499 2157 posse,
1528 2120 1600 2157 quin

894 2157 1057 2187 incalescat
1072 2163 1101 2187 et
1116 2168 1230 2197 magnae
1244 2159 1365 2187 virtutis
1374 2158 1476 2187 studio
1487 2159 1603 2187 inflam-

894 2202 1008 2226 metur:
1026 2197 1370 2235 imitationeexpressus
1385 2208 1400 2226 a
1413 2197 1488 2225 Silio
1497 2197 1602 2232 XIII,

893 2237 950 2264 533
964 2247 1029 2274 sqq.
1045 2241 1075 2265 et
1088 2247 1104 2265 a
1118 2236 1220 2265 valer.
1236 2236 1285 2264 Fl.
1299 2235 1328 2266 I,
1342 2236 1401 2264 836
1416 2246 1462 2274 sq.
1492 2236 1599 2265 Sacer-

892 2275 972 2304 dotes
989 2275 1078 2310 *cas-ti,
1092 2275 1143 2313 qui
1166 2285 1252 2304 sacra
1276 2278 1369 2311 caste,
1388 2285 1465 2312 pure
1490 2284 1525 2303 ac
1548 2276 1601 2313 pie

892 2315 1164 2349 cu1·averant‚dum
1186 2314 1339 2343 vivebant.
1385 2313 1486 2348 Vates,
1506 2314 1599 2343 Silius

892 2353 966 2382 ibid.
982 2364 1011 2382 v.
1032 2355 1090 2383 535
1104 2364 1109 2381 z
1131 2353 1271 2392 qui—nec
1286 2352 1466 2390 dediqnanda
1480 2354 1602 2391 parenti

894 2392 1034 2421 Carmina
1040 2393 1184 2430 fuderunt
1197 2391 1325 2427 Plzaebffi·
1346 2392 1384 2420 de
1398 2392 1498 2430 po'e‘tis
1513 2402 1598 2421 acce-

890 2431 946 2469 pit.
956 2432 1012 2470 pii,
1026 2432 1078 2468 qni
1096 2431 1205 2461 Phoebo
1219 2430 1306 2468 (liqna
1321 2430 1495 2469 loquuntur,
1510 2441 1599 2470 gran—

891 2471 950 2506 dia,
973 2471 1122 2504 sublimia,
1144 2469 1289 2508 praeclara
1301 2473 1420 2498 canunt.
1460 2471 1503 2500 At
1526 2474 1599 2508 post

891 2510 1164 2539 iuventoresartiunz
1172 2513 1198 2537 et
1207 2508 1414 2538 cormnodorum
1421 2508 1498 2544 vitoe,
1509 2519 1598 2544 nunc,

897 2549 1006 2587 Wmique
1022 2549 1068 2577 sui
1090 2557 1230 2576 manzeres
1249 2547 1323 2576 alios
1336 2549 1434 2585 fecere
1453 2549 1597 2582 merendo,

891 2587 943 2625 qui
957 2588 994 2616 de
1010 2587 1075 2615 aliis
1089 2590 1272 2620 meruerunt,
1287 2586 1489 2625 pulcherrimo
1506 2596 1597 2616 versu

890 2628 948 2655 «5011
964 2630 1084 2654 ornate:
1106 2635 1221 2664 magnae
1236 2625 1296 2655 illae
1312 2630 1341 2654 et
1356 2626 1465 2655 divinae
1477 2626 1595 2657 animm,

891 2675 959 2704 quae
977 2666 1052 2694 bene
1065 2665 1103 2693 de
1118 2674 1226 2703 genere
1239 2664 1368 2694 humano
1381 2666 1497 2694 meritae
1507 2668 1593 2693 sunt:

892 2705 1001 2742 quihus
1014 2704 1063 2732 vel
1079 2714 1138 2732 una
1152 2704 1216 2733 haec
1230 2703 1405 2733 meritorum
1414 2702 1597 2733 couscientia

892 2745 921 2772 in
936 2743 1028 2773 altera
1041 2743 1103 2773 vita
1115 2753 1277 2782 perennem
1292 2743 1477 2782 voluptatem
1490 2741 1596 2774 allatu—

1269 2784 1342 2824 31<
