1796 3077
580 206 921 246 GEORGICON.
979 206 1080 245 ΜΒ.
1111 207 1181 245 IV.

152 330 419 385 Arentesque
441 344 569 379 rosae,
591 338 664 372 aut
685 331 771 386 igni
792 330 965 385 pinguia
984 330 1115 371 multo

149 388 351 437 Defruta,
373 387 438 428 vel
460 387 623 428 Psithia
643 402 787 442 passos
807 388 860 428 de
880 388 963 428 vite
984 402 1184 435 racemos,

154 444 491 499 Cecropiumque
513 444 716 498 thymum,
739 453 780 486 et
801 459 928 500 grave
949 444 1102 485 olentia
1122 450 1361 485 centaurea.

151 499 233 542 Est
251 503 377 543 etiam
396 501 474 542 flos
493 504 534 542 in
554 503 699 556 pratis,
719 503 786 543 cui
806 516 959 542 nomen
979 501 1129 542 amello

149 558 309 601 Fecere
329 558 537 614 agricolae,
560 558 691 600 facilis
711 559 998 613 quaerentibus
1020 559 1177 607 herba3

150 615 349 671 Namque
370 631 454 657 uno
474 617 687 671 ingentem
706 616 815 657 tollit
834 616 888 657 de
910 616 1068 670 cespite
1089 614 1246 662 silvam,

148 671 320 715 Aureus
341 674 457 727 ipse3
491 673 567 715 sed
587 674 628 713 in
649 673 770 723 foliis,
791 688 887 728 quae
907 672 1086 728 plurima
1106 674 1263 714 circum

149 729 418 779 Funduntur‚
440 730 560 771 violae
576 729 770 771 sublucet
790 745 981 784 purpura
999 731 1155 785 nigrae3

148 786 275 842 Saepe
296 787 424 829 desim
443 788 562 828 nexis
583 795 742 828 ornatae
760 788 982 841 torquibus
1002 802 1110 836 arae3

149 843 292 900 Asper
310 845 353 885 in
374 859 447 885 ore
464 859 613 898 sapor3
646 845 776 884 tonsis
797 844 839 884 in
860 843 1035 884 vallibus
1057 843 1172 885 illum

148 900 348 943 Pastores
369 908 412 942 et
431 915 560 942 curva
579 899 725 955 legunt
746 915 881 955 prope
901 900 1073 940 flumina
1096 899 1251 942 Mellae.

147 957 291 1013 Hujus
313 958 491 999 odorato
513 957 675 998 radices
695 958 875 1012 incoque
899 956 1085 1006 Baccho,

148 1014 398 1069 Pabulaque
418 1015 461 1055 in
481 1014 641 1055 foribus
662 1013 796 1069 plenis
816 1029 984 1068 appone
1005 1013 1208 1055 canistris.

1518 1010 1602 1051 280

204 1072 292 1114 Sed
309 1072 343 1113 si
363 1087 489 1127 quem
508 1070 648 1126 proles
671 1072 810 1113 subito
833 1071 1038 1113 defecerit
1059 1071 1204 1119 omnis,

146 1182 212 1212 scil.
227 1183 287 1213 illis
302 1181 452 1218 mellibus,
468 1194 536 1223 quae
551 1184 695 1213 infundis.
735 1183 854 1213 Colum.

146 1222 175 1251 1.
192 1223 219 1251 l.
240 1223 338 1259 Galla,
353 1232 530 1252 excrescens
552 1223 604 1252 ille
627 1224 655 1252 in
676 1222 854 1261 glandifera-

146 1270 213 1290 rum
235 1261 441 1291 nonnullarum
469 1263 607 1291 arborum
638 1262 717 1291 foliis
744 1267 854 1296 tumor,

145 1299 268 1329 insectis
291 1301 444 1339 gravidus,
460 1301 672 1340 astringentem
692 1301 784 1330 habet
805 1311 854 1329 na-

147 1342 243 1367 turam
265 1340 362 1378 (unde
380 1338 408 1368 h.
424 1340 444 1368 l.
463 1350 551 1378 sapor
590 1340 656 1368 allae
676 1350 732 1378 pro
749 1339 854 1378 galla),

144 1376 246 1415 itaque
260 1378 440 1416 profluvium
456 1379 538 1407 sistit
551 1389 566 1407 a
582 1379 623 1412 vi,
644 1389 703 1417 quo
719 1378 855 1407 laborant

144 1425 216 1445 vere
240 1427 279 1445 ex
301 1422 384 1446 certo
406 1417 511 1455 pabuli
533 1418 619 1446 verni
642 1427 747 1454 genere
770 1427 854 1455 apes.

144 1455 224 1484 conf.
247 1455 365 1485 Colum.
387 1455 452 1490 IX,
469 1457 517 1491 13,
538 1458 574 1493 23
598 1457 694 1485 Varro
717 1456 783 1490 111,
807 1458 855 1491 16,

145 1494 296 1524 ‘za—269
329 1494 450 1524 Psithia
474 1495 544 1524 vitis
573 1495 734 1524 utilissima
757 1494 856 1533 passis

146 1533 214 1561 uvis
226 1536 257 1561 et
272 1533 458 1563 conficiendo
473 1535 543 1563 inde
558 1534 626 1563 vino
641 1544 740 1572 passo.
754 1544 783 1562 v.
799 1535 855 1562 Ge.

146 1571 195 1606 11,
209 1573 259 1600 93.
277 1572 535 1611 H.-D‹1srulum‚
552 1578 684 1601 mustum
698 1572 856 1601 decoctum

146 1611 184 1639 ad
205 1610 356 1640 dimidiam
380 1616 505 1650 partem,
529 1612 626 1649 (quod
642 1620 713 1639 vero
735 1610 771 1639 ad
797 1614 856 1639 ter-

145 1649 217 1679 tiam
232 1650 424 1689 decoquitur,
446 1660 547 1689 sapam
566 1650 686 1686 vocant)
710 1653 740 1677 et
761 1649 854 1677 multo

144 1688 209 1727 igni
223 1688 346 1727 pingue,
362 1689 391 1717 h.
406 1699 432 1718 e.
448 1689 603 1727 coquendo
619 1688 794 1726 spissatum.
819 1688 853 1716 S.

143 1728 241 1755 —2711
254 1727 478 1766 Cecropiumque
489 1727 626 1766 thymum,
638 1737 666 1756 v.
678 1736 744 1765 sup.
757 1736 784 1754 v.
797 1727 855 1755 112

148 1767 437 1794 lta—centauream
466 1776 492 1795 s.
520 1765 718 1799 centaurium,
757 1766 854 1803 majus

145 1810 176 1834 et
189 1803 298 1838 minus,
317 1804 475 1843 (cemaury
482 1807 507 1843 ),
529 1815 545 1833 a
559 1805 707 1833 Centauro
721 1804 851 1833 Chirone

145 1853 253 1872 nomen
277 1843 380 1872 traxit.
399 1844 459 1872 vid.
476 1843 557 1872 Plin.
572 1843 684 1878 XXV,
701 1843 730 1871 4.
753 1853 777 1872 s.
795 1844 849 1871 14:

142 1883 171 1911 θ.
195 1892 220 1911 s,
241 1882 288 1911 30.
308 1883 455 1910 :ih—271
472 1882 670 1912 Consentiunt
690 1881 747 1910 viri
767 1882 851 1910 docti

143 1920 172 1949 in
189 1921 255 1955 hoc,
272 1920 404 1949 amellam
419 1931 486 1950 esse
500 1921 636 1950 Asterem
649 1920 780 1949 Atticum
796 1931 851 1949 εγε-

139 1959 253 1988 ruleum
281 1959 437 1998 vulgarem,
475 1960 601 1998 (purple
629 1959 739 1988 Italian
768 1960 851 1988 Star-

142 2002 230 2027 wort.
243 1998 295 2035 S.)
316 2008 404 2042 quem
426 1999 455 2027 in
475 1997 576 2030 Italia.
597 1998 699 2027 Sicilia
711 2002 741 2027 et
755 1998 853 2026 Gallia

143 2037 342 2071 Narbonenm,
357 2037 476 2066 incultis
490 2041 521 2067 et
535 2037 649 2076 asperis
664 2037 851 2066 convallibus

143 2076 254 2114 passim
276 2075 357 2105 nasci
378 2076 474 2105 Raius
488 2080 636 2112 testatum
658 2076 736 2105 uude
748 2076 852 2113 facilis

141 2114 334 2153 quaerentibus
357 2114 454 2144 herba.
494 2116 571 2154 Ejus
595 2116 718 2144 formam
740 2115 850 2143 excudi

141 2153 261 2182 curavit
273 2153 433 2182 Martinus.
473 2154 593 2193 Pugnat
607 2158 704 2183 tamen
719 2163 774 2192 plo
788 2163 851 2182 me-

141 2191 227 2220 liloto
247 2192 319 2220 flore
340 2192 421 2222 luteo
441 2192 583 2231 (Trifolio
597 2203 625 2222 n.
638 2195 667 2221 5.
682 2203 730 2231 ap.
746 2192 849 2228 Linn.)

144 2230 260 2259 Wedel
278 2231 412 2260 Exercit.
426 2232 503 2260 med.
520 2231 624 2270 philol.
639 2232 725 2260 Ceut.
739 2232 767 2259 3.
784 2232 848 2259 Ex-

140 2279 201 2298 ere.
217 2270 343 2298 5.—273
354 2280 410 2298 uno
423 2270 456 2298 de
469 2271 583 2308 cespite,
602 2271 632 2300 h.
655 2280 711 2299 uno
729 2270 849 2299 eodem-

143 2318 202 2347 que
217 2307 273 2337 soli
286 2307 370 2344 10003
391 2312 422 2337 at
442 2308 650 2348 Philargyrius
670 2308 788 2338 doctius
812 2309 849 2338 de

141 2347 243 2376 radice
257 2346 378 2385 accipit,
387 2350 422 2375 ut
434 2356 527 2386 ces-pes
539 2349 674 2377 sitradix
687 2347 847 2385 cespitosa,

143 2386 227 2415 fibris
244 2385 322 2414 inter
345 2395 378 2414 se
398 2385 541 2423 implexa.
581 2387 658 2415 Sane
685 2387 710 2415 si
731 2395 789 2414 uno
810 2386 848 2415 de

140 2425 218 2459 loco,
239 2424 329 2454 etiam
357 2433 413 2452 una
437 2425 475 2452 de
495 2424 595 2454 radice
618 2426 719 2464 plures
745 2425 848 2453 caules

141 2464 251 2493 emittit
263 2463 473 2491 herba—274.
487 2465 543 2491 275
565 2464 637 2492 flore
658 2464 746 2498 flavo,
767 2463 848 2492 foliis

141 2502 301 2541 purpureis
310 2501 445 2531 violaceo
456 2501 662 2531 colocen—276
672 2502 775 2531 Solent
787 2512 847 2531 arae

144 2541 232 2570 sertis
255 2551 295 2570 ex
320 2541 375 2569 hoo
402 2540 509 2569 amello
533 2541 619 2569 nexis
643 2541 847 2570 ornari.-—-Z77

144 2579 247 2609 Tonsis
268 2580 298 2608 in
317 2579 448 2613 vallibus,
493 2588 545 2607 uas
568 2580 698 2616 pecudes
725 2580 849 2608 tondent

142 2618 189 2656 (v.
210 2618 268 2647 Ge.
286 2618 315 2653 Ι,
337 2620 383 2648 15.
406 2621 438 2647 et
461 2627 477 2646 a
492 2618 534 2655 .);
555 2627 621 2646 nam
646 2622 848 2647 memorantur

161 2660 281 2692 astures,
331 2657 361 2686 ui
385 2657 464 2686 inter
492 2656 675 2694 pascendum
705 2656 848 2694 colligunt

136 2667 274 2724 berham.
339 2696 515 2725 .—-Tonsum
540 2695 753 2733 interpretatur
778 2692 847 2723 Ser-

140 2733 221 2771 vius,
244 2745 298 2762 mm
324 2735 482 2773 sylvanum
511 2735 626 2764 Ruaeus
648 2738 678 2763 et
705 2734 732 2763 la
752 2733 849 2762 Cerdu

894 1183 950 1212 hoc
964 1182 1117 1220 epitheton
1127 1182 1166 1211 de
1181 1180 1308 1210 vallibus
1317 1181 1445 1220 (pratis)
1455 1181 1605 1210 demessis

893 1221 1074 1259 intelligunt.
1087 1221 1222 1249 ›st-27&
1236 1220 1338 1249 Mella.
1350 1220 1607 1248 Brixia-Flavus

894 1270 981 1299 quam
999 1259 1078 1288 ’11ιοὶΙὶ
1091 1259 1241 1298 prr-currit
1253 1259 1372 1296 flumine
1386 1258 1478 1287 Mella
1493 1257 1606 1287 Catull.

893 1301 943 1334 (57,
959 1300 1008 1328 33.
1038 1299 1179 1328 Fluvium
1195 1308 1231 1327 ex
1247 1297 1355 1326 vicinia
1369 1297 1432 1335 agri
1446 1297 1603 1326 Mantuani

893 1342 1090 1367 memoratum
1119 1338 1312 1366 vides—:279
1339 1336 1457 1365 odorato
1477 1335 1604 1369 Baccho,

894 1377 995 1415 simpl.
1011 1380 1172 1411 ἀνθοσμίαν,
1184 1380 1312 1410 εὔοσμον,
1325 1378 1421 1409 εὺὼθη,
1433 1375 1603 1403 utTheocr.

895 1415 988 1450 XIV,
1011 1417 1059 1448 16,
1081 1416 1218 1447 odorum,
1259 1423 1414 1443 enerosum
1430 1414 1545 1448 vinum,
1559 1413 1603 1442 iu-

895 1454 1008 1493 tellige.
1024 1454 1062 1483 cf.
1077 1454 1194 1483 Colum.
1210 1454 1241 1482 L
1268 1475 1274 1487 ,
1290 1454 1337 1486 13,
1350 1453 1380 1482 8.

934 1495 991 1523 251
1019 1493 1194 1531 Ingreditur
1216 1491 1436 1521 nobilissimum
1450 1492 1547 1520 locum
1564 1491 1604 1521 de

896 1533 1059 1576 reparanda
1081 1531 1176 1568 stirpe
1196 1541 1295 1569 apum,
1315 1540 1384 1559 cum
1409 1530 1513 1558 morbo
1533 1540 1604 1558 exa-

896 1580 974 1599 mina
1005 1575 1069 1599 tota
1101 1569 1277 1597 interierint.
1328 1568 1474 1606 Sequitur
1502 1572 1602 1598 antem

895 1609 1064 1647 opinionem
1086 1608 1240 1636 veteribus
1256 1617 1444 1636 communem
1464 1607 1512 1645 (v.
1528 1608 1603 1636 Var-

895 1657 957 1676 ron.
972 1648 1018 1682 II,
1033 1650 1063 1680 5,
1080 1649 1117 1675 5:
1142 1646 1207 1681 ΙΙΙ,
1224 1647 1271 1680 16,
1285 1647 1315 1674 4.
1338 1651 1367 1674 et
1392 1645 1501 1674 multos
1523 1648 1603 1684 apud

895 1686 998 1725 Intpp.
1020 1686 1062 1715 ibi
1077 1690 1107 1713 et
1122 1685 1159 1713 nd
1178 1685 1207 1713 h.
1221 1685 1242 1713 l.
1263 1685 1430 1721 laudatos),
1450 1694 1543 1722 posse
1562 1695 1600 1714 ex

895 1725 971 1753 bove
997 1734 1077 1753 caeso
1098 1733 1174 1752 nova
1194 1733 1281 1761 apum
1304 1723 1441 1752 examina
1458 1723 1602 1759 excludi;

894 1764 975 1802 quod
989 1763 1203 1802 AEgyptiorum
1224 1763 1375 1791 inventum
1394 1766 1425 1791 et
1444 1762 1602 1792 artificium

893 1812 961 1831 esse
983 1802 1073 1841 vulgo
1097 1801 1280 1839 jactabatur.
1319 1801 1479 1839 Magonem
1493 1805 1524 1830 et
1538 1802 1601 1830 De-

891 1841 1050 1869 mocritum
1077 1839 1267 1878 potissimum
1294 1839 1358 1868 haec
1382 1839 1555 1874 tradidisse,
1585 1851 1601 1869 e

891 1880 1010 1909 Colum.
1023 1880 1089 1913 IX,
1105 1880 1152 1911 14,
1166 1880 1195 1907 6.
1210 1883 1240 1907 et
1253 1880 1283 1911 2,
1300 1880 1326 1907 l.
1340 1878 1451 1907 discas.
1491 1878 1602 1908 Fuisse

891 1919 1014 1948 videtur
1031 1918 1083 1947 illa
1096 1918 1231 1946 Orientis
1251 1917 1323 1946 olim
1345 1917 1512 1946 communis
1533 1918 1601 1954 opi-

892 1958 953 1992 nio,
968 1961 1002 1986 ut
1016 1957 1134 1986 omnino
1150 1956 1275 1991 insecta,
1296 1956 1338 1985 ita
1352 1966 1422 1994 apes
1445 1966 1484 1985 ex
1506 1956 1602 1994 putri-

891 1997 948 2025 bus
962 1996 1158 2025 cadaveribus
1180 1995 1315 2033 generari
1330 2005 1338 2030 ·‚
1356 1995 1404 2023 cui
1424 1994 1476 2023 illa
1497 1995 1600 2024 obser-

891 2036 975 2064 vatio
990 2036 1117 2064 fortasse
1136 2035 1233 2063 locum
1247 2034 1368 2067 fecerat,
1382 2034 1463 2071 quod
1478 2043 1550 2071 apes
1572 2034 1601 2062 in

890 2075 927 2103 iis
950 2074 1052 2106 terris,
1073 2074 1124 2102 ubi
1148 2072 1261 2111 passim
1290 2082 1344 2110 per
1366 2072 1458 2100 silvas
1483 2077 1514 2100 et
1534 2072 1599 2101 sine

889 2113 972 2142 cultu
987 2113 1182 2151 vagabantur,
1197 2111 1254 2139 mel
1268 2110 1418 2139 interdum
1431 2110 1459 2139 in
1470 2110 1600 2139 cadave-

889 2152 985 2185 ribus,
1007 2150 1168 2180 exsiccatis
1190 2154 1275 2187 puta,
1301 2147 1423 2183 sedetis,
1453 2153 1485 2177 ut
1506 2148 1599 2178 leonis

889 2190 1037 2220 Samsonii
1049 2189 1187 2226 exemplo
1199 2187 1433 2222 constat,facere
1447 2187 1600 2217 videbant.

889 2229 992 2267 Hujus
1013 2238 1104 2267 porro
1120 2227 1163 2256 rei
1176 2226 1382 2255 observatione
1396 2226 1529 2261 adducti,
1551 2228 1600 2255 su-

888 2278 937 2297 ere
953 2268 1003 2306 qui
1021 2268 1109 2296 fidem
1125 2266 1267 2299 facerent,
1290 2275 1332 2299 se,
1353 2275 1420 2294 cum
1437 2275 1527 2304 apum
1543 2275 1597 2294 ex-

889 2307 986 2336 amina
1012 2316 1090 2334 nova
1118 2305 1226 2333 habere
1254 2303 1379 2338 vellent,
1409 2314 1501 2333 verno
1529 2305 1598 2334 anni

889 2350 1035 2383 tempore,
1049 2354 1139 2383 apum
1157 2343 1268 2372 fetibus
1284 2343 1368 2371 novis
1383 2353 1399 2371 a
1410 2347 1514 2372 natura
1530 2343 1599 2372 des-

887 2384 991 2418 tinato,
1006 2384 1135 2412 cadaver
1148 2382 1234 2411 bovis
1249 2382 1404 2410 commodo
1420 2381 1489 2411 loco
1502 2391 1597 2419 expo-

888 2423 996 2457 suisse,
1019 2433 1077 2460 quo
1094 2431 1165 2459 apes
1180 2425 1330 2458 tamquam
1344 2421 1381 2449 ad
1396 2420 1513 2450 alveum
1527 2431 1596 2449 cou-

888 2462 1034 2495 volarent,
1049 2466 1077 2490 et
1092 2464 1186 2489 mater
1199 2469 1252 2488 seu
1265 2469 1417 2497 puerpera
1430 2469 1487 2489 ova
1503 2460 1597 2498 depo-

888 2505 979 2530 neret.
1020 2500 1056 2529 In
1078 2502 1231 2537 angustam
1245 2497 1328 2526 illam
1344 2498 1465 2527 domum
1486 2509 1516 2527 v.
1537 2500 1595 2527 295

887 2540 994 2568 —298.
1006 2548 1076 2576 apes
1091 2536 1252 2576 fragrantia
1263 2537 1409 2574 appositae
1423 2537 1513 2566 casiae
1527 2537 1595 2574 thy-

888 2578 989 2616 mique
1010 2587 1039 2605 v.
1062 2578 1129 2605 303.
1155 2576 1223 2604 304.
1246 2575 1463 2606 alliciebantur.
1504 2576 1595 2612 Quod

886 2622 985 2645 autem
1005 2615 1214 2644 contundendo
1239 2614 1399 2643 enecabant
1422 2615 1541 2647 bovem,
1562 2614 1593 2641 id

887 2665 993 2684 vereor
1015 2665 1051 2683 ne
1072 2654 1149 2682 inani
1171 2652 1302 2691 opinioni
1322 2654 1510 2682 tribuendum
1533 2652 1593 2686 εἰη

888 2694 945 2723 nisi
959 2694 1039 2732 quod
1054 2693 1181 2721 sortasse
1196 2693 1238 2721 sic
1252 2692 1431 2730 putrefactio
1446 2690 1594 2720 accelera-

889 2734 985 2762 batur.
1025 2733 1166 2761 Ceterum
1181 2741 1197 2760 a
1214 2731 1340 2770 Virgilio
1362 2731 1513 2760 inventum
1539 2729 1596 2757 hoa
