1796 3077
594 247 862 286 AENEIDOS.
909 249 1008 285 LIB.
1040 248 1090 284 Χ.

1490 258 1586 302 569

130 366 202 408 Da
218 382 341 417 nunc,
365 367 532 421 Thybri
553 376 688 422 pater,
711 369 837 417 ferro,
860 369 975 422 quod
998 367 1149 408 missile
1170 367 1288 417 libro,

129 423 361 464 Fortunam
378 433 503 478 atque
522 426 629 465 viam
649 426 745 465 duri
766 440 841 478 per
863 432 1011 478 pectus
1035 424 1197 464 Halesi.

127 479 237 520 Haec
257 495 373 520 arma
393 482 650 534 exuviasque
672 482 747 520 viri
763 490 835 520 tua
853 496 1034 532 quercus
1057 481 1243 521 habebit,

124 535 277 576 Audiit
292 536 360 576 illa
382 538 512 577 deus:
544 538 644 576 dum
666 537 769 577 texit
791 536 963 576 Imaona
986 536 1182 584 Halesus,

124 590 313 632 Arcadio
335 593 477 633 infelix
499 592 582 634 telo
597 593 670 633 dat
691 601 840 646 pectus
860 593 1076 631 inermum„
1498 594 1535 632 4¹
1556 604 1564 631 ,¹

1528 594 1554 632 ἲν

1563 594 1581 632 »ι

122 646 185 687 At
206 662 290 688 non
310 650 427 690 caede
449 650 524 689 viri
544 657 660 690 tanta
675 649 901 702 perterrita
922 647 1102 695 Lausus,

124 703 231 744 Pars
251 706 398 759 ingens
420 705 531 754 belli,
553 706 649 745 sinit
670 705 856 758 agmina:
892 704 1047 757 primus
1068 704 1278 744 Abantem

120 759 382 814 Oppositum
402 762 613 809 interimit,
636 776 792 815 pugnae
813 761 1054 813 nodumque
1076 775 1331 813 moramque.

120 816 334 857 Sternitur
355 816 553 858 Arcadiae
573 816 734 870 proles:
768 823 1012 857 sternuntur
1034 815 1206 856 Etrusci
1224 833 1233 865 3

121 871 182 912 Et
199 887 284 921 vos,
307 887 332 913 o
355 872 497 913 Graiis
517 873 744 926 imperdita
760 887 953 926 corpora,
976 871 1148 912 Teucri.

1492 872 1578 912 4530

119 927 305 982 Agmina
318 937 575 970 concurrunt
595 929 861 982 ducibusque
884 935 926 968 et
942 928 1099 969 viribus
1119 929 1264 982 aequis,

121 984 317 1025 Extremi
335 985 570 1025 addensent
589 986 723 1025 acies:
756 999 834 1025 nec
850 985 974 1024 turba
995 986 1151 1025 moveri

115 1039 228 1081 Tela
247 1056 480 1095 manusque
497 1041 606 1081 sinit.

667 1040 782 1080 Hinc
805 1039 944 1080 Pallas
962 1041 1089 1080 instat
1105 1048 1147 1080 et
1169 1048 1306 1094 urget,

118 1095 233 1138 Hinc
253 1105 399 1138 contra
421 1097 603 1146 Lausus,
625 1111 702 1137 nec
714 1096 891 1136 multum
914 1096 1128 1150 discrepat
1146 1106 1262 1144 aetas,

115 1152 295 1208 Egregii
315 1153 483 1202 formae;
514 1154 587 1193 sed
607 1154 725 1205 queis
747 1152 916 1192 fortuna
935 1161 1110 1205 negarat

113 1208 163 1249 In
184 1210 362 1263 patriam
382 1209 556 1249 reditus.
606 1209 728 1262 Ipsos
741 1221 993 1248 concurrere
1014 1222 1163 1260 passus

114 1265 247 1306 Haud
268 1273 406 1306 tamen
419 1266 528 1305 inter
548 1279 591 1305 se
601 1264 742 1317 magni
758 1271 957 1316 regnator
975 1263 1168 1317 Olympi:

113 1321 223 1362 1}on
244 1321 334 1362 illos
355 1337 430 1362 sua
450 1321 536 1362 fata
556 1327 726 1361 manent
746 1321 903 1373 majore
924 1320 1003 1359 sub
1025 1319 1164 1359 hoste,

170 1378 338 1419 Interea
359 1392 477 1418 soror
497 1377 605 1417 alma
625 1383 767 1417 monet
788 1389 1033 1415 succurrere
1059 1375 1202 1415 Lauso

109 1435 305 1475 Turnum
323 1451 332 1483 ;
363 1434 437 1486 qui
456 1433 615 1473 volucri
633 1446 760 1472 curru
780 1431 965 1471 medium
981 1438 1095 1470 secat
1122 1445 1284 1483 agmen,

1488 1431 1571 1469 410

112 1490 174 1531 Ut
194 1491 299 1531 vidit
319 1490 476 1530 socios:
509 1488 700 1542 Tempus
722 1488 924 1528 desistere
941 1501 1115 1540 pugnzm

110 1547 236 1588 Solus
258 1561 339 1601 ego
360 1547 401 1586 in
424 1544 614 1586 Pallanta
636 1544 771 1592 feror3
804 1542 880 1583 soli
897 1543 997 1582 mihi
1019 1542 1159 1582 Pallas

108 1601 330 1652 Debetur3
363 1616 561 1656 cuperem
581 1602 671 1655 ipse
694 1614 845 1653 parens
867 1606 1078 1653 spectator
1099 1598 1281 1638 adesset.

110 1659 220 1700 Haec
241 1659 317 1708 ait3
350 1666 392 1699 et
415 1659 515 1698 socii
535 1663 754 1698 cesserunt
774 1670 943 1708 aequore
960 1656 1095 1708 jusso.

109 1716 184 1764 At,
206 1714 414 1756 Rutulum
436 1715 647 1761 abscessu,
663 1713 831 1766 juvenis
852 1719 950 1758 tum,
968 1712 1087 1764 jussa
1108 1710 1292 1764 superba

1483 1710 1565 1748 41³3

109 1773 306 1821 Miratus,
329 1778 470 1825 stupet
487 1771 529 1811 in
550 1769 713 1817 Turno,
735 1782 972 1821 corpusque
993 1781 1069 1820 per
1090 1767 1235 1820 ingens

108 1829 290 1870 Lumina
311 1827 451 1877 volvit,
471 1827 645 1880 obitque
667 1824 774 1866 truci
790 1823 937 1878 procul
957 1823 1093 1864 onmia
1111 1824 1223 1872 visu3

107 2006 179 2036 tam,
207 1999 278 2039 qnia
306 2010 323 2029 a
342 2004 428 2038 patre
445 2002 601 2037 acceptam
623 1997 813 2026 attulerat.-

105 2041 165 2069 424
194 2039 341 2073 Halesus,
354 2038 484 2076 clipeum
503 2036 696 2075 praetendens
720 2035 814 2063 amico

108 2078 234 2113 Imaoni,
249 2087 336 2106 suum
350 2076 447 2114 ipsius
460 2080 567 2113 pectus
581 2075 684 2109 nudat,
695 2078 728 2102 ut
745 2073 815 2102 Pal-

104 2116 197 2145 lantis
208 2116 304 2144 hastae
316 2114 479 2144 obnoxium
491 2117 582 2143 esset.

146 2154 207 2183 426
218 2155 348 2188 Lausus,
361 2152 506 2181 Mezentii
520 2152 599 2180 filius
613 2150 710 2186 (VII,
729 2149 814 2186 649),

109 2202 187 2223 nunc
219 2192 340 2229 prodit·‚
373 2190 510 2219 amabilis
533 2194 564 2218 et
586 2188 716 2218 Pallanti
739 2188 816 2216 haud

106 2240 232 2269 prorsus
244 2228 400 2258 dissimilis
410 2228 549 2266 juvenis:
572 2228 597 2256 is
615 2238 671 2256 non
683 2226 752 2255 sinit
766 2236 817 2263 ‘¹9-

106 2269 187 2297 miua
206 2277 273 2297 esse
290 2268 451 2305 perterrita
476 2266 586 2295 Halesi
613 2265 817 2294 morte.—427

101 2308 284 2346 parsinyens
295 2304 370 2338 belli,
382 2305 410 2334 h.
425 2305 630 2343 pugnantium.
670 2303 755 2332 Abas
769 2307 817 2330 est

95 2345 144 2379 'is,
157 2345 199 2374 de
214 2353 273 2382 quo
288 2343 333 2376 X,
346 2344 403 2372 170
425 2353 483 2371 urm
504 2347 603 2371 torvus
623 2341 816 2370 Abas.—428

107 2383 212 2412 nodum
220 2391 338 2421 puynae,
351 2390 409 2409 non
419 2381 458 2410 de
471 2381 564 2409 densa
571 2380 635 2409 acie
644 2390 677 2408 ac
686 2379 814 2408 militum

106 2422 216 2461 glob03
238 2421 292 2449 sed
313 2429 330 2448 a
343 2419 420 2447 nodo
437 2419 553 2447 arboris
567 2419 624 2447 sub
638 2427 731 2447 cuneo
739 2416 815 2455 peti-

107 2464 170 2490 tum
180 2473 189 2491 =
210 2459 249 2488 de
260 2468 296 2488 eo
311 2457 424 2495 accipe,
438 2456 489 2495 qui
503 2457 650 2485 fortunam
663 2456 734 2485 belli
749 2455 816 2484 diu-

108 2499 226 2527 tissime
243 2497 383 2529 sustinet,
407 2494 582 2532 longissime
602 2494 817 2528 resistit,e'†e1›-

108 2541 198 2565 αλκέα
221 2539 292 2568 νίκην
306 2545 362 2563 sua
382 2533 495 2562 virtute
516 2533 600 2561 facit.
640 2533 747 2570 Itaque
767 2531 818 2560 ad-

104 2576 222 2612 jectum
235 2584 355 2602 moram.
396 2571 446 2600 Sic
462 2571 490 2599 in
511 2574 581 2598 noto
596 2569 662 2598 isso:
678 2570 742 2599 belli
756 2580 813 2598 mo-

111 2623 148 2641 ra
167 2612 289 2641 concidit
312 2611 434 2642 Hector,
456 2609 535 2637 conf.
557 2608 593 2636 ad
620 2608 683 2642 lx,
707 2609 815 2637 155.—

108 2652 167 2680 432
194 2651 255 2687 Qui
283 2650 310 2678 in
333 2648 475 2677 extremis
497 2646 653 2675 ordinibus
676 2646 815 2674 collocati

97 2694 189 2730 ⁴sunt,
201 2693 306 2727 urgent
319 2687 435 2725 priores
448 2685 580 2720 ordines,
597 2685 724 2722 ideoque
746 2694 816 2713 con-

855 1994 980 2022 densant
1001 1994 1108 2026 aciem,
1134 1997 1165 2021 ut
1187 2001 1268 2020 arma
1282 1991 1334 2019 vix
1357 1992 1474 2019 moveri
1497 2000 1566 2028 pos-

855 2036 925 2059 sint.

893 2071 952 2098 439
969 2069 1007 2098 Ut
1019 2069 1149 2097 Pallanti
1162 2069 1270 2104 dignus
1286 2067 1475 2095 adversarius
1487 2068 1565 2103 obji-

855 2109 961 2141 ciatur,
971 2111 1112 2136 evocatur
1124 2107 1254 2134 Turnus.
1265 2105 1444 2138 sororalma,
1459 2106 1565 2133 Jutnr-

856 2157 893 2175 na
906 2146 1035 2184 nympha
1049 2156 1055 2172 :
1079 2145 1117 2173 de
1154 2155 1190 2172 ua
1201 2148 1296 2171 tamen
1312 2143 1441 2171 nondum
1454 2144 1565 2171 mentio

857 2187 952 2214 facta:
977 2184 1028 2211 sed
1041 2193 1068 2210 v.
1087 2183 1135 2210 XI
1162 2205 1168 2215 ,
1188 2183 1242 2210 139
1254 2192 1299 2218 sq.
1340 2181 1375 2209 In
1391 2182 1565 2209 memoriam

857 2222 1057 2252 revocandum
1074 2226 1132 2253 est,
1151 2220 1228 2248 binis
1247 2229 1315 2248 cum
1338 2219 1469 2247 maxime
1491 2219 1566 2247 locis

858 2260 998 2300 pugnari,
1020 2260 1116 2297 primo
1137 2268 1196 2296 qua
1217 2263 1303 2295 parte
1331 2258 1436 2285 AEneae
1457 2257 1564 2285 elassis

856 2299 1031 2338 appulerat:
1055 2298 1102 2325 hic
1126 2298 1246 2325 Turnus
1270 2296 1420 2333 pugnabat
1434 2305 1442 2331 ς
1468 2296 1564 2324 altero

856 2340 933 2371 loco,
946 2336 996 2365 ubi
1012 2335 1112 2364 Pallas
1120 2344 1186 2363 cum
1199 2334 1331 2372 equestri
1342 2338 1438 2361 turma
1449 2344 1564 2371 pugna-

857 2378 908 2405 bat
922 2375 1007 2413 equis
1019 2374 1132 2403 relictis
1147 2374 1205 2401 362
1226 2382 1271 2410 sq.
1312 2372 1360 2400 Ad
1377 2371 1450 2400 hane
1471 2372 1565 2409 igitur

855 2423 984 2453 pugnam
994 2412 1113 2441 advolat
1120 2412 1236 2440 Turnus
1248 2414 1453 2446 utsuccurrat3
1466 2411 1566 2448 itaque

856 2458 887 2481 ut
900 2451 972 2480 vidit
985 2450 1088 2483 socios,
1106 2459 1176 2478 suos
1191 2449 1242 2486 qui
1263 2448 1318 2476 hac
1338 2452 1425 2486 parte
1444 2458 1562 2486 pugna-

856 2493 940 2525 bant,
951 2490 1039 2527 jubet
1054 2498 1105 2516 eos
1120 2497 1249 2525 pugnam
1264 2496 1331 2514 cum
1355 2486 1490 2515 Pallante
1505 2487 1563 2515 soli

858 2530 915 2558 sibi
934 2526 1164 2557 serviren—443
1185 2524 1303 2553 debetur
1331 2534 1347 2552 a
1365 2524 1437 2553 fato.
1454 2535 1563 2562 parens

854 2577 949 2599 meus,
964 2566 1102 2598 Daunus,
1113 2563 1237 2592 Servius
1250 2567 1346 2591 tamen
1359 2562 1560 2594 deEvandm.

855 2604 1001 2633 Pallantis
1013 2601 1253 2639 patre‚exponit,
1263 2601 1302 2630 cs.
1315 2601 1362 2635 ΙΙ,
1373 2602 1441 2630 538.
1453 2602 1560 2629 539.-

854 2644 913 2672 444
937 2645 1082 2669 cesserunt
1097 2650 1211 2678 aequore
1223 2641 1308 2677 jusso
1320 2639 1401 2677 ipsi:
1424 2643 1456 2666 ut
1479 2638 1559 2671 ΧΠ,

855 2683 929 2710 096:
951 2688 1066 2716 campo,
1081 2689 1139 2717 quo
1151 2678 1293 2716 ipsijussi
1307 2682 1390 2706 erant
1404 2677 1559 2705 cedere.—

1257 2719 1283 2757 4
1306 2731 1333 2756 ι)
