1796 3077
199 274 294 317 (522

565 267 608 305 P.
642 265 874 303 VIRGILII
907 265 1162 302 MARONIS

198 388 285 429 Sed
305 386 423 428 laxos
444 385 631 427 referunt
648 383 831 424 humeris
851 382 1150 437 languentibus
1172 394 1316 431 arcus;

196 444 621 498 Quadrupedumque
635 448 806 495 putrem
822 454 948 480 cursu
969 440 1105 492 quatit
1122 437 1280 493 ungula
1300 452 1507 492 campum.

1568 436 1651 477 875

195 500 392 541 Volvitur
413 499 467 538 ad
486 512 627 538 muros
649 496 825 550 caligine
847 496 1042 536 turbidus
1061 502 1154 535 atra

196 557 351 603 Pulvis,
373 563 415 595 et
435 569 458 595 e
481 553 662 607 speculis
683 568 896 607 percussae
917 559 1092 606 pectora
1112 558 1268 592 matres

197 612 443 653 Femineum
462 609 686 651 clamorem
707 610 761 649 ad
783 608 879 650 coeli
899 609 1038 648 sidera
1056 607 1222 648 tollunt.

198 670 284 714 Qui
305 682 432 708 cursu
451 673 598 721 portas
619 666 743 720 primi
763 666 953 718 irrupere
976 671 1184 718 patentes,

197 725 290 765 Hos
312 724 477 764 inimica
498 737 626 776 super
646 722 778 762 mixto
798 722 951 775 premit
971 721 1135 774 agmine
1156 720 1304 767 turba3

1570 715 1654 755 880

198 781 295 821 Nec
316 781 509 821 miseram
529 778 740 833 effugiunt
760 785 950 826 mortem,
976 777 1051 818 sed
1072 776 1210 817 limine
1231 777 1273 816 in
1293 777 1400 830 ipso,

198 837 418 878 Moenibus
440 837 482 876 in
501 836 660 890 patriis,
681 842 808 888 atque
829 835 937 874 inter
957 840 1048 874 tuta
1068 833 1302 881 domorum,

198 893 368 934 Confixi
388 893 606 947 exspirant
625 892 797 932 animas.

861 890 967 931 Pars
988 889 1188 930 claudere
1208 896 1352 944 portas
1371 905 1380 937 ;

197 950 293 991 Nec
315 950 436 990 sociis
458 949 622 1002 aperire
643 949 763 997 viam,
786 962 863 988 nec
884 947 1093 987 moenibus
1115 947 1274 986 audent

195 1006 406 1060 Accipere
428 1013 622 1053 orantes;
655 1005 871 1056 oriturque
892 1002 1124 1042 miserrima
1144 1002 1282 1042 caedes

1577 997 1660 1038 885

199 1063 519 1103 Defendentum
540 1061 664 1101 armis
686 1061 840 1108 aditus,
862 1060 989 1112 inque
1010 1073 1125 1098 arma
1147 1065 1356 1098 ruentum.

200 1119 390 1167 Exclusi,
413 1125 508 1159 ante
530 1116 674 1158 oculos
694 1116 1071 1168 lacrimantumque
1093 1129 1167 1154 ora
1186 1121 1424 1168 parentum,

200 1175 308 1215 Pars
329 1176 371 1215 in
392 1175 632 1228 praecipites
653 1173 799 1221 fossas,
828 1178 1005 1225 urgente
1027 1171 1158 1219 ruina,

199 1232 398 1272 Volvitur
415 1248 425 1279 ;
457 1230 648 1270 immissis
669 1243 766 1282 pars
784 1242 898 1269 caeca
919 1235 962 1267 et
985 1227 1151 1267 concita
1171 1226 1299 1267 frenis

199 1287 370 1328 Arietat
395 1288 436 1326 in
455 1293 600 1340 portas
621 1292 663 1326 et
684 1286 814 1325 duros
841 1284 977 1337 objice
998 1290 1155 1336 postes.

1576 1279 1660 1318 890

201 1344 312 1397 Ipsae
334 1344 386 1383 de
408 1342 537 1382 muris
558 1356 720 1381 summo
740 1341 967 1380 certamine
988 1345 1159 1385 matres,

204 1400 438 1449 (Monstrat
458 1412 574 1438 amor
593 1411 717 1437 verus
737 1396 885 1449 patriae
912 1402 960 1434 ut
979 1394 1122 1434 videre
1145 1391 1379 1445 Camillam)

204 1456 314 1496 Tela
334 1469 460 1495 manu
481 1453 658 1507 trepidae
674 1453 837 1506 jaciunt
854 1468 863 1500 3
897 1465 944 1491 ac
966 1451 1119 1491 robore
1140 1450 1249 1490 duro

205 1512 429 1566 Stipitibus
452 1510 609 1550 ferrum
626 1509 887 1561 sudibusque
908 1508 1123 1547 imitantur
1144 1505 1306 1547 obustis

205 1568 467 1621 Praecipites,
486 1567 718 1620 primaeque
739 1566 844 1605 mori
865 1579 942 1617 pro
962 1563 1172 1604 moenibus
1198 1562 1362 1602 ardent.

1578 1560 1662 1602 895

203 1625 372 1665 Interea
393 1623 588 1663 Turnum
610 1623 650 1662 in
673 1621 782 1662 silvis
802 1621 1050 1660 saevissimus
1072 1618 1218 1672 implet

202 1681 405 1728 Nuntius,
427 1687 469 1720 et
484 1679 631 1733 juveni
651 1679 866 1732 ingentem
888 1677 968 1716 fert
985 1675 1104 1716 Acca
1126 1673 1375 1715 tumultum:

206 1737 382 1778 Deletas
400 1735 654 1778 Volscorum
674 1735 800 1783 acics,
818 1733 1020 1774 cecidisse
1039 1731 1268 1780 Camillam,

210 1898 235 1925 ri
246 1899 257 1925 ’.7
277 1901 309 1925 ut
340 1896 519 1924 vocabulum
540 1895 597 1922 hoc
619 1894 718 1932 accipi
741 1894 830 1921 solet.
854 1894 882 1922 h.
900 1894 920 1922 l.

211 1941 318 1963 turmae
341 1932 658 1971 equitum-desolati,
676 1932 776 1960 relicti
802 1942 818 1959 a
837 1932 920 1960 duci-

210 1974 278 2007 bus,
304 1977 337 2000 ut
354 1976 476 1999 vastatae
503 1972 644 2004 cohortes,
673 1981 711 1998 ex
733 1970 920 2008 dispersione

212 2016 244 2039 et
264 2011 444 2048 suga-875
460 2019 586 2047 campum
599 2013 727 2047 putrem,
751 2009 801 2046 qui
816 2009 843 2036 in
857 2009 921 2046 pul-

213 2059 313 2077 verem
336 2048 505 2077 resolvitur.
526 2053 558 2076 ut
585 2048 682 2080 vill,
708 2048 776 2075 596.
818 2047 894 2075 Mox
909 2058 923 2075 e

210 2087 342 2126 speculis,
354 2089 391 2115 de
404 2087 508 2119 muris,
519 2086 595 2114 unde
607 2086 805 2124 prospiciunt:
815 2087 924 2113 utkl75.

255 2127 312 2154 880
339 2136 426 2163 super
449 2135 465 2153 a
492 2129 595 2162 tergo:
624 2128 656 2152 ut
688 2124 759 2152 alibi
785 2133 922 2166 quoque:

214 2164 324 2202 premit
355 2164 505 2201 fugientes
540 2161 745 2191 hostis—884
776 2162 924 2196 moembus,

216 2203 331 2240 portis;
353 2212 369 2230 e
394 2211 474 2230 inore
498 2201 649 2238 loquendi,
673 2210 740 2228 cum
757 2200 866 2228 moenIa
880 2201 923 2229 la-

213 2241 273 2268 tius
306 2240 443 2269 dicantur
475 2249 563 2277 quam
598 2238 686 2266 muri.
708 2240 830 2266 -885,
863 2241 921 2268 886

217 2280 297 2307 Dum
314 2279 342 2306 in
360 2288 395 2307 eo
411 2282 479 2306 sunt
493 2277 648 2315 oppidani.
673 2281 704 2305 ut
721 2280 825 2314 portus
840 2277 920 2306 clau-

216 2318 299 2351 dant,
324 2327 395 2345 ecce
416 2317 532 2344 irruunt
546 2315 635 2353 primi
655 2315 812 2352 fugientes,
833 2325 920 2352 quos,

217 2365 252 2382 ne
267 2365 323 2383 una
337 2365 404 2383 cuin
420 2355 456 2383 iis
479 2354 575 2382 hostis
595 2354 700 2386 irruat,
718 2353 769 2380 isti
785 2353 922 2390 accipere

216 2393 294 2421 intra
318 2394 422 2421 urbem
445 2392 559 2420 nolunt.
601 2391 680 2419 Hinc
705 2391 801 2419 oritur
822 2392 922 2420 caedes

216 2432 326 2468 partim
348 2441 464 2463 eorum,
487 2430 538 2468 qui
554 2429 584 2458 vi
606 2431 642 2458 ab
667 2429 802 2467 ingressu
826 2434 922 2466 portae

214 2469 363 2507 fugientes
383 2469 543 2506 prohibere
558 2468 672 2499 volunt,
687 2468 793 2504 partim
810 2476 924 2501 eorum,

217 2508 267 2544 qui
286 2508 314 2534 vi
330 2507 499 2544 irrumpunt
513 2510 543 2535 et
565 2506 594 2534 in
608 2506 783 2534 resistentes
798 2504 926 2534 irruunt,

217 2545 314 2573 -888
334 2550 450 2581 uryente
466 2545 552 2573 ruina
573 2544 641 2578 soli,
656 2548 689 2572 ut
706 2543 739 2572 fit
753 2544 781 2571 in
795 2552 847 2571 ora
866 2554 920 2573 seu

219 2583 351 2621 margine
367 2584 525 2615 fossarum,
548 2587 581 2611 ut
596 2587 663 2610 ruat
678 2582 773 2610 solum
793 2585 824 2609 et
838 2582 921 2611 fatis-

219 2626 279 2650 cat.
319 2622 358 2649 At
380 2621 443 2649 sut.
469 2621 596 2649 Sabinus
617 2621 729 2648 ruinam
751 2620 922 2649 cadentium

216 2660 448 2696 interpretatur:
472 2659 514 2685 sic
535 2669 654 2696 «pioque
676 2659 834 2686 alit—*85⁴9
851 2669 923 2697 pars

218 2709 293 2727 msa
307 2698 412 2726 arietat
439 2697 467 2724 in
485 2702 588 2734 portas
610 2707 676 2725 eum
696 2698 810 2734 impetu
831 2708 924 2733 cccco,

961 1893 1039 1921 haud
1066 1892 1275 1931 providentes,
1303 1892 1332 1921 in
1356 1895 1459 1930 portas
1485 1891 1602 1920 clausas
1627 1890 1669 1919 ir-

960 1935 1060 1964 ruunt,
1075 1932 1253 1969 impingunt.

1000 1972 1058 1998 892
1089 1970 1241 1998 Nlonstrat
1271 1979 1353 1997 umor
1382 1978 1468 1997 verus
1489 1967 1598 2006 patriae
1625 1977 1668 1995 sc.

962 2008 1082 2037 Latinas
1098 2013 1267 2043 matronas3
1290 2017 1390 2036 earum
1407 2007 1535 2034 animum
1559 2016 1591 2033 ac
1609 2006 1668 2034 vir-

965 2051 1059 2074 tutem
1092 2046 1236 2074 declarat.
1296 2046 1344 2073 Ita
1371 2044 1574 2072 obscuriorem
1602 2054 1669 2073 esse

964 2084 1139 2112 sententiam
1163 2094 1250 2121 quam
1273 2093 1329 2120 pro
1358 2084 1458 2120 poe'tae
1490 2082 1609 2117 ingenio
1635 2093 1670 2111 ac

962 2132 1044 2150 ruore
1072 2121 1158 2150 facile
1183 2122 1301 2158 largiar.
1348 2122 1482 2150 Praestat
1513 2121 1557 2149 sic
1578 2120 1669 2149 inter-

962 2160 1075 2198 pretari
1089 2164 1279 2188 2-——monstrat
1293 2160 1450 2188 Camillam
1475 2169 1516 2187 sc.
1533 2169 1667 2196 pugnan-

964 2203 1023 2227 tem
1038 2202 1068 2227 et
1086 2199 1309 2227 occumbentem
1324 2208 1378 2235 pro
1393 2198 1491 2235 patria
1504 2208 1511 2226 2
1531 2207 1591 2235 quo
1615 2208 1668 2226 ex—

964 2237 1063 2274 emplo
1091 2236 1278 2265 inssammatae
1312 2236 1387 2273 ipsae
1420 2246 1501 2264 arma
1535 2236 1668 2273 capiunt.

960 2276 1091 2312 (Sensus
1106 2278 1154 2303 est
1168 2285 1174 2302 t
1196 2279 1349 2307 monstrat,
1370 2275 1473 2312 quales
1491 2274 1551 2302 sint
1566 2273 1667 2302 latinae

961 2318 1114 2345 matronae,
1144 2323 1225 2341 amm·
1250 2323 1334 2341 verus
1348 2313 1466 2351 patriae,
1487 2315 1520 2340 ut
1543 2311 1563 2339 i·
1577 2322 1605 2340 e.
1628 2321 1666 2339 ex

962 2361 1020 2389 quo
1030 2351 1195 2379 vidernntin
1205 2352 1278 2380 urbe
1287 2361 1339 2379 sua
1354 2351 1510 2379 mulierem
1523 2349 1601 2378 illam
1614 2359 1667 2386 pro

962 2390 1035 2418 urbe
1045 2394 1076 2417 et
1090 2394 1177 2427 gente
1192 2394 1387 2428 pugnaturam
1398 2388 1561 2417 Camillam.
1571 2388 1668 2423 R.)--

962 2429 1030 2456 893.
1042 2428 1209 2465 uvisunge
1226 2428 1338 2466 stipites
1354 2428 1456 2455 robore
1471 2427 1560 2461 dur03
1578 2429 1667 2453 utun-

964 2470 1013 2494 tur
1031 2476 1085 2503 pro
1104 2466 1172 2494 telis
1188 2466 1345 2503 stipitibus
1372 2465 1666 2501 sudibusque.—895

964 2504 1148 2542 Proecipites,
1178 2509 1212 2532 ut
1240 2504 1369 2543 trepidae,
1389 2503 1609 2532 festinationem
1629 2512 1667 2531 ac

961 2543 1090 2571 studium
1107 2542 1251 2571 declarat.

999 2582 1060 2609 89ss
1080 2581 1211 2609 λ”ιιιιίίιις
1232 2591 1286 2618 pro
1304 2591 1334 2609 re
1352 2579 1497 2607 nuntiata.
1537 2579 1607 2607 Hoc
1623 2579 1667 2607 sao

964 2619 1020 2647 vile
1047 2619 1160 2647 videas.
1220 2619 1327 2647 Malim
1356 2617 1430 2645 illud
1453 2618 1665 2645 observatum:

968 2657 1094 2685 Nuntius
1117 2658 1210 2695 implet
1231 2659 1367 2688 Turnum,
1386 2660 1417 2684 ut
1440 2655 1593 2683 absolute:
1616 2656 1666 2683 im-

958 2696 1038 2734 plere
1050 2695 1186 2734 aliquem,
1207 2696 1320 2725 dictum
1337 2693 1526 2723 sin—Marte
1546 2694 1667 2722 secando
