1796 3077
659 211 704 249 P.
736 207 965 247 VIRGILII
996 206 1247 246 MARONIS

268 464 533 506 ExTREMUM
553 462 680 512 hunc,
702 459 932 511 Arethusa,
954 458 1055 501 mihi
1075 459 1261 502 concede
1280 459 1480 503 laborem.

211 521 355 564 Pauca
374 536 466 562 meo
489 519 628 569 Gallo,
651 519 725 560 sed
746 534 840 574 quac
862 518 974 573 legat
994 518 1085 583 ipsa
1109 517 1297 572 Lycoris,

213 580 408 620 Carmina
431 584 527 618 sunt
548 577 742 618 dicenda.

803 575 949 629 Neget
970 590 1062 629 quis
1084 576 1268 616 carmina
1290 575 1445 616 Gallo?

211 637 281 678 Sic
302 636 390 684 tibi,
411 649 540 689 quum
560 634 713 675 fluctus
734 632 1023 674 subterlabere
1046 631 1234 680 Sicanos,

210 693 341 734 Doris
362 706 503 733 amara
524 706 640 732 suam
660 705 745 732 non
765 689 1047 730 intermisceat
1066 688 1237 729 undam.
1639 689 1665 728 5

209 750 380 804 Incipe3
414 748 610 789 sollicitos
633 747 750 788 Galli
771 747 958 788 dicamus
979 760 1155 795 amores,

210 807 328 847 Dum
348 814 494 847 tenera
515 805 737 846 attondent
757 805 870 844 simae
891 801 1072 857 virgulta
1091 801 1279 856 capellae.

210 863 311 904 Non
332 864 516 905 canimus
533 862 669 903 surdis
687 879 696 911 3
726 860 986 915 respondent
1005 859 1144 900 onmia
1165 859 1288 900 silvae.

268 921 378 967 Quae
398 934 582 968 nemora,
600 926 672 960 aut
693 919 765 972 qui
784 933 857 958 vos
880 916 1007 958 saltus
1028 916 1230 965 habuere,
1254 915 1404 970 pnellae

209 977 386 1026 Naides,
408 977 580 1030 indigno
601 991 730 1030 quum
753 974 902 1015 Gallus
925 988 1065 1014 amore
1086 974 1241 1027 periret
1256 977 1271 1013 ’ἓ

1616 973 1667 1012 10

208 1035 322 1075 Nam
342 1049 480 1088 neque
502 1033 697 1073 Parnassi
719 1032 836 1073 vobis
851 1032 969 1085 juga,
999 1045 1093 1070 nam
1115 1045 1252 1085 neque
1275 1030 1399 1070 Pindi

208 1091 307 1132 Ulla
326 1106 484 1132 moram
505 1090 657 1139 fecere,
678 1104 816 1144 neque
834 1088 973 1128 Aonie
994 1087 1235 1142 Aganippe.

208 1147 331 1189 Illum
351 1149 476 1189 etiam
498 1147 619 1196 lauri,
642 1148 767 1188 etiam
787 1146 941 1187 flevere
961 1146 1152 1199 myricae3

209 1204 369 1246 Pinifer
386 1204 498 1245 illum
518 1205 643 1245 etiam
663 1203 751 1244 sola
773 1204 850 1244 sub
871 1217 976 1256 rupo
991 1202 1204 1256 jacentem

209 1261 420 1302 Maenalus
442 1269 483 1303 et
499 1261 627 1316 gelidi
648 1261 855 1302 fleverunt
876 1274 978 1299 saxa
1000 1259 1145 1312 Lycaei
1163 1275 1172 1307 3

209 1319 332 1360 Stant
352 1326 394 1360 et
413 1333 510 1360 oves
532 1319 700 1367 circum,
731 1318 862 1359 nostri
882 1331 958 1358 nec
979 1316 1158 1371 poenitet
1178 1314 1290 1366 illas3

248 1428 263 1455 1
279 1426 465 1461 Arethusam,
480 1426 649 1465 Nymphaia
667 1426 802 1465 Ortygien
819 1426 847 1454 in
869 1425 916 1454 Si-

207 1465 285 1499 cilia,
302 1465 375 1494 utin
394 1465 521 1494 carmine
533 1465 679 1499 bucolico,
696 1476 749 1503 pro
763 1465 853 1494 Musa
873 1465 915 1493 in-

207 1508 303 1532 vocat.
319 1504 356 1532 cf.
372 1504 437 1532 Eol.
454 1504 529 1538 VII,
541 1506 591 1533 21.
631 1504 743 1540 Quidni
759 1504 835 1532 enim
849 1513 916 1541 pas-

207 1547 253 1570 tor
265 1542 393 1575 Siculus,
410 1546 443 1570 ut
457 1542 538 1571 Pana
550 1543 682 1580 aliosque
694 1543 764 1571 deos
775 1552 833 1580 agr¹
846 1546 917 1575 stes,

206 1579 248 1608 ita
269 1581 385 1609 numina
403 1580 534 1609 locorum
558 1581 693 1609 invocet?
718 1581 824 1618 Neque
850 1580 916 1609 ideo

207 1619 356 1656 Nymphae
372 1623 522 1648 mutantur
536 1620 565 1648 in
581 1619 697 1648 Musas.
708 1619 777 1647 vid.
791 1619 917 1648 Theocr.

207 1651 284 1692 VII,
299 1659 347 1686 91.
370 1658 485 1687 Mosch.
500 1658 624 1692 111‚77.
637 1658 681 1686 H.
722 1657 850 1686 Concede
861 1657 917 1686 lab.

206 1695 235 1723 h.
253 1706 277 1724 e.
293 1696 430 1734 permitte
443 1701 476 1724 ut
488 1696 517 1724 iu
528 1701 662 1724 extremo
676 1697 731 1724 hoc
747 1701 918 1734 argumento

206 1733 364 1768 elaborem,
382 1738 469 1772 atque
483 1734 511 1762 in
525 1743 560 1762 eo
576 1744 622 1762 me
640 1735 775 1772 adjuves.
788 1735 825 1762 cf.
839 1735 915 1767 VII,

205 1773 255 1801 22.
268 1772 407 1801 concedite
423 1782 546 1800 carmen.
569 1771 675 1801 W.—2
692 1772 742 1800 sed
763 1782 828 1810 quoe
842 1772 916 1809 Ieyat

205 1810 270 1849 ipsa
279 1810 412 1849 Lycoris.
421 1810 484 1840 scil.
496 1814 529 1839 ut
541 1815 571 1839 et
581 1811 737 1840 erubescat
751 1811 787 1839 de
796 1810 916 1839 levitate

207 1860 260 1878 sua
274 1859 307 1878 ac
315 1849 493 1888 perfidia,⁸et
501 1853 559 1877 tam
570 1849 680 1877 bonum
693 1859 726 1878 ac
736 1852 916 1878 constantem

206 1892 366 1917 amatorem
381 1888 497 1924 indigne
510 1887 676 1916 deseruisse
690 1897 753 1916 eam
785 1887 915 1916 oeniteat.

204 1928 263 1956 —4
280 1928 390 1964 fluctus
413 1924 547 1960 Sicanos,
576 1926 663 1955 maris
688 1926 756 1954 Sicu
772 1926 790 1960 i,
822 1926 914 1963 Ionii3

204 1966 281 1994 unde
292 1965 387 1994 Doris
394 1975 496 1994 amara
507 1975 561 2003 pro
576 1975 651 2003 aqua
666 1965 784 1993 salsaac
796 1965 915 1999 marina,

205 2004 328 2040 (saltem
342 2014 397 2043 pro
410 2004 494 2032 mari.
517 2003 553 2033 W
555 2004 580 2039 .)
612 2003 702 2032 Doris
718 2004 793 2032 enim
806 2003 916 2032 Oceani

206 2041 277 2077 filia,
299 2042 390 2071 Nerei
403 2045 522 2081 conjux.
562 2043 643 2071 Nota
656 2046 703 2070 est
715 2042 761 2070 vel
775 2052 812 2071 ex
831 2043 914 2071 Mos-

205 2082 252 2110 chi
266 2082 370 2118 fragm.
384 2081 461 2115 VII,
474 2082 511 2110 de
525 2081 603 2110 fonte
619 2081 673 2110 hoc
686 2081 796 2109 Siciliae
810 2085 839 2110 et
850 2082 915 2118 ejus

204 2130 273 2148 cum
288 2118 415 2158 Alpheo,
435 2119 553 2148 {lumine
570 2119 677 2154 Elidis,
692 2120 857 2148 intercursu
872 2120 914 2149 sa-

206 2158 276 2187 bula
290 2170 295 2187 z
319 2169 347 2187 v.
361 2158 451 2187 Ovid.
473 2158 549 2187 Met.
561 2159 600 2192 V,
623 2159 692 2187 494.
709 2169 774 2197 sqq.
788 2159 825 2187 cf.
844 2158 913 2188 AEn.

206 2196 273 2230 III,
298 2198 367 2225 691.
392 2197 506 2225 ornavit
525 2198 639 2226 Statius
665 2197 740 2226 Silv.
758 2197 785 2231 I,
806 2198 835 2231 2,
855 2198 913 2225 203

205 2245 283 2273 sqq.:
305 2235 399 2264 Theb.
410 2235 437 2269 I,
451 2237 507 2265 271
523 2247 528 2263 :
558 2236 616 2270 IV,
628 2236 698 2271 239,
715 2236 765 2264 ubi
781 2240 914 2264 nostrum

203 2283 240 2302 ex
266 2273 423 2302 ressit.-6
435 2273 571 2302 sollicitos
583 2285 704 2310 amores,
722 2274 772 2313 qui
787 2274 913 2302 animum

204 2322 237 2340 so
262 2312 364 2340 iciturn
377 2312 514 2348 reddunt,
524 2313 671 2349 cruciant3
689 2315 850 2347 πολυκηὸ-ἰς,
862 2326 913 2341 πο-

205 2354 384 2386 λιιμέριμιιος;
418 2351 543 2380 Theocr.
565 2351 610 2386 X,
631 2353 680 2381 20.
703 2355 732 2380 ‹b'
755 2356 914 2388 φρόντιστος·

199 2390 351 2422 ''Epona—8
362 2390 543 2427 respondent,
553 2395 698 2425 resonant,
713 2401 766 2429 per
778 2390 860 2419 echo.
869 2390 913 2419 H.

203 2426 386 2465 Respondete
419 2438 485 2457 cum
516 2429 685 2458 accusativo
715 2429 860 2467 jungitur,
881 2433 915 2457 nt

203 2468 384 2500 ἀποκρίνομαί
399 2481 423 2494 τι
437 2467 543 2496 Graece
556 2468 668 2497 dicunt.
681 2468 741 2497 vid.
754 2467 910 2497 Westerh.

204 2505 241 2534 ad
256 2505 374 2534 Terent.
391 2505 481 2533 Andr.
494 2506 533 2539 V,
547 2507 578 2535 2.
589 2508 617 2536 S.
634 2506 681 2535 W.

242 2544 260 2572 3
274 2543 347 2587 Sqq.
363 2543 442 2572 Solae
464 2544 576 2573 Naides
600 2555 656 2574 non
674 2545 801 2574 affuistis
826 2544 912 2573 Gallo

202 2586 347 2611 moerenti.
387 2581 435 2610 Ex
450 2583 575 2611 Tlieocr.
591 2583 638 2612 Id.
656 2584 684 2618 Ι,
699 2585 748 2613 66.
765 2585 910 2621 sqq.--lO

200 2620 461 2665 indique—amore,
479 2630 537 2658 quo
549 2621 654 2660 dignus
668 2632 724 2651 non
740 2626 821 2657 erat}
842 2632 909 2650 cuin

202 2659 315 2688 meliore
325 2659 454 2696 flamma,
472 2664 504 2687 ut
525 2659 602 2688 Hor.
623 2661 682 2689 od.
699 2661 726 2693 I,
741 2662 789 2690 27.
803 2662 852 2688 20.
866 2660 908 2687 lo-

201 2698 313 2734 quitur,
329 2698 435 2735 dignus
452 2701 529 2726 esset
541 2707 595 2725 non
606 2699 751 2727 obnoxius
768 2703 824 2727 tam
842 2709 908 2727 con-

202 2740 281 2765 stans
307 2742 428 2771 amator,
450 2742 481 2766 ut
505 2748 519 2765 a
543 2738 655 2775 perlida
677 2743 706 2767 tt
733 2738 790 2767 itti
812 2738 910 2776 puella

957 1429 1152 1469 sperneretur.
1168 1425 1211 1454 H.
1241 1425 1418 1459 Parnassum
1435 1424 1550 1453 Pindus
1564 1428 1594 1453 et
1604 1424 1666 1453 He-

955 1463 1031 1492 licon
1048 1468 1245 1493 memorantur
1258 1464 1392 1497 fontium,
1413 1463 1463 1500 qni
1484 1463 1512 1491 in
1532 1464 1567 1492 iis
1587 1467 1666 1498 sunt,

957 1507 1094 1541 respectu
1109 1513 1183 1541 quos
1202 1503 1312 1532 Naides
1328 1503 1511 1540 frequentare
1528 1502 1666 1540 putandae

958 1546 1036 1569 sunt.
1074 1541 1142 1569 Non
1156 1551 1225 1570 vero
1244 1541 1290 1569 hic
1304 1541 1340 1570 de
1358 1541 1457 1569 Musis
1472 1541 1665 1578 quaeritur.—

958 1580 994 1608 12
1008 1579 1103 1608 Aonie
1111 1580 1275 1618 AyanippaeL‘,
1285 1580 1349 1608 fons
1363 1580 1391 1608 iu
1406 1579 1559 1611 Helicone,
1570 1583 1668 1608 monte

957 1618 1073 1651 Aonice,
1087 1629 1145 1657 quo
1154 1619 1266 1647 nomine
1277 1619 1397 1646 Boeotia
1406 1619 1441 1647 ab
1456 1618 1601 1651 Aonibus,
1617 1628 1666 1645 an<

958 1657 1048 1695 tiqnis
1061 1657 1175 1692 incolis,
1190 1657 1333 1696 insignata
1345 1661 1399 1686 est.
1441 1657 1550 1685 Forma
1566 1657 1664 1693 adjec-

958 1695 1011 1723 tivi
1028 1696 1122 1724 Aonie
1138 1707 1191 1734 pro
1205 1696 1298 1725 Aonia
1311 1697 1416 1725 Graeca
1427 1700 1483 1725 est.
1518 1695 1608 1733 Apud
1618 1695 1665 1723 Si-

955 1733 1028 1761 lium
1046 1734 1114 1762 Kal.
1129 1735 1223 1769 XIV,
1248 1737 1316 1763 515.
1336 1744 1442 1763 versus
1460 1733 1597 1762 similiter
1615 1734 1665 1762 de-

956 1772 1043 1800 sinit:
1069 1773 1190 1811 Orlyyie
1203 1773 1362 1801 Arethusa.
1373 1773 1410 1801 cf.
1426 1773 1491 1801 Ecl.
1504 1773 1551 1806 II,
1562 1773 1609 1800 24.
1622 1772 1666 1802 Η.

956 1810 1096 1838 Ceterum
1112 1821 1216 1839 versus
1237 1816 1316 1840 certe
1337 1813 1383 1839 ll.
1399 1812 1447 1839 12.
1466 1821 1553 1840 sensu
1566 1821 1668 1840 carere

956 1848 1027 1876 mihi
1051 1849 1197 1882 videntur,
1214 1850 1271 1877 nisi
1292 1854 1404 1878 statuas
1420 1849 1533 1887 puellas
1553 1849 1667 1878 Naides

955 1895 1021 1915 esse
1035 1896 1089 1924 pro
1108 1887 1217 1915 Musis.
1260 1888 1369 1915 Puella>
1390 1888 1576 1925 appellantur
1597 1889 1666 1916 Mu-

956 1934 996 1953 sae
1026 1925 1156 1963 innuptae
1172 1937 1178 1961 3
1210 1926 1260 1954 sed
1285 1930 1317 1954 ut
1342 1926 1440 1954 Musae
1455 1925 1665 1961 intelligantur,

954 1972 1077 1992 necesse
1092 1969 1138 1993 est
1161 1965 1279 1993 accedat
1298 1965 1456 2002 adjectum,
1480 1968 1513 1992 ut
1532 1964 1666 1992 Pierides

955 2003 1033 2039 apud
1046 2002 1116 2032 Juv.
1132 2003 1247 2037 1V,35.
1288 2003 1431 2037 Narrate,
1444 2002 1548 2040 puellae
1566 2002 1664 2031 Pieri-

953 2040 1022 2077 des,·
1039 2042 1136 2079 prosit
1150 2041 1219 2070 mihi
1230 2051 1278 2069 vos
1291 2041 1397 2070 dixisse
1412 2041 1534 2079 puellus.
1575 2042 1622 2070 Ita
1636 2042 1664 2071 h.

954 2079 973 2107 1.
995 2081 1138 2109 accedunt
1161 2080 1273 2109 Naides
1297 2081 1324 2109 h.
1339 2091 1365 2109 e.
1391 2081 1486 2108 fontes
1503 2090 1601 2108 sacros
1615 2090 1663 2108 co-

952 2117 1056 2147 lentes.
1097 2119 1208 2148 Similis
1222 2129 1322 2154 causa,
1338 2129 1391 2148 cur
1401 2129 1514 2147 sorores
1530 2119 1665 2147 Pierides

953 2157 1082 2185 dixerint
1109 2162 1235 2188 veteres,
1264 2162 1294 2186 et
1322 2168 1436 2186 sorores
1464 2157 1576 2186 Naides
1603 2158 1664 2187 vid.

955 2195 1049 2224 Culic.
1059 2197 1106 2229 13,
1121 2196 1217 2225 Pierii
1230 2196 1324 2225 laticis
1335 2197 1573 2225 ‹Iec:ts*sorores
1586 2197 1664 2226 Nae·-

953 2234 1011 2262 des.
1051 2235 1078 2263 A
1094 2235 1223 2264 fontibus
1231 2235 1407 2264 consecratis
1422 2235 1518 2264 sssusse
1531 2240 1561 2264 et
1569 2235 1661 2273 Nym-

948 2273 1015 2310 plzoe
1033 2278 1146 2302 vocatae
1161 2278 1238 2305 sunt.
1256 2275 1319 2307 sed,
1333 2274 1411 2312 apud
1429 2275 1550 2303 Latinos
1569 2279 1660 2309 certe,

954 2312 1078 2348 adjecto,
1094 2322 1151 2350 quo
1173 2313 1383 2347 declararetur,
1407 2313 1513 2342 Musas
1532 2323 1598 2342 esse
1619 2313 1661 2341 in-

953 2350 1135 2386 telligendas.
1151 2351 1210 2379 vid.
1221 2352 1298 2385 vll,
1315 2353 1363 2380 21.
1404 2352 1517 2381 Notatu
1530 2352 1660 2390 dignuin,

954 2390 1033 2425 quod
1048 2399 1085 2417 ex
1103 2389 1226 2419 Xantho
1243 2390 1320 2428 (vid.
1334 2391 1417 2419 Hist.
1431 2393 1483 2420 Gr.
1498 2391 1602 2428 fragm.
1614 2391 1661 2418 ed.

955 2428 1087 2456 Creuzer
1115 2439 1144 2466 p.
1166 2430 1250 2466 156.)
1285 2434 1434 2458 servatum
1459 2434 1505 2458 est
1519 2439 1524 2456 :
1562 2429 1662 2465 Lydos

954 2466 1108 2504 Nymphas
1129 2467 1242 2497 nomine
1267 2467 1422 2497 Musarum
1447 2467 1660 2505 appellasse.—

952 2505 1057 2537 Lcmri,
1077 2505 1162 2534 eiiam
1186 2506 1245 2535 vid.
1261 2507 1334 2535 Not.
1350 2508 1387 2535 ad
1399 2507 1465 2539 HI,
1478 2508 1506 2534 (i-
1526 2504 1661 2534 W.—lc1.

953 2545 988 2572 15
1003 2544 1035 2571 Si
1050 2543 1195 2572 Maenalas
1209 2550 1237 2573 et
1252 2546 1385 2584 Lycoeus,
1400 2549 1431 2573 τὸ
1444 2550 1566 2573 Λύκαιον,
1581 2554 1660 2571 mon—

950 2587 994 2610 tes
1008 2583 1155 2615 Arcadian,
1176 2584 1293 2612 Gallum
1309 2585 1462 2614 dellerunt,
1480 2592 1598 2610 necesse
1614 2590 1659 2610 est.

950 2621 977 2648 in
998 2622 1125 2649 Arcadia
1148 2627 1208 2650 tuni
1234 2623 1302 2659 fingi
1322 2623 1404 2651 illum
1424 2622 1486 2650 sola
1507 2622 1562 2648 sul)
1587 2631 1660 2658 rupe

945 2661 1109 2696 jacemcuu
1125 2661 1171 2688 cni
1182 2666 1211 2689 et
1222 2659 1287 2690 roli'
1298 2660 1571 2689 uaacconnnodata.
1592 2660 1661 2697 lpse

949 2699 1000 2731 ibi,
1016 2709 1042 2726 v.
1055 2701 1102 2727 213.
1115 2703 1143 2727 et
1161 2701 1215 2733 16„
1229 2700 1282 2728 Gai
1298 2710 1314 2728 o
1324 2699 1426 2728 adfuit.

991 2739 1026 2766 lo
1047 2738 1410 2776 wistri11.1‹·1›oenie.-ti.'las.
1447 2737 1574 2766 Omnino
1589 2737 1660 2765 liant:
