1796 3077
388 538 449 593 P.
494 539 843 596 VIRGILII
886 540 1259 594 MARONIS

275 697 1341 770 BUCOLICON

670 863 950 912 LIBER.

432 1157 727 1200 ECLOGA
772 1160 804 1201 Ι.
856 1158 1195 1201 TITYRUS.

612 1270 1034 1309 ARGUMENTUM.

144 1376 378 1423 MELmOEth,
399 1379 501 1428 agris
520 1378 596 1415 suis
616 1386 766 1423 exutus,
786 1378 878 1416 dum
892 1379 1014 1428 patria
1032 1377 1195 1415 extorris
1215 1375 1443 1426 capellarum
1457 1388 1544 1424 gron

88 1444 175 1480 gem
208 1441 295 1469 ante
327 1445 366 1469 se
397 1432 487 1481 agit,
527 1432 563 1468 in
599 1431 774 1482 Tityrum
811 1432 965 1477 incidit;
1008 1445 1120 1481 quem
1157 1444 1243 1468 cum
1279 1429 1316 1466 in
1355 1429 1542 1466 communi

88 1484 300 1522 calamitate
332 1498 479 1522 summa
508 1485 709 1523 secmitate
736 1494 775 1523 et
802 1485 880 1522 otio
910 1485 983 1522 frui
1011 1485 1168 1529 vider,et
1202 1483 1358 1520 miratus
1382 1481 1544 1518 hominis

87 1547 238 1583 sortem,
268 1538 327 1575 cui
346 1546 538 1588 acceptam
566 1551 647 1575 eam
674 1538 779 1582 serat,
808 1546 931 1586 rogat.
962 1537 1102 1575 Narrat
1126 1537 1294 1586 Tityrus,
1325 1547 1360 1571 v.
1392 1538 1441 1570 20
1473 1547 1529 1583 sq.
1535 1562 1544 1578 ,

88 1591 280 1641 quomodo
312 1599 350 1628 et
368 1605 391 1628 a
409 1604 485 1640 quo
511 1604 622 1639 agros
650 1603 738 1626 suos
765 1602 979 1638 gregesque
1006 1589 1130 1625 salvos
1159 1587 1458 1638 recuperaverit.
1492 1600 1544 1631 se,

86 1644 284 1694 aetatejam
293 1653 526 1694 provectum,
535 1643 719 1679 libertatis
732 1642 1009 1691 consequendae
1022 1655 1133 1679 causa
1147 1641 1307 1678 Romam
1319 1639 1544 1690 profectum,

88 1711 110 1734 a
128 1697 282 1734 domino
302 1697 521 1739 obtinuisse,
550 1704 592 1731 ut
609 1708 765 1745 gregem
783 1695 901 1731 libere
921 1708 964 1731 ac
991 1694 1189 1743 tranquille
1218 1706 1372 1753 pascere
1401 1702 1543 1742 posset.

89 1749 312 1787 Putandus
303 1750 418 1799 igitur
436 1757 493 1785 est
513 1748 668 1797 Tityrus
688 1760 769 1784 esse
790 1761 886 1784 unus
905 1759 953 1783 ex
972 1747 1187 1797 pastoribus
1213 1747 1330 1783 servis
1359 1746 1396 1782 in
1425 1745 1544 1783 fundo

88 1816 110 1839 a
129 1802 283 1839 domino
302 1801 450 1839 habitis.
482 1800 531 1838 cf.
563 1800 610 1837 ad
631 1814 666 1838 v.
695 1804 759 1837 28.
816 1800 968 1837 Interea
986 1800 1079 1838 alter
1098 1800 1145 1837 de
1164 1799 1273 1837 malis
1292 1812 1334 1836 ac
1362 1798 1544 1836 molestiis

88 1854 322 1904 migrationis
341 1868 420 1892 suae
436 1854 700 1914 conqueritur:
730 1867 768 1891 v.
799 1857 847 1891 47
869 1867 925 1903 sq.
974 1853 1151 1891 Subsistit
1173 1852 1376 1902 dialogus
1366 1865 1404 1888 111
1423 1865 1479 1897 eo,
1501 1860 1544 1889 ut

87 1908 244 1958 Tityrus
263 1908 440 1945 miserum
461 1907 658 1944 exsulem
650 1921 687 1944 m
707 1908 859 1957 tugurio
879 1920 947 1944 suo
966 1915 1187 1957 pernoctare
1201 1905 1346 1956 jubeat.

142 1963 270 2011 Atque
300 1961 372 1998 hoc
401 1960 554 2010 quidem
585 1974 717 1997 verum
747 1974 790 1998 ac
820 1961 1015 2021 proprium
1047 1960 1221 1998 carminis
1251 1965 1540 2009 argumentum3

89 2015 192 2064 quod
207 2022 389 2064 quantum
409 2027 431 2051 a
450 2022 584 2051 natura
602 2014 775 2051 carminis
794 2014 981 2064 pastoritii
1000 2014 1151 2064 proprie
1180 2012 1270 2050 dieti
1295 2012 1405 2056 absit,
1434 2011 1544 2047 facile

88 2076 256 2118 apparet,
285 2075 323 2104 et
341 2067 451 2116 quale
470 2081 610 2104 novum
630 2081 750 2117 genus
770 2067 985 2112 constituat,
1015 2067 1051 2103 in
1072 2067 1325 2117 disputatione
1348 2065 1395 2102 de
1418 2064 1542 2101 Buco-

88 2120 170 2158 licis
193 2120 227 2156 V
232 2120 412 2170 irgilianis
441 2121 656 2170 expositum
687 2129 755 2158 est.
786 2120 863 2157 Sed
890 2120 1100 2157 communis
1128 2120 1296 2156 omnium
1328 2126 1543 2167 temporum

89 2173 226 2223 opinio,
269 2182 437 2211 veterum
474 2173 807 2224 grammaticorum
850 2173 923 2210 fide
968 2174 1128 2218 firmata,
1167 2171 1341 2215 obtinuit,
1385 2170 1542 2219 Eclogae

88 2225 201 2276 hujus
220 2227 402 2264 rationem
422 2226 470 2264 ad
489 2226 552 2264 illa
571 2236 742 2276 tempora
760 2236 798 2264 et
822 2225 972 2276 Virgilii
1002 2227 1191 2263 fortunam
1219 2224 1543 2262 accommodatam

89 2292 182 2323 esse,
212 2292 331 2329 eoque
350 2293 446 2317 anno
466 2279 536 2329 (U.
566 2279 609 2317 C.
639 2281 731 2326 713)
762 2279 863 2316 illam
883 2279 1060 2330 scriptam
1080 2293 1173 2323 esse,
1202 2292 1278 2328 quo
1306 2277 1542 2315 Triumviro-

89 2346 173 2369 rum
193 2333 365 2382 pactione
383 2333 534 2370 decreta
552 2333 714 2371 nefanda
731 2333 795 2370 illa
813 2346 990 2383 agrorum
1010 2334 1105 2370 inter
1122 2340 1321 2370 veteranos
1340 2330 1475 2368 divisio
1495 2331 1543 2366 ab

90 2385 302 2422 Octaviano
330 2386 429 2423 facta
457 2395 535 2431 est3
567 2387 614 2423 de
642 2400 717 2436 qua
741 2400 775 2423 v·
805 2386 968 2436 Appian.
999 2383 1109 2424 Civil.
1138 2386 1205 2423 lib.
1233 2383 1304 2429 IV,
1335 2388 1371 2422 3.
1403 2383 1473 2430 (T.
1503 2387 1542 2420 2.

88 2451 130 2488 p.
162 2442 252 2475 534
282 2437 341 2475 ed.
373 2438 531 2488 Schw.:)
564 2440 640 2478 Dio
668 2437 848 2483 XLVII,
878 2442 938 2476 11⁴.
1014 2439 1118 2477 Inter
1144 2452 1220 2483 eOS,
1263 2450 1425 2498 quorum
1461 2435 1542 2485 agri

91 2492 271 2541 assignati
308 2499 395 2528 sunt
429 2494 627 2538 veteranis,
667 2493 772 2530 fuere
810 2492 1095 2537 Cremonenses,
1136 2492 1200 2541 qui
1237 2499 1275 2528 et
1311 2491 1382 2541 ipsi
1422 2489 1541 2526 Cassii

92 2543 276 2604 Brutique
294 2552 420 2594 partes
439 2554 556 2583 secuti
575 2546 736 2584 fuerant
764 2559 801 2583 v.
820 2545 928 2582 Serv.
958 2546 1007 2583 ad
1032 2545 1117 2582 Eel.
1149 2544 1220 2590 IX,
1250 2547 1312 2581 28.
1367 2543 1542 2585 Quorum

91 2597 173 2646 agri
206 2611 292 2635 cum
323 2611 392 2648 pro
423 2598 585 2636 militum
617 2600 869 2637 immissorum
900 2612 1057 2636 numero
1086 2599 1195 2636 nimis
1225 2597 1376 2647 angusti
1406 2603 1542 2637 essent,

92 2650 234 2688 vicinos
253 2650 549 2688 Mantuanorum
568 2665 679 2702 agros
698 2653 847 2690 additos
866 2665 946 2689 esse
965 2666 1030 2689 n‘u
1034 2661 1130 2690 rant
1177 2630 1296 2689 Intero
1299 2650 1541 2691 Mantuanos,

92 2704 158 2751 qui
187 2704 281 2741 lianc
312 2703 457 2754 injuriae
489 2704 748 2755 indignitatem
779 2706 959 2752 subirent,
987 2705 1191 2754 Virgilium
1220 2704 1334 2742 fuisse
1365 2701 1539 2744 tradunt3

1314 2770 1336 2793 B
