1796 3077
579 189 866 228 BUCOLICA.
925 190 1039 227 ECL.
1069 190 1118 229 X.
1525 196 1588 242 59

130 313 250 352 amica
281 312 466 357 desertus,
492 325 632 363 magno
662 312 793 350 dolore
818 325 1034 364 oppressus,
1065 313 1102 350 in
1122 311 1194 350 hoc
1213 311 1378 351 carmine
1393 321 1587 363 tamquam

130 376 259 417 pastor
276 367 411 416 aliquis
437 367 476 403 in
496 366 674 404 Arcadiae
694 367 887 404 montibus
907 380 951 404 ac
979 367 1097 411 silvis,
1124 367 1194 403 sub
1214 375 1323 403 antro
1351 366 1479 416 aliquo
1497 380 1586 416 pro-

125 421 262 471 jectuS‚
293 433 439 458 amores
470 434 559 458 suos
591 420 731 457 deflere
764 420 930 470 fingitur.
1005 419 1198 470 Objurgat
1222 419 1408 469 Virgilius
1439 419 1587 465 Musas,

131 474 233 524 quod
253 473 344 511 solae
363 487 438 511 non
469 474 661 511 adfuerint
686 473 810 518 Gallo,
833 474 932 511 curis
951 474 1090 511 amoris
1121 473 1293 510 confecto
1319 476 1471 518 8—123
1502 486 1588 510 cum

131 537 258 564 tamen
290 527 427 565 amoris
457 537 495 565 et
523 526 775 564 miserationis
799 526 979 564 affectum
1000 535 1147 564 testatae
1167 527 1242 564 sint
1260 526 1373 564 etiam
1391 540 1452 564 res
1470 526 1589 564 inani-

129 589 256 625 matae,
280 582 445 625 arbores,
475 591 513 618 et
532 583 751 625 saxa—153
784 589 864 617 tum
884 594 1020 630 greges
1039 593 1125 618 cum
1150 580 1497 630 pastoribus—203
1528 593 1591 617 ac-

130 635 311 671 cesserint
330 634 491 684 denique
512 633 731 671 consolandi
746 647 880 671 caussa
898 634 959 671 dei
988 634 1071 684 ipsi,
1093 633 1245 683 Apollo,
1274 633 1463 678 Silvanus,
1494 633 1588 670 Pan.

131 691 247 724 —30.
303 687 405 725 Tum
425 687 561 725 Gallus
580 688 617 724 in
637 695 792 737 questus
817 700 1018 738 erumpens
1045 696 1187 725 sortem
1207 700 1314 724 suam
1333 695 1371 724 et
1384 687 1591 724 infaustum

130 754 297 777 amorem
327 740 512 790 deplorat,
541 753 704 790 querens
736 740 840 789 quod
871 741 943 777 sibi
971 754 1047 778 non
1079 740 1194 778 fuerit
1226 740 1391 778 conditio
1427 741 1592 790 pastoris

134 793 321 838 Arcadici,
350 807 477 830 amore
508 793 608 830 felici
626 793 806 837 fruentis;
838 807 860 831 a
887 807 961 842 qua
991 802 1218 844 praesentem
1249 807 1356 831 suam
1388 793 1592 838 fortunam,

131 848 194 883 nbi
211 847 357 897 perdite
376 855 500 884 amata
519 846 678 896 Lycoris
697 846 735 883 in
748 846 858 883 terris
870 845 1088 896 longinquis
1107 846 1223 883 alium
1243 846 1381 892 foveat,
1395 856 1593 897 tantopere

131 901 438 938 recedere—50.
462 900 556 937 Inde
576 900 744 937 subitum
760 899 959 936 consilium
974 900 1137 950 pastoris
1156 912 1263 936 more
1281 900 1445 944 vivendi,
1466 900 1594 937 fistula

132 954 291 991 canendi
310 963 348 991 et
367 953 661 998 venandi—603
702 953 771 990 sed
790 961 944 1003 repente
974 954 1012 990 in
1031 962 1137 990 tanto
1163 953 1302 990 amoris
1332 962 1430 990 aestu
1460 953 1595 990 solatia

134 1007 222 1044 inde
238 1007 342 1044 nulla
356 1020 524 1051 cernens,
545 1006 725 1057 praesidia
745 1015 878 1044 contra
896 1007 1034 1044 amoris
1054 1006 1130 1043 vim
1149 1020 1307 1057 prorsus
1325 1020 1401 1044 non
1420 1020 1594 1056 quaerere

134 1061 464 1098 constituit—69.
487 1060 649 1098 Accedit
667 1060 869 1097 exordium
898 1073 984 1098 cum
1003 1060 1168 1111 epilogo,
1199 1060 1337 1110 quibus
1364 1059 1595 1109 singularem

134 1127 244 1150 suum
265 1113 366 1150 Galli
385 1127 552 1151 amorem
573 1121 732 1151 testatur
746 1113 872 1151 Maro.
915 1113 1047 1151 Habet
1060 1114 1132 1150 hoc
1152 1126 1303 1151 carmen
1322 1113 1456 1150 miram
1475 1121 1593 1150 artem

134 1168 299 1217 primum
318 1168 355 1204 in
375 1181 431 1212 eo,
451 1167 567 1217 quod,
592 1167 640 1204 ad
660 1166 844 1217 majorem
868 1166 971 1204 Galli
986 1167 1223 1217 dignitatern,
1239 1167 1366 1203 omnia
1385 1180 1462 1204 non
1481 1166 1596 1203 modo

133 1221 182 1257 ad
209 1221 326 1257 vitam
357 1221 605 1271 pastor-itiam,
628 1220 695 1258 sed
714 1220 763 1258 ad
790 1229 962 1271 tempora
989 1220 1155 1265 heroica,
1180 1220 1219 1257 in
1247 1220 1384 1269 quibus
1416 1219 1596 1270 permixti

134 1274 359 1311 mortalibus
378 1273 438 1311 dei
457 1274 648 1319 vivebant,
669 1273 789 1311 relata
807 1283 844 1312 et
861 1288 910 1312 ex
926 1274 1098 1312 sensibus
1118 1282 1156 1311 et
1175 1272 1417 1323 opinionibus
1437 1273 1596 1310 istorum

135 1328 363 1364 saeculorum
377 1327 602 1365 adumbrata
613 1336 719 1372 sunt3
739 1340 855 1377 quare
870 1328 968 1365 ferre
980 1327 1175 1372 debemus,
1190 1327 1221 1364 si
1234 1340 1309 1376 qua
1322 1326 1450 1377 paullo
1464 1326 1598 1364 altiore

135 1394 178 1417 ac
190 1381 364 1431 graviore
380 1381 515 1431 spiritu
527 1382 589 1419 hic
605 1381 706 1418 dicta
717 1382 951 1432 reperiamus
966 1396 974 1426 3
993 1380 1130 1418 deinde
1143 1394 1247 1425 vero,
1263 1379 1366 1430 quod
1379 1379 1598 1429 impotentis

136 1443 174 1471 et
194 1435 310 1484 spreti
329 1435 468 1472 amoris
483 1443 601 1473 aestus
619 1434 682 1472 ille
698 1448 741 1472 ac
760 1435 879 1480 furor,
899 1435 938 1472 in
957 1447 1087 1472 omnes
1105 1442 1234 1485 partes
1253 1433 1421 1471 animum
1435 1433 1598 1482 rapiens,

135 1488 261 1538 ipsum
306 1487 468 1538 legentis
500 1489 669 1526 animum
698 1502 939 1526 commovere
968 1488 1142 1532 videtur3
1189 1500 1419 1536 quamquam
1455 1486 1526 1522 hac
1560 1486 1597 1522 in

135 1549 243 1591 parte
255 1541 449 1579 Theocriti
461 1542 632 1591 vestigiis
646 1541 792 1585 institit,
815 1541 927 1589 Idyll.
946 1541 978 1584 Ι,
995 1541 1106 1584 unde,
1123 1553 1210 1589 quae
1224 1540 1270 1576 de
1282 1538 1486 1589 Daphnide
1498 1539 1599 1575 dicta

135 1604 236 1640 sunt,
267 1596 305 1633 in
336 1595 491 1632 Gallum
510 1594 713 1638 transtulit,
734 1602 776 1630 ut
795 1593 915 1630 multa
935 1601 1081 1630 tantum
1111 1592 1257 1629 Latinis
1277 1592 1403 1629 verbis
1422 1591 1598 1629 reddide-

136 1648 208 1693 rit3
235 1649 274 1685 in
292 1648 374 1685 aliis
392 1658 519 1685 autem
539 1661 625 1685 cum
645 1660 690 1684 eo
706 1646 928 1691 certaverit3
961 1646 1136 1682 universe
1155 1659 1247 1682 vero
1266 1658 1288 1682 a
1303 1645 1543 1695 simplicitate
1562 1653 1600 1682 et

138 1709 337 1738 venustate
365 1701 551 1751 pastor-itii
591 1700 765 1738 carminis
805 1708 842 1737 et
871 1699 1099 1736 Theocritea
1128 1698 1315 1736 suavitate
1344 1699 1382 1735 in
1410 1698 1601 1748 plerisque

139 1754 306 1791 recessit.

192 1807 279 1845 Jam
299 1807 346 1844 de
366 1806 545 1857 Lycoride
570 1806 716 1844 addunt
743 1806 978 1856 interpretes,
1003 1804 1136 1842 Servio
1153 1804 1269 1842 duce:
1300 1803 1419 1841 fuisse
1437 1804 1518 1855 ejus
1536 1817 1600 1841 ve-

139 1875 223 1898 rum
251 1873 389 1898 nomen
423 1860 670 1911 Cytheridem,
707 1868 746 1896 et
779 1873 861 1896 esse
892 1858 1050 1896 eandem
1080 1871 1167 1895 cum
1194 1858 1353 1895 Antonii
1383 1859 1505 1895 amica
1523 1857 1600 1901 illa,

139 1914 265 1957 mima,
291 1927 340 1950 ex
368 1913 563 1951 Ciceronis
596 1913 762 1963 Philipp.
779 1913 830 1957 II,
858 1916 920 1957 24,
955 1916 1033 1956 25.;
1063 1912 1112 1949 ad
1145 1911 1227 1949 Att.
1250 1911 1299 1955 X,
1328 1914 1375 1948 10
1393 1915 1523 1948 et16.:
1553 1912 1601 1948 ad

140 1967 229 2004 Div.
247 1966 318 2011 IX,
336 1969 398 2004 26.
423 1967 471 2004 cf.
494 1967 687 2004 Plutarch.
720 1965 811 2003 Vita
826 1966 984 2003 Antonii
1004 1979 1040 2016 p.
1061 1969 1124 2004 74.
1142 1965 1201 2002 ed.
1218 1965 1360 2002 Brian.:
1381 1964 1600 2007 Plin.V111‚

142 2024 203 2058 16.
225 2021 366 2065 infami,
383 2021 455 2065 cui,
472 2020 669 2058 Volumnii
685 2019 882 2069 Eutrapeli
897 2019 1055 2063 libertae,
1073 2032 1210 2055 nomen
1223 2031 1355 2054 verum
1368 2017 1440 2054 fuit
1457 2017 1491 2053 V
1488 2018 1601 2055 olum-

141 2075 214 2111 nia.
270 2074 401 2119 Quod,
423 2087 652 2124 quamquam
680 2073 727 2110 de
747 2086 791 2110 eo
812 2072 922 2110 valde
942 2072 1088 2115 dubito,
1110 2081 1152 2108 ut
1170 2071 1260 2108 ferri
1277 2078 1416 2120 potest,
1438 2071 1490 2107 ita
1508 2070 1603 2107 illud

140 2127 312 2171 alterum,
334 2128 437 2176 quod
456 2128 503 2165 de
526 2137 740 2177 temporum
760 2126 904 2163 ratione
926 2125 1060 2169 securi,
1078 2123 1312 2162 contendunt
1330 2136 1377 2160 ex
1405 2123 1537 2160 Servio
1554 2123 1603 2160 ad

143 2193 178 2216 v.
199 2184 231 2224 1,
252 2194 333 2217 eam
363 2190 564 2231 propterea
582 2180 738 2218 Gallum
765 2179 993 2223 destituisse,
1014 2178 1117 2227 quod
1147 2177 1357 2214 Antonium
1388 2176 1426 2213 in
1457 2176 1604 2214 Gallias

143 2242 292 2269 euntem
314 2243 442 2271 secuta
464 2235 522 2279 sit,
543 2248 619 2284 quo
639 2248 675 2271 v.
695 2237 744 2270 22
770 2245 852 2282 sqq.
874 2236 922 2269 46
942 2245 1023 2281 sqq.
1046 2231 1227 2275 referunt,
1249 2230 1362 2267 fidem
1378 2243 1454 2267 non
1472 2230 1601 2267 habet.

146 2286 244 2323 Nam
277 2285 453 2335 Cytheris
481 2301 578 2325 anno
600 2292 690 2327 710.
720 2288 768 2324 ab
798 2286 967 2323 Antonio
994 2285 1075 2335 jam
1109 2284 1265 2321 dimissa
1293 2292 1386 2327 erat,
1416 2283 1493 2320 vid.
1522 2283 1603 2320 Cic.

145 2339 310 2389 Philipp.
325 2339 377 2383 ΙΙ,
398 2344 461 2377 28.
490 2345 506 2387 ξ
527 2344 602 2385 69.;
634 2342 717 2379 haec
736 2349 861 2377 autem
882 2339 1015 2389 ecloga
1036 2347 1122 2375 ante
1141 2350 1281 2375 annum
1306 2339 1409 2381 717„
1430 2350 1506 2386 quo
1522 2336 1603 2373 An-

145 2393 271 2429 tonius
291 2393 328 2429 in
347 2391 504 2431 Oriente
523 2394 606 2439 fuit,
623 2395 764 2446 scripta
780 2406 856 2430 non
877 2400 948 2429 est.
1004 2391 1105 2428 Nam
1125 2404 1223 2428 anno
1245 2392 1334 2428 717.
1355 2389 1521 2435 ineunte,
1542 2389 1602 2426 M.

145 2446 320 2495 Agrippa
340 2445 383 2482 L.
406 2445 563 2484 Caninio
584 2447 698 2485 Gallo
724 2448 847 2490 Coss„
877 2446 924 2482 ab
944 2444 1119 2494 Agrippa
1138 2443 1293 2481 consule
1317 2443 1506 2481 exercitus
1526 2443 1604 2480 Ro-

145 2513 278 2536 manus
305 2500 341 2535 in
363 2499 507 2536 Gallias
525 2501 662 2538 ductus
691 2502 869 2539 Rhenum
890 2499 1059 2542 transiit;
1092 2510 1168 2547 quo
1187 2496 1373 2534 referendi
1388 2510 1521 2533 versus
1541 2498 1604 2532 46.

147 2557 212 2591 47.
233 2556 297 2590 23.
313 2552 391 2589 vid.
414 2551 493 2589 Vit.
507 2552 615 2603 Virg.
632 2568 654 2591 a
669 2558 772 2593 717.:
793 2568 841 2591 ex
856 2565 932 2601 quo
951 2551 1120 2588 exercitu
1139 2549 1297 2587 militem
1315 2549 1479 2599 aliquem
1499 2549 1605 2598 sequi

147 2606 272 2654 potuit
292 2605 462 2655 LycoriS,
494 2605 585 2643 dum
605 2606 740 2644 Gallus
761 2608 832 2644 sub
852 2606 1030 2655 Augusto
1055 2604 1105 2641 ad
1123 2603 1374 2654 Pompeianas
1392 2603 1528 2640 classes
1558 2602 1605 2638 ab

150 2658 271 2695 Italiae
292 2658 466 2696 litoribus
493 2659 671 2697 arcendas
693 2661 731 2698 in
756 2660 870 2697 armis
889 2667 980 2702 erat,
1009 2666 1073 2695 aut
1093 2658 1129 2694 in
1158 2657 1230 2695 alia
1259 2656 1501 2707 expeditione
1520 2666 1604 2691 ver-

149 2711 315 2749 sabatur.
344 2712 397 2748 H.
