1796 3077
537 175 822 216 BUCOLICA.
855 176 969 216 ECL.
998 177 1072 215 111.

143 296 275 339 ΜΕΝ.
307 295 432 347 Tum,
461 299 602 349 credo,

1475 182 1530 229 15

634 315 763 354 quum
783 313 848 341 me
867 300 1085 340 arbustum
1104 297 1246 340 videre
1266 299 1447 342 Miconis
1481 301 1533 341 10

84 351 228 408 Atque
248 353 355 395 mala
372 355 474 395 vites
493 356 677 398 incidere
696 357 801 398 falce
818 355 1016 397 novellas.

142 410 266 451 ΒΑΜ.
298 410 388 451 Aut
406 411 474 453 hic
495 413 549 453 ad
566 421 727 454 veteres
750 413 870 467 fagos
890 428 1018 466 quum
1040 411 1280 466 Daphnidis
1302 429 1444 455 arcum

84 465 263 521 Fregisti
279 474 320 509 et
336 467 537 518 calamos3
572 484 667 522 quae
689 478 747 518 tu,
778 483 974 523 perverse
995 468 1205 517 Menalca,

85 521 156 571 Et,
178 538 306 577 quum
326 525 463 565 vidisti
482 540 616 579 puero
638 526 809 573 donata,
839 524 1027 574 dolebas,

83 578 155 627 Et,
187 581 221 620 si
238 595 321 621 non
338 580 476 635 aliqua
494 583 720 631 nocuisses,
751 589 940 622 mortuus
960 595 1087 623 esses.

138 636 267 677 ΜΕΝ.
299 637 417 683 Quid
436 638 592 678 domini
611 638 778 687 faciant,
810 637 966 679 audent
985 652 1114 691 quum
1135 637 1233 680 talia
1250 638 1363 680 fures
1381 640 1391 679 !

81 691 185 733 Non
203 708 283 747 ego
304 701 345 734 te
365 694 450 734 vidi
469 694 686 743 Damonis,
718 696 910 748 pessime,
943 709 1115 748 caprum

81 748 294 803 Excipere
314 749 485 798 insidiis,
516 750 691 790 multum
710 750 888 790 latrante
908 750 1114 804 Lycisca?

81 805 141 845 Et
162 821 290 859 quum
310 805 529 846 clamarem
547 821 555 846 ε
590 806 690 852 Quo
706 821 816 847 nunc
838 820 881 846 se
901 806 1079 860 proripit
1099 805 1197 846 ille?

80 861 240 915 Tityre,
273 876 377 916 coge
393 876 546 916 pecus3
578 870 625 902 tu
644 870 740 916 post
761 870 927 903 carecta
943 861 1118 903 latebas.

136 918 260 958 ΒΑΜ.
291 917 363 958 An
381 918 494 968 mihi,
525 920 732 960 cantando
753 920 900 967 victus,
931 933 1016 958 non
1034 918 1232 959 redderet
1252 916 1333 967 ille,

79 974 220 1021 Quem
239 990 331 1016 mea
351 975 603 1016 carminibus
621 976 839 1017 meruisset
857 974 1013 1024 fistula,
1046 990 1219 1029 caprum
1235 977 1251 1015 ἲ

77 1030 125 1071 Si
141 1032 285 1080 nescis,
316 1046 432 1072 meus
453 1031 519 1072 ille
539 1047 667 1086 caper
686 1032 765 1073 fuit
783 1049 792 1081 3

79 1087 179 1142 Ipse
201 1087 424 1137 fatebatur,
457 1088 531 1129 sed
551 1089 731 1129 reddere
749 1103 873 1143 posse
894 1089 1089 1142 negabat.

824 1039 866 1072 et
886 1031 987 1072 mihi
1008 1031 1177 1072 Damon

134 1144 262 1184 ΜΕΝ.
295 1144 516 1185 Cantando
537 1152 583 1185 tu
602 1145 745 1186 illum?
777 1152 849 1186 aut
865 1160 1049 1199 unquam
1069 1144 1145 1186 tibi
1163 1143 1306 1185 fistula
1322 1158 1418 1186 cera
1479 1144 1536 1184 25

75 1199 106 1241 J
108 1208 233 1242 uncta
252 1200 358 1241 fuit?
390 1216 474 1242 non
491 1208 538 1241 tu
552 1202 596 1242 in
615 1202 757 1251 triviis,
788 1202 970 1251 indocte,
1002 1201 1166 1242 solebas

77 1257 282 1298 Stridenti
301 1258 496 1298 miserum
513 1257 666 1312 stipula
689 1259 936 1313 disperdere
957 1259 1152 1299 carmen?

133 1313 256 1355 DAM.
290 1313 367 1354 Vis
385 1329 487 1367 ergo
507 1315 617 1356 inter
632 1330 720 1364 nos,
753 1315 854 1368 quid
873 1316 1006 1370 possit
1023 1322 1215 1368 uterque,
1243 1313 1421 1358 vicissim

75 1369 388 1425 Experiamur?
421 1371 518 1425 Ego
538 1371 647 1412 hanc
667 1371 837 1412 vitulam
854 1373 921 1424 (ne
940 1371 1047 1413 forte
1068 1383 1250 1421 recuseS,

75 1426 150 1468 Bis
170 1427 281 1469 venit
298 1428 353 1468 ad
373 1427 603 1478 mulctram,
636 1429 756 1470 binos
775 1428 847 1469 alit
864 1429 994 1469 ubere
1013 1428 1140 1481 fetus)
1479 1426 1536 1466 30

72 1542 162 1572 Plinii
175 1543 283 1578 locum,
300 1553 317 1573 a
332 1544 435 1574 Servio
445 1543 606 1580 laudatum,
623 1550 784 1584 comparet.

72 1581 210 1617 —fitciles
225 1583 368 1621 Nymphas
381 1584 480 1617 risere,
502 1595 569 1612 cum
582 1585 731 1619 graviores
743 1584 783 1612 dii

70 1620 162 1649 ulturi
177 1621 300 1649 fuissent
312 1622 506 1658 sacrilegium.
521 1622 624 1659 facilis
636 1623 664 1649 in
678 1623 784 1659 injuria

71 1658 188 1687 serenda
207 1663 257 1687 aut
276 1660 470 1691 condonanda.
492 1660 539 1688 hic
559 1664 680 1698 propter
698 1660 782 1688 lasci-

70 1696 149 1724 viam
158 1697 372 1735 Nympharum,
382 1702 414 1726 ut
423 1698 494 1726 alias
503 1699 686 1736 Satn-orum,
699 1698 783 1736 AEgi-

71 1742 189 1771 panum,
222 1735 400 1770 Faunorum,
432 1736 604 1774 omninoque
635 1736 784 1764 numinum

70 1773 239 1810 agrestium.
262 1774 368 1811 quibus
387 1774 555 1802 tribuuntur
574 1783 669 1802 mores
689 1778 718 1803 et
741 1774 783 1802 in-

70 1810 154 1847 genia
166 1811 314 1839 hominum
327 1811 417 1840 vitam
433 1812 493 1840 sine
510 1812 591 1840 cultu
608 1816 637 1840 et
648 1812 783 1841 honesta-

69 1848 108 1876 tis
120 1859 207 1877 sensu
218 1850 336 1878 meliore
349 1850 504 1885 agentium.
526 1850 571 1878 H.
593 1850 705 1879 Eodem
717 1861 781 1879 sen-

69 1896 105 1915 su
119 1886 258 1924 Propert.
274 1888 319 1916 II.
334 1886 382 1920 34]
399 1890 470 1927 (25)
484 1889 532 1917 76.
546 1889 655 1926 faciles
668 1889 782 1917 Hama-

69 1925 197 1962 dryadas
210 1926 296 1954 dixit.
341 1926 389 1954 W.

108 1965 154 2000 10,
177 1964 213 1992 11
234 1964 325 1992 Aliud
344 1964 492 1994 Menalcas
509 1965 658 1994 Damoetae
674 1975 781 2004 expro-

67 2001 134 2030 brat
147 2002 289 2040 flagitium
305 2003 423 2031 malitiae
440 2003 468 2031 in
488 2004 636 2033 Miconem
651 2014 781 2033 corrum-

67 2040 161 2077 penda
172 2042 236 2078 ejus
248 2041 341 2069 vinea.
374 2040 461 2075 Tum,
477 2043 575 2076 credo,
596 2043 650 2071 hoc
662 2043 780 2077 factum,

67 2088 134 2106 cum
151 2079 298 2117 Nymphae
316 2078 451 2108 viderunt
467 2090 513 2109 me
531 2085 586 2109 etc.
626 2081 708 2109 Noto
723 2081 782 2109 iro-

67 2116 124 2144 niae
141 2127 242 2152 genere
256 2117 291 2146 de
301 2127 333 2146 se
343 2118 485 2155 praedicat
497 2119 639 2155 flagitium
652 2119 781 2152 alterins,

67 2155 282 2192 —nmlafalce,
304 2156 416 2189 nociva,
438 2151 610 2194 perniciosa.
632 2168 660 2186 v.
682 2159 717 2186 ad
733 2158 782 2186 Ti-

67 2192 141 2221 bull.
162 2194 226 2227 III,
247 2196 276 2229 5,
298 2195 346 2223 20.
367 2194 430 2223 arb.
447 2196 565 2224 arbores
578 2196 781 2234 vitibusjunc-

71 2235 128 2259 tas.

107 2270 144 2298 12
164 2270 265 2299 Simile
279 2271 327 2300 hic
343 2272 418 2316 ejus,
440 2281 497 2310 quo
513 2282 544 2300 se
557 2272 683 2310 petitum
697 2272 778 2301 vide-

67 2307 128 2341 bat,
158 2308 276 2337 malitiae
291 2305 333 2338 ‘et
357 2310 474 2339 mvidiae
503 2311 646 2349 flagitium
673 2311 776 2348 objicit

65 2344 326 2385 BIenfflcae--qztoe
346 2348 451 2377 donata
469 2359 511 2377 sc.
531 2359 629 2377 arcum
650 2353 677 2377 et
697 2349 774 2377 calu-

65 2393 144 2421 mos‚·
166 2385 273 2423 quibus
292 2390 322 2414 et
345 2387 380 2415 ad
400 2397 503 2425 greges
526 2387 723 2416 defendendos
747 2392 775 2416 et

65 2423 102 2450 ad
129 2424 291 2452 venandum
318 2424 364 2452 usi
389 2429 451 2453 tum
473 2429 541 2454 sunt
568 2429 712 2464 pastores.
738 2426 776 2454 cf.

64 2460 137 2489 Not.
158 2462 195 2490 ad
218 2463 264 2494 ΙΙ,
292 2462 340 2490 29.
367 2462 411 2490 H.
449 2464 572 2492 Comma
592 2468 661 2502 post
676 2466 775 2502 sagos,

65 2502 98 2527 ut
115 2499 170 2528 hoc
191 2501 226 2529 ad
239 2499 361 2538 fregisti
380 2501 553 2536 traheretur,
581 2502 775 2531 sustuli.—l5

64 2536 162 2604 gliqlua
173 2538 201 2566 h.
211 2539 346 2605 &aliqua
355 2539 474 2573 ratione,
487 2544 520 2568 ut
527 2540 645 2575 Terent,
655 2541 776 2569 Phorm-

88 2597 95 2609 ,
139 2598 145 2609 ‚
168 2578 214 2605 19.
268 2577 289 2605 ’“.

105 2614 143 2642 16
163 2613 285 2653 Regerit
300 2616 450 2645 Menalcas
463 2615 541 2645 aliud
553 2616 693 2655 flagitium
707 2616 779 2645 furti

66 2661 83 2679 a
98 2651 236 2682 Damoeta
247 2655 537 2691 conimissi.—fures,
559 2655 647 2687 servi,
668 2666 705 2683 ex
726 2666 778 2698 op-

63 2698 130 2727 pos.
143 2690 248 2721 domini
262 2697 291 2722 et
303 2698 401 2723 vetere
412 2693 649 2732 interpretatione
661 2694 757 2723 Servii
769 2704 777 2731 3

823 1553 913 1581 quum
927 1544 1122 1574 mercenarius
1135 1548 1237 1582 pastor
1250 1541 1405 1571 conviciari
1420 1541 1537 1570 audeat.

822 1584 917 1612 Usum
947 1583 1028 1611 vocis
1054 1583 1083 1611 in
1105 1582 1219 1619 vulgari
1250 1591 1381 1610 sermone
1412 1584 1538 1618 arguunt

823 1621 945 1654 Comici,
968 1621 1018 1659 qui
1037 1622 1117 1655 fures
1136 1631 1191 1658 pro
1209 1620 1303 1648 servis
1322 1619 1464 1657 improbis
1486 1621 1537 1647 aut

822 1659 858 1687 de
881 1659 1005 1687 scelesta
1023 1660 1109 1697 plebe
1130 1659 1240 1687 dicunt.
1260 1658 1384 1686 H.—-ls
1403 1657 1537 1694 Lycisca.

823 1697 897 1725 Sunt
912 1697 962 1734 qui
978 1697 1031 1725 hoc
1045 1707 1147 1725 nomen
1163 1697 1198 1724 ad
1213 1696 1352 1733 originem
1367 1706 1405 1724 ex
1420 1696 1491 1732 lupo
1507 1699 1537 1723 et

823 1745 893 1763 cane
914 1735 1050 1763 referant.
1075 1735 1199 1763 W.—20
1222 1734 1333 1772 Tityre,
1354 1744 1419 1771 σομε
1437 1744 1536 1771 pecus,

824 1773 903 1810 quod
923 1773 1090 1810 dispersum
1109 1783 1184 1811 vago
1207 1773 1344 1800 discursu
1361 1772 1535 1809 palabatur;

824 1811 911 1840 tacite
927 1821 996 1839 vero
1010 1821 1044 1840 eo
1056 1811 1121 1849 ipso
1133 1811 1288 1842 indicabat.
1310 1810 1404 1838 furem
1421 1811 1535 1843 adesse,

823 1849 873 1887 qui
882 1860 1002 1888 caprum
1011 1860 1049 1878 ex
1059 1860 1146 1888 grege
1155 1849 1222 1877 dolo
1231 1848 1426 1886 interciperet.
1455 1849 1536 1887 Tity-

820 1898 884 1916 rum
900 1898 970 1917 vero
983 1888 1125 1917 Damonis
1138 1898 1256 1916 servum
1269 1886 1431 1924 intelligere
1446 1887 1534 1915 debe-

822 1936 898 1959 muS,
911 1931 961 1955 aut
972 1937 1037 1955 eum
1050 1931 1140 1959 certe,
1156 1926 1207 1964 qui
1217 1928 1282 1964 ejus
1291 1935 1381 1963 pecus
1391 1930 1537 1963 pasceret.

821 1965 959 1993 ——Caresc
967 1966 1045 2003 apud
1054 1965 1164 1993 Catull.
1177 1964 1344 2001 cumjmzco.
1358 1964 1434 2001 apud
1445 1964 1534 1992 Colu-

822 2003 939 2031 mellam
957 2014 1024 2032 cum
1037 2003 1125 2040 filice,
1140 2003 1294 2039 jungitur3
1316 2004 1370 2031 Ge.
1391 2002 1455 2036 111,
1477 2003 1534 2031 231

821 2046 906 2069 acuta
918 2042 1083 2080 appellatur
1094 2052 1101 2077 ;
1117 2042 1235 2070 videtur
1245 2040 1431 2078 itaqnejunci
1442 2051 1534 2077 genus

822 2089 887 2108 esse
894 2090 1056 2113 commune,
1068 2079 1289 2118 Riedgrassfi.
1299 2089 1324 2107 e.
1338 2079 1535 2115 Reedgrass.)

822 2119 949 2147 21—24.
971 2119 1037 2147 Non
1051 2119 1162 2147 furtum
1178 2127 1194 2145 a
1209 2128 1240 2146 se
1259 2127 1324 2145 esse
1342 2117 1462 2151 factum,
1481 2118 1534 2145 sed

823 2157 954 2185 debitum
969 2167 984 2185 a
1001 2158 1133 2186 Damone
1147 2160 1283 2184 exactum
1301 2156 1455 2193 profitetur
1472 2156 1533 2184 Da-

821 2195 1056 2224 moetas.—23Si
1066 2195 1167 2229 nescis,
1183 2194 1253 2222 h.ut
1264 2194 1414 2229 bonseias,
1430 2204 1465 2222 ne
1479 2194 1534 2223 hoc

819 2232 946 2272 ignores.
960 2234 1050 2262 ovid.
1071 2233 1169 2271 Epist.
1190 2232 1269 2266 XX,
1295 2234 1361 2261 150.

858 2274 894 2300 25
919 2272 1070 2301 Cantando
1099 2276 1130 2299 tu
1154 2269 1252 2300 illum?
1280 2271 1386 2299 vicisse
1412 2275 1440 2299 te
1470 2270 1535 2300 ais?

818 2309 942 2348 Ellipsis
957 2310 1090 2339 irridenti
1100 2310 1283 2339 conveniens-
1321 2310 1370 2338 Ad
1384 2310 1534 2347 sequentia

814 2350 888 2377 conf.
909 2349 1032 2378 Theocr.
1054 2349 1093 2383 V,
1115 2349 1281 2377 5—8.—26
1301 2347 1332 2375 in
1346 2347 1531 2376 triviis—mi-

814 2397 909 2415 serum
926 2387 1025 2416 addita
1037 2387 1178 2425 intellige,
1200 2391 1233 2414 ut
1248 2387 1393 2421 ostendat,
1415 2396 1449 2415 ea
1466 2397 1532 2415 esse

816 2435 903 2463 quam
932 2425 1093 2461 vilissima;
1125 2424 1168 2454 uti
1195 2424 1357 2462 disperdere
1389 2424 1533 2453 invidiose

815 2473 870 2501 pro
890 2473 990 2493 canere
1011 2474 1077 2502 quae
1098 2468 1166 2492 sunt
1186 2473 1252 2491 cum
1273 2463 1356 2491 vitio.
1377 2462 1407 2490 in
1426 2463 1531 2497 triviis,

816 2502 909 2531 multo
925 2502 1020 2530 minus
1036 2502 1063 2530 in
1080 2501 1246 2530 certamine.

855 2542 893 2569 28
914 2540 1036 2568 vicissim
1058 2540 1087 2568 h.
1108 2540 1128 2568 l.
1154 2550 1208 2578 per
1227 2540 1318 2574 vices,
1339 2539 1467 2569 alterne:
1494 2540 1530 2567 ad

816 2579 991 2607 amoebaeum
1006 2588 1120 2607 carmen
1134 2579 1327 2607 referendum.
1347 2578 1384 2606 cf.
1410 2577 1474 2606 Ecl.
1491 2578 1529 2611 V,

818 2618 866 2646 50.
908 2618 1062 2646 Damoetas
1082 2626 1200 2645 vaccam
1216 2621 1343 2645 teneram
1355 2616 1480 2654 deponit,
1502 2615 1529 2643 in

819 2656 974 2694 sponsione
1003 2654 1138 2689 collocat,
1168 2660 1201 2683 ut
1227 2655 1294 2684 infr.
1324 2656 1372 2683 36.
1403 2654 1530 2690 simplex

813 2704 932 2732 ponere.
948 2694 985 2723 cs.
1006 2693 1130 2723 Theocr.
1152 2693 1246 2729 VIII,
1269 2695 1316 2723 11.
1335 2693 1478 2731 sqq.—30
1491 2702 1529 2721 ex
