1796 3077
591 239 863 280 AENEIDOS.
919 240 1019 279 Lm.
1052 239 1124 279 IX.

152 364 268 407 Tum
292 363 434 406 Bitian
454 362 674 405 ardentem
694 362 836 413 oculis,
858 362 1088 418 animisque
1109 362 1368 413 frementem,

150 423 253 464 Non
266 421 408 477 Jaculo
426 435 436 462 :
468 435 604 475 neque
625 421 736 461 enim
750 419 893 475 jaculo
913 421 1039 461 vitam
1060 419 1127 461 ille
1148 420 1357 471 dedisset;

151 480 240 521 Sed
258 493 457 533 magnum
477 478 657 519 stridens
677 484 870 519 contorta
888 476 1104 530 phalarica
1123 477 1250 526 venit,

1519 478 1545 519 7
1547 479 1602 520 05

150 536 352 577 Fulminis
373 543 467 576 acta
486 535 632 575 modo:
665 549 790 588 quam
810 548 888 574 nec
909 533 995 574 duo
1016 541 1163 575 taurea
1184 541 1318 589 terga,

149 592 246 634 Nec
268 592 427 647 duplici
447 606 621 646 squama
639 590 770 632 lorica
798 589 935 631 fidelis
957 597 999 631 et
1019 606 1122 631 auro

149 650 381 699 Sustinuit3
414 649 600 703 collapsa
619 655 746 689 ruunt
766 647 961 688 immania
979 648 1179 688 membra.

149 706 241 747 Dat
263 706 385 747 tellus
406 706 606 759 genitum,
627 713 671 746 et
691 704 872 759 clipeum
893 719 1021 758 super
1041 705 1203 746 intonat
1222 705 1392 759 ingens:

150 763 299 810 Qualis
321 764 364 803 in
385 757 580 803 Euboico
601 762 802 802 Baiarum
820 760 941 802 litore
963 762 1176 815 quondam

1521 762 1603 803 710

150 820 291 861 Saxea
311 819 397 874 pila
417 820 555 867 cadit3
587 819 748 872 magnis
768 833 894 871 quam
914 817 1093 858 molibus
1114 826 1211 860 ante

150 878 450 918 Constructam
470 882 603 929 ponto
617 875 804 929 jaciunt3
838 874 895 914 sic
916 873 985 914 illa
1005 875 1166 915 ruinam

147 935 290 974 Prona
309 932 453 981 trahit,
476 932 729 986 penitusque
746 930 863 971 vadis
884 930 991 970 illisa
1011 932 1216 973 recumbit
1233 949 1244 981 ς

147 991 333 1031 Miscent
353 1004 397 1030 se
417 989 561 1036 maria,
583 996 625 1029 et
644 988 778 1042 nigrae
800 986 1051 1028 attolluntur
1071 1003 1224 1029 arenae.

147 1049 262 1089 Tum
285 1047 424 1087 sonitu
445 1045 661 1099 Prochyta
681 1044 765 1085 alta
786 1045 937 1091 tremit,
959 1045 1196 1099 durumque
1216 1045 1354 1087 cubile

149 1105 330 1147 Inarime
351 1102 379 1143 J
383 1103 469 1143 ovis
484 1102 667 1156 imperiis
688 1102 868 1155 imposta
888 1100 1104 1155 Typhoeo.

203 1160 287 1201 Hic
307 1159 426 1200 Mars
443 1160 697 1212 armipotens
716 1159 899 1198 animum
920 1159 1116 1212 viresque
1139 1158 1302 1199 Latinis

146 1216 342 1265 Addidit,
363 1223 405 1256 et
428 1214 616 1256 stimulos
630 1229 748 1255 acres
768 1215 846 1254 sub
868 1222 1040 1267 pectore
1061 1216 1212 1264 vertit3

145 1274 405 1327 Immisitque
426 1272 590 1326 Fugam
612 1270 794 1312 Teucris
821 1278 1042 1324 atrumque
1064 1271 1296 1312 Timorem.

148 1330 350 1384 Undique
372 1329 624 1371 conveniunt
643 1346 653 1377 3
684 1329 882 1382 quoniam
903 1328 1003 1369 data
1022 1329 1144 1382 copia
1162 1343 1318 1384 pugnae
1335 1344 1344 1368 ι

147 1387 420 1441 Bellatorque
442 1386 600 1427 animos
621 1385 726 1426 deus
748 1385 906 1425 incidit.

183 1530 253 1559 703.
272 1529 331 1558 704
352 1528 463 1558 Bitiam
486 1532 547 1557 tam
573 1531 660 1557 vasto
682 1531 713 1557 et
733 1527 855 1557 immani

145 1579 272 1607 corpore
293 1568 387 1596 fuisse
410 1566 554 1600 declarat,
580 1572 614 1595 ut
630 1567 725 1604 jaculi
746 1566 855 1596 vulnus

146 1607 235 1636 nimis
255 1607 324 1636 leve
338 1617 392 1635 nec
416 1610 543 1635 mortem
564 1605 723 1635 allaturum
737 1606 856 1635 fuisset.

145 1647 243 1674 —705
263 1646 332 1674 Non
358 1646 424 1674 haec
445 1649 493 1674 est
512 1643 654 1682 falarica,
678 1654 766 1682 quam
787 1645 855 1673 Liv.

146 1684 249 1719 XXI,
269 1686 288 1713 8
304 1684 461 1718 describit,
484 1684 537 1712 sed
553 1687 599 1712 est
613 1683 790 1721 simpliciter
804 1693 859 1722 pro

146 1723 250 1753 lancea
277 1727 308 1752 et
329 1724 412 1752 hasta
439 1723 556 1751 latioris
580 1722 651 1752 serri
678 1722 769 1751 dicta.
811 1723 860 1751 Ex

148 1762 257 1791 Servio
273 1766 371 1791 tamen
394 1766 424 1790 et
445 1762 537 1790 Festo
558 1761 689 1791 notanda
707 1765 754 1790 est
774 1761 860 1798 origo

149 1802 232 1830 vocis
247 1801 355 1838 usalis,
370 1801 399 1829 h.
414 1801 657 1829 turribus-707
667 1800 757 1828 lorica
764 1800 861 1837 fidelis

145 1840 231 1878 (quae.
253 1840 357 1873 munit,
391 1844 490 1868 tutum
510 1840 620 1873 reddit,
642 1840 719 1867 bona
738 1839 810 1867 ideo
830 1842 861 1867 et

145 1878 264 1913 idonea,
292 1878 337 1907 sic
352 1878 429 1912 VII,
452 1879 512 1907 640
526 1879 606 1915 fidus
630 1877 727 1916 ensis)
740 1887 861 1916 squama

144 1916 250 1955 duplici
262 1921 289 1946 et
303 1928 386 1952 auro,
408 1917 582 1955 duplicibus
604 1917 736 1955 squamis
751 1917 860 1950 aureis,

145 1965 201 1985 seu
214 1956 330 1994 duplici
345 1966 535 1994 squamarum
550 1957 672 1990 ordine3
694 1956 738 1984 uti
750 1955 857 1983 bilicem

144 1994 263 2023 loricam
294 1995 375 2024 dixit
406 1994 489 2029 XII,
524 1996 594 2025 375.
607 2013 645 2017 ——-
660 1993 859 2024 Homericum

145 2036 312 2070 ἂράβησέτε
324 2036 411 2068 τεύχε’
422 2036 464 2062 ἐπ’
479 2036 561 2073 αὐτῷ.
595 2035 643 2063 Ad
652 2034 778 2063 verbum
789 2033 858 2061 red-

144 2071 226 2101 didit
242 2072 287 2108 X,
298 2074 375 2101 488.-
396 2072 520 2101 sonitum
533 2083 620 2112 super
635 2083 717 2101 arma
727 2072 839 2101 dedere.

183 2111 242 2139 710
262 2121 328 2149 sqq.
355 2112 392 2140 In
416 2112 612 2149 sequentibus
639 2112 748 2140 iterum
772 2120 854 2149 mag-

145 2158 216 2177 num
227 2151 347 2187 poetam
368 2160 529 2188 agnoscas:
551 2161 614 2179 rem
628 2150 730 2190 posuit
748 2159 855 2178 novam

145 2197 202 2225 per
214 2198 246 2216 se
256 2198 393 2226 magnam
405 2193 435 2217 et
443 2189 618 2224 terribilem,
628 2199 754 2227 eamque
768 2198 855 2217 orna-

145 2226 313 2261 νίῖὲναργῶς
320 2230 350 2255 et
358 2228 456 2256 docte.
478 2227 669 2266 Interceptus
679 2227 857 2257 eratCrater

146 2274 199 2294 seu
215 2265 298 2293 sinus
313 2265 445 2294 Baianus
458 2266 589 2296 molibus
604 2267 633 2295 in
645 2267 736 2296 altum
745 2266 856 2300 (luctis,

146 2304 258 2341 partim
279 2304 390 2342 quibus
404 2305 547 2342 praetoria
571 2305 750 2336 inaedificata
761 2308 857 2339 eraut,

144 2345 176 2371 et
198 2343 354 2381 temperati
379 2343 457 2371 aeris
486 2347 516 2372 et
542 2349 724 2382 prospectus
754 2354 858 2377 causa,

145 2381 255 2419 partim
277 2382 387 2419 quibus
410 2385 517 2419 portus
537 2383 637 2412 Julius
660 2383 858 2412 muniebatur.

148 2430 179 2449 v.
196 2421 252 2449 Ge.
270 2420 316 2454 ΙΙ,
340 2421 408 2448 161.
447 2420 577 2450 Euboico
597 2421 704 2457 littore,
730 2425 857 2460 propter

148 2458 262 2488 vicinas
283 2460 407 2494 Cumas,
432 2459 674 2489 Chalcidensium
701 2460 859 2490 coloniam.

142 2507 175 2526 v.
197 2499 235 2526 ad
252 2498 330 2532 Vll,
350 2498 381 2526 2.
401 2498 463 2536 pila
486 2508 574 2526 saxea
594 2499 714 2528 molibus
733 2499 858 2538 nmquis,

147 2536 207 2565 alte
221 2537 352 2575 aggestis
366 2536 521 2565 caementis
535 2541 718 2572 constructa,
734 2549 802 2576 quae
825 2538 855 2566 in

146 2579 271 2612 pontum
281 2575 407 2613 jaciunt.
448 2576 535 2604 Serv.
553 2578 583 2604 et
598 2576 695 2605 Cerda
704 2581 793 2615 ponto
807 2587 856 2605 ac-

146 2613 284 2650 cipiunt:
306 2615 450 2642 adversus
463 2624 558 2643 mare:
580 2615 705 2652 quidni:
734 2616 764 2644 in
784 2626 857 2653 pon-

147 2655 178 2680 to
187 2654 199 2681 ⁴?
222 2652 314 2680 Erant
326 2657 426 2681 autem
440 2654 486 2682 11ae
508 2653 688 2682 structiones
710 2663 743 2682 ac
762 2654 857 2683 moles

148 2700 187 2719 ex
209 2690 294 2719 saxis
315 2701 348 2719 ac
369 2691 523 2721 caementis
544 2692 669 2730 pulvere
692 2692 858 2722 Puteolano

149 2729 285 2759 solidatis
309 2730 467 2766 couseetae,
491 2733 558 2760 aute
580 2735 780 2761 constructae:
803 2732 860 2761 nisi

894 1531 960 1557 anie
981 1531 1080 1557 estex
1095 1531 1147 1562 πρὸ
1168 1527 1218 1557 vel
1238 1531 1356 1563 πρὸπρὸ,
1378 1528 1568 1566 procedendo
1589 1540 1607 1560 a

894 1565 1006 1596 littore.
1051 1567 1129 1596 Eum
1150 1567 1227 1595 enim
1248 1567 1430 1596 solidescere
1452 1569 1508 1596 sub
1529 1579 1607 1606 aqua

896 1610 966 1634 nota
990 1615 1039 1634 res
1061 1609 1125 1634 est:
1149 1616 1179 1635 v.
1195 1606 1315 1635 Vitruv.
1330 1606 1378 1640 ΙΙ,
1392 1607 1528 1641 6.-715,
1550 1608 1610 1636 716

895 1644 995 1673 Ruina
1027 1644 1115 1673 molis
1150 1645 1228 1673 facta
1257 1644 1355 1673 vicina
1383 1644 1459 1680 loca,
1493 1645 1607 1675 insulas

899 1693 1028 1721 quoque,
1048 1683 1276 1712 contremiscere
1296 1686 1405 1712 narrat.
1457 1684 1608 1723 Prochyta

899 1722 1108 1750 Promontorio
1136 1722 1306 1760 Campaniae
1335 1722 1456 1751 Miseno
1485 1724 1608 1761 objecta

899 1761 992 1798 (nunc
1005 1760 1229 1799 Procida)cun1
1246 1761 1411 1789 Pithecusa
1438 1771 1463 1790 s.
1485 1761 1609 1791 AEnaria

899 1801 994 1836 (nunc
1009 1799 1134 1835 Ischia),
1156 1809 1245 1838 quam
1258 1799 1408 1828 Inarimen
1429 1800 1508 1829 dixit
1520 1811 1608 1829 voca-1

900 1838 971 1866 bulo
987 1848 1025 1866 ex
1040 1838 1175 1867 Homero
1191 1839 1294 1872 ducto,
1315 1838 1372 1866 etsi
1385 1848 1542 1877 perperam
1562 1840 1607 1868 in-

899 1879 1084 1914 terpretato:
1106 1887 1172 1905 nam
1189 1877 1228 1905 ΙΙ.
1247 1881 1278 1913 β,
1299 1877 1357 1905 783
1379 1881 1426 1906 est
1446 1878 1610 1916 Typhoeus

899 1915 1022 1944 fulmine
1037 1925 1199 1953 percussus
1218 1918 1256 1943 εὶν
1276 1918 1402 1949 Ἀρίμοις.
1444 1916 1609 1952 Quaerendi

898 1954 997 1983 Arimi
1011 1959 1040 1983 et
1053 1958 1087 1982 τὰ
1097 1957 1196 1989 ”Apina
1210 1959 1259 1988 ὄρη
1273 1954 1302 1982 in
1316 1954 1389 1983 Asia
1404 1955 1527 1989 minore,
1548 1956 1608 1985 cir-

898 2002 933 2021 ca
953 1993 1091 2022 Ciliciam
1108 2004 1116 2030 3
1150 1994 1287 2031 quoniam
1315 1993 1344 2021 in
1367 2003 1403 2022 eo
1424 1998 1522 2022 tractu
1543 1994 1608 2024 loca

898 2036 982 2060 erant
1002 2036 1090 2060 terrae
1110 2032 1244 2060 motibus
1265 2036 1296 2061 et
1316 2032 1461 2061 incendiis
1481 2033 1610 2061 occultis

898 2070 1012 2099 foedata
1025 2081 1032 2106 3
1053 2080 1141 2108 quam
1155 2070 1290 2099 locorum
1302 2070 1409 2098 faciem
1418 2074 1555 2100 vetustas
1569 2071 1608 2101 ad

894 2114 1094 2138 monstrorum
1107 2112 1136 2137 et
1145 2109 1298 2147 gigantum
1313 2109 1483 2138 molitiones
1493 2110 1608 2140 referre

895 2148 1022 2177 solebat.
1061 2147 1218 2176 Translata
1235 2148 1271 2176 ab
1286 2156 1345 2175 uno
1363 2151 1394 2175 et
1408 2148 1502 2177 altero
1515 2150 1607 2186 poeta

895 2197 945 2216 res
967 2190 1014 2215 est
1035 2186 1073 2215 ad
1102 2186 1231 2214 insulam
1253 2186 1458 2221 Pithecusam,
1486 2197 1555 2225 quac
1576 2192 1609 2217 et

895 2226 963 2264 ipsa
983 2225 1143 2263 aliquando
1159 2226 1371 2254 subterraneos
1391 2224 1476 2263 ignes
1497 2229 1528 2254 et
1548 2227 1610 2255 rui-

896 2275 948 2294 nas
963 2271 1090 2302 experta
1111 2268 1179 2299 est3
1199 2263 1292 2301 igitur
1311 2273 1379 2292 cum
1403 2273 1435 2292 re
1457 2268 1487 2292 et
1507 2265 1607 2302 ipsum

896 2312 1000 2333 nomen
1017 2303 1200 2337 traductum,
1214 2302 1353 2331 Inarime.
1381 2302 1535 2340 Prochyta
1547 2304 1608 2332 alta

897 2343 1050 2381 epitheton
1083 2351 1237 2370 commune
1271 2341 1400 2370 omnium
1433 2341 1608 2377 insularum,

898 2385 1044 2420 quatenus
1074 2380 1148 2409 mari
1169 2380 1309 2408 eminent.
1343 2379 1442 2415 cubile,
1468 2384 1503 2409 ut
1536 2381 1608 2410 Pin-

895 2422 985 2449 darus
1019 2420 1142 2449 AEtnam
1175 2421 1316 2453 στρωμνὰν
1354 2418 1445 2456 Pyth.
1480 2419 1508 2453 I,
1542 2422 1580 2449 54
1598 2431 1606 2457 3

896 2460 1051 2489 Homerus
1078 2459 1116 2488 Il.
1142 2462 1173 2495 β,
1201 2459 1259 2487 783
1286 2459 1362 2487 εὐνὰς
1382 2457 1462 2487 dixit
1486 2458 1608 2489 Arimos

898 2501 1025 2527 montes.

934 2538 993 2566 718
1013 2535 1144 2564 stimulos
1155 2534 1245 2564 vertit
1259 2545 1265 2562 :
1285 2534 1354 2573 plus
1369 2544 1458 2573 quam
1475 2535 1608 2564 adhibet.

897 2586 927 2604 v.
954 2575 1007 2604 lib.
1029 2575 1087 2608 VI,
1109 2575 1275 2603 lor-719
1300 2578 1396 2602 atrum
1416 2574 1546 2611 pertinet
1567 2575 1606 2602 ad

896 2614 1070 2652 phantasma
1097 2613 1245 2643 Teneris,
1280 2616 1313 2641 ut
1344 2612 1384 2641 sit
1415 2613 1548 2641 tenebris
1576 2618 1607 2641 et

897 2657 982 2681 nocte
1004 2652 1299 2681 involutum.—7‘20
1319 2651 1487 2680 conveniunt
1510 2651 1606 2680 Latini

898 2701 933 2720 ac
957 2690 1074 2725 Rutuli,
1100 2690 1221 2720 iuventa
1247 2690 1474 2729 opportunitate
1499 2689 1609 2718 irrum-

898 2730 988 2769 pendi
1005 2730 1034 2759 in
1050 2733 1159 2759 castra.
