1796 3077
597 231 864 271 AENEIDOS.

126 349 375 392 Posthabita
395 351 569 393 coluisse
591 352 731 394 Samo.

922 232 1021 270 LIB.
1054 233 1082 270 1.
1475 238 1568 282 209

792 353 876 394 Hic
897 353 1004 395 illius
1025 369 1150 402 arma,

124 406 209 449 Hic
231 423 377 449 currus
398 407 499 458 fuit;
530 409 612 450 hoc
632 425 809 465 regnum
828 411 909 451 dea
927 412 1123 465 gentibus
1143 426 1246 457 esse,

125 464 172 504 Si
192 480 275 518 qua
294 464 381 506 fata
403 467 550 515 sinant,
567 468 654 521 jam
675 476 763 508 tum
783 468 1001 522 tenditque
1023 468 1232 521 fovetque.

125 520 378 576 Progeniem
401 524 476 564 sed
498 524 608 564 enim
627 524 816 578 Trojano
838 540 862 565 a
882 526 1083 579 sanguine
1104 526 1201 566 duci

123 578 347 628 Audierat,
375 579 528 634 Tyrias
549 581 646 622 olim
666 596 760 635 quae
782 588 963 622 verteret
984 597 1124 631 arces3

124 634 238 677 Hinc
257 636 474 690 populum,
494 637 578 678 late
598 653 753 692 regem,
775 638 969 692 belloque
990 640 1230 693 superbum,

124 691 366 733 Venturum
387 694 552 735 excidio
576 694 749 749 Libyae:
783 696 841 736 sic
860 695 1026 736 volvere
1049 695 1218 736 Parcas.

124 748 176 789 Id
195 758 398 800 lnetuenS,
425 752 660 805 veterisque
680 767 838 792 memor

859 752 1057 792 Saturnia
1075 752 1184 800 belli,

125 805 268 847 Prima
286 807 401 860 quod
422 808 476 848 ad
499 807 674 862 Trojam
694 823 771 862 pro
793 810 898 849 caris
919 817 1106 862 gesserat
1127 809 1254 863 Argis
1271 825 1277 848 :

124 862 220 905 Nec
242 864 342 904 dum
362 864 487 905 etiam
506 878 643 905 causae
664 865 818 905 irarum
838 866 1020 919 saevique
1041 864 1208 905 dolores

1515 864 1570 904 25

125 919 390 962 Exciderant
411 921 572 962 animo:
604 928 744 962 manet
762 920 845 962 alta
864 929 1002 963 mente
1023 928 1237 975 repostum

125 1059 232 1087 Graece
246 1059 288 1087 ita
301 1059 389 1088 reddi
409 1064 523 1097 posset,
543 1059 593 1088 illa
614 1059 669 1088 fuit
685 1059 765 1089 culta
779 1065 829 1090 aut

124 1097 185 1126 coli
212 1098 335 1126 credita.
357 1098 419 1127 vid.
438 1098 558 1127 Seldcn.
580 1099 618 1127 de
646 1098 714 1127 Diis
745 1099 829 1136 Syris

125 1136 213 1173 Synt.
239 1136 286 1171 II,
307 1147 334 1164 c.
355 1137 464 1166 2.—16
486 1137 548 1165 Hic
564 1137 642 1165 illius
660 1147 754 1171 ιιι-ηια,
785 1137 830 1167 hic

124 1175 309 1212 currus-suit,
330 1176 428 1210 ducta,
450 1180 535 1213 puto,
556 1175 599 1204 rei
612 1176 711 1212 imago
725 1177 762 1204 ab
778 1186 830 1204 an-

123 1213 218 1251 tiquis
251 1213 402 1247 heroibus,
434 1214 484 1252 qui
510 1214 648 1243 curribus
684 1214 765 1243 veen·
794 1216 832 1244 ad

123 1261 256 1290 pugnam
295 1253 535 1291 egrediebantur,
570 1253 697 1282 reduces
733 1256 831 1282 autem

125 1300 178 1319 eos
201 1290 231 1319 in
254 1290 322 1320 loco
343 1295 422 1320 teoto
444 1291 632 1320 collocabant
654 1302 687 1320 ac
706 1301 830 1330 repone-

124 1329 210 1362 bant,
226 1340 255 1358 v.
270 1330 310 1359 11.
326 1333 351 1362 θ,
374 1331 430 1360 441
445 1341 452 1359 2
475 1344 499 1364 ε,
521 1332 575 1360 194
591 1341 599 1367 3
620 1331 757 1359 traducta
769 1330 830 1365 illa,

125 1371 161 1396 ut
174 1367 241 1403 alia,
264 1369 301 1398 ad
314 1369 399 1404 deos,
414 1369 524 1406 quibus
538 1379 644 1398 currus
657 1369 705 1398 sui
719 1375 831 1403 esseut,

125 1406 180 1444 qui
194 1406 273 1436 iniis
287 1408 372 1439 locis.
393 1418 460 1446 quae
482 1408 673 1446 potissimum
694 1408 831 1446 frequen-

125 1449 223 1474 tarent
243 1445 287 1474 dii
302 1451 333 1475 et
347 1446 486 1479 colerent,
506 1451 732 1485 reponerentur.
768 1447 831 1476 Pro

125 1483 238 1513 talibus
261 1485 335 1513 locis
364 1485 509 1514 habentur
540 1483 639 1523 poetis
668 1495 712 1514 eae
742 1486 831 1515 urbes

126 1531 223 1560 eaque
245 1523 320 1557 loca,
351 1533 418 1561 quae
445 1524 608 1553 celebriore
637 1524 735 1562 aliqua
764 1525 831 1553 reli-

128 1561 216 1627 ?ioue
238 1562 411 1591 inclaruere.
453 1562 605 1601 Egregius
622 1562 698 1591 hanc
722 1563 751 1590 in
770 1573 832 1591 rem

143 1609 215 1628 ocus
241 1601 281 1629 ΙΙ.
303 1615 326 1635 ν,
355 1602 403 1630 21.
430 1611 496 1639 sqq.
522 1602 558 1630 de
580 1601 666 1639 AEgis
691 1601 833 1638 Neptuno

128 1638 234 1667 sacris.
286 1639 411 1669 Junonis
441 1644 539 1668 autem
568 1649 674 1668 currus
700 1649 716 1667 e
743 1639 835 1668 nobili

129 1676 258 1706 Homeri
282 1678 350 1706 loco
374 1678 449 1707 Ite.
472 1678 540 1706 720.
565 1678 659 1716 (adde
683 1677 795 1715 odyss.
810 1691 833 1711 ε,

129 1716 205 1750 381)
225 1720 313 1745 notus
332 1722 386 1745 est.
430 1717 619 1745 Burmannus
642 1716 744 1744 laudat
767 1716 834 1744 Val.

130 1754 180 1782 Fl.
194 1754 233 1789 V,
254 1756 322 1783 184.
363 1755 489 1784 Poetica
509 1759 605 1784 tamen
624 1754 725 1792 potius
747 1764 834 1792 quam

130 1802 201 1821 vera
213 1793 312 1822 deseri
334 1793 413 1822 tione
426 1803 498 1822 usus
512 1803 580 1822 esse
601 1794 722 1822 videtur
735 1794 834 1831 poe'ta.

130 1831 209 1859 Nam
242 1804 502 1870 Carthaginienses
533 1842 591 1860 non
624 1831 736 1865 currui,
779 1831 832 1860 sed

130 1869 208 1898 leoni
229 1869 406 1899 insidentem
430 1870 617 1908 expressisse
637 1875 834 1898 memorantur

132 1908 287 1937 coelestem
307 1919 390 1938 suam
412 1909 508 1938 deam.
530 1909 569 1937 cf.
592 1908 739 1946 Apuleius
758 1909 834 1938 Met.

135 1946 190 1980 VI,
204 1948 234 1976 6.
274 1948 371 1976 Porro
383 1958 468 1976 arma
486 1948 596 1976 debent
616 1948 644 1976 h.
657 1947 678 1976 l.
700 1957 768 1976 esse
783 1948 834 1976 ali-

131 1985 212 2052 }uod
228 1986 384 2024 proprium
399 1997 432 2015 ac
446 1992 623 2025 perpetuum
638 1997 645 2022 3
666 1990 700 2014 ut
712 1987 785 2015 adeo
800 1987 836 2015 de

157 2034 248 2053 unone
274 2030 389 2054 armata
428 2025 621 2062 cogitandum
657 2025 706 2059 sit,
740 2025 837 2063 qualis

129 2066 199 2095 Ἥρα
221 2066 364 2098 ὀπλοσμία
384 2063 440 2093 fuit
462 2061 550 2093 Elide
571 2064 660 2098 culta,
687 2064 837 2102 Lycophr.

136 2100 222 2129 Cass.
235 2103 303 2131 610.
319 2104 385 2137 158,
399 2107 427 2132 et
442 2106 533 2135 iunia,
548 2103 578 2131 h.
595 2113 621 2131 e.
636 2113 726 2131 curru
741 2107 837 2135 vecta,

137 2139 288 2177 Olympiae
301 2151 348 2179 ap.
360 2142 490 2171 Pausan.
504 2142 542 2176 V,
558 2143 606 2175 15,
626 2151 656 2179 p.
672 2142 740 2170 411.
755 2141 839 2171 hasta

135 2177 162 2205 ei
187 2178 314 2215 quodam
337 2181 426 2210 modo
452 2179 573 2218 propria
597 2180 664 2213 fuit,
690 2180 779 2208 etiam
801 2190 838 2209 ex

137 2215 312 2245 Latinorum
340 2219 492 2258 religione.
546 2219 629 2247 Nota
662 2219 838 2247 Sabinorum

136 2254 218 2283 Juno
246 2254 367 2284 Curitis.
393 2258 433 2286 cs.
454 2258 588 2286 Servius.
612 2258 725 2286 Locum
747 2257 841 2286 nostri

136 2294 237 2330 poetae
260 2296 412 2332 expressit
432 2296 560 2325 Ovidius
577 2296 662 2325 Fast.
675 2296 733 2330 VI,
751 2297 840 2325 45.—

136 2332 186 2360 17.
210 2333 247 2360 18
270 2332 464 2372 Carthagine,
492 2335 598 2363 Romae
624 2334 740 2369 aemula,
762 2345 839 2373 prae-

137 2369 218 2398 clare
231 2370 326 2400 utitur
336 2373 426 2409 poeta
441 2372 469 2400 b.
478 2372 574 2401 l.—ut
586 2382 621 2401 ea
633 2374 705 2401 urbs
719 2383 841 2412 regnum

137 2409 282 2476 §entiunn
317 2414 410 2448 caput
442 2410 561 2448 imperii
593 2415 751 2446 terrarum,
791 2412 841 2446 sit,

160 2457 218 2476 uno
235 2448 301 2486 jam
327 2452 399 2483 tum,
431 2453 496 2478 ante
530 2450 654 2478 Romam
681 2450 842 2485 conditam,

138 2485 238 2520 tendit,
259 2487 420 2521 contendit,
450 2487 606 2522 allaborat,
633 2498 752 2526 operam
778 2489 840 2522 dat,

131 2525 280 2563 fovetque,
306 2536 362 2564 pro
390 2526 517 2564 vulgari,
539 2527 652 2556 studet.
670 2528 753 2564 fovet
775 2527 841 2561 hoc,

141 2562 215 2591 hanc
233 2574 306 2598 rem,
328 2565 383 2594 hoc
407 2565 577 2599 consilium,
598 2565 692 2594 animo
710 2570 742 2594 et
760 2566 842 2605 cogi-

140 2601 338 2632 tatione.—Si
358 2614 417 2642 qua
438 2604 719 2633 ratione.—-19—22
741 2604 843 2633 Enim-

142 2648 213 2668 vero
238 2645 268 2669 et
290 2643 419 2679 Trojana
445 2643 538 2681 stirpe
558 2645 656 2671 ortum
676 2641 843 2671 habituram

142 2687 209 2706 esse
233 2685 389 2718 acceperat
406 2685 522 2720 gentem
541 2680 556 2719 (
558 2680 724 2719 progeniem
739 2681 843 2718 dixit),

142 2726 210 2753 quae
236 2717 442 2748 Carthao'inem
469 2719 628 2758 aliquando
653 2722 735 2747 esset
761 2729 845 2748 ever-

144 2764 222 2784 sura.
263 2743 412 2795 Populum
427 2758 513 2794 enim,
535 2759 570 2788 ab
595 2768 629 2786 ea
649 2762 735 2795 gente
754 2757 845 2786 oritu-

869 1070 944 1093 rum,
979 1060 1017 1088 ad
1046 1059 1278 1088 exscindendam
1310 1058 1518 1097 Carthaginem
1547 1059 1575 1088 in

869 1099 1002 1128 Africam
1035 1099 1138 1136 copias
1171 1108 1240 1126 suas
1274 1108 1341 1127 esse
1368 1099 1573 1135 trajectarum.

868 1137 936 1166 Jam
959 1138 1094 1175 expende
1117 1137 1259 1166 rationem
1281 1137 1442 1174 poeticam.
1462 1137 1507 1166 H.
1527 1136 1579 1164 sed

869 1175 954 1209 enim,
970 1179 1047 1204 ἀλλὰ
1062 1179 1126 1210 γὰρ,
1140 1176 1178 1204 of.
1190 1176 1254 1209 111,
1267 1176 1333 1204 163.
1348 1175 1574 1204 Ovid.Metam.

871 1214 898 1248 I,
912 1215 981 1243 530.
1006 1214 1183 1247 W.—Hinc,
1204 1224 1242 1242 ex
1257 1214 1311 1242 hac
1325 1214 1480 1252 progenie.
1504 1223 1574 1252 pos-

871 1253 989 1282 teritate
1002 1253 1210 1290 Trojanorum.
1231 1252 1293 1281 Alii
1307 1252 1441 1280 referunt
1456 1252 1494 1280 ad
1509 1262 1576 1280 sun-

869 1292 983 1330 yuinem
1000 1292 1069 1320 Tro.
1090 1291 1134 1320 H.
1154 1291 1218 1319 hinc
1231 1301 1284 1329 pro
1298 1291 1367 1319 hinc
1382 1295 1489 1319 ortum.
1531 1290 1578 1319 Si-

870 1331 982 1359 militer
1007 1330 1079 1358 unde
1103 1334 1266 1367 usurpatur
1287 1330 1366 1368 apud
1386 1329 1494 1358 Horat.
1517 1329 1576 1358 Od.

870 1369 919 1402 II,
941 1370 988 1402 12,
1014 1368 1187 1406 7.juvenes,
1219 1368 1290 1397 unde
1311 1367 1577 1406 pericnlum—con-

871 1408 986 1436 tremuit
1009 1407 1119 1435 (lomus.
1144 1407 1377 1445 IV.--popul11m
1404 1407 1461 1435 late
1482 1416 1576 1442 regem

870 1456 926 1484 pro
946 1446 1006 1474 late
1019 1449 1203 1485 regnantem,
1225 1455 1254 1474 v.
1276 1446 1381 1474 Burm.
1401 1446 1437 1473 ad
1454 1445 1576 1473 Petron.

872 1495 899 1514 c.
913 1486 961 1513 82.
977 1488 1054 1514 extr.
1095 1485 1276 1522 Comparant
1295 1486 1447 1518 εὖρυκρείων
1463 1483 1576 1512 Home-

871 1524 967 1552 ricum
981 1528 1011 1552 et
1026 1526 1185 1557 εὐρυμέδων.
1210 1523 1247 1551 cf.
1272 1523 1321 1550 inf.
1339 1523 1366 1555 Ι,
1388 1523 1456 1550 235.
1496 1521 1577 1550 Hinc

864 1563 932 1599 fore
947 1562 1078 1590 (laesores
1098 1561 1269 1590 etc--bello
1285 1559 1448 1598 superbum,
1472 1560 1578 1598 exqui-

873 1601 962 1629 sitius
988 1610 1075 1638 quam
1104 1604 1264 1637 potentem,
1298 1599 1437 1633 ferocem,
1472 1603 1577 1636 utpote

872 1639 1028 1672 victorem,
1051 1642 1203 1667 κυόιόωντα.
1249 1637 1349 1665 Semel
1376 1638 1414 1666 de.
1439 1637 1494 1666 hoc
1520 1647 1578 1666 usu

874 1677 957 1706 vocis
973 1677 1053 1714 apud
1076 1678 1181 1714 poetas
1203 1675 1501 1715 monemus.——Lybia
1514 1676 1577 1714 ple·

873 1716 939 1744 nius
963 1726 1018 1754 pro
1042 1715 1223 1753 Carthagine
1247 1715 1274 1742 in
1300 1724 1335 1743 ea
1358 1714 1469 1743 Africae
1492 1719 1578 1752 parte

874 1754 1139 1783 sita—venturum
1159 1753 1278 1787 excidio,
1304 1753 1341 1781 ad
1360 1753 1521 1786 excidium,
1546 1758 1580 1781 ut

873 1792 991 1826 auxillo,
1010 1792 1223 1820 subsidim—22
1244 1791 1389 1820 Audierat
1409 1792 1524 1820 Parcas
1537 1792 1579 1820 sic

871 1832 992 1865 volvere,
1020 1831 1084 1859 haec
1112 1829 1217 1865 moliri,
1248 1829 1517 1858 machinari.—23.
1543 1831 1582 1860 24

878 1870 992 1900 Veteris
1011 1869 1086 1903 belli,
1107 1869 1209 1906 paullo
1233 1873 1299 1897 ante
1326 1868 1414 1906 gesti,
1443 1873 1477 1897 ut
1500 1873 1578 1897 vetus

874 1913 905 1938 et
931 1909 1066 1946 antiquus
1087 1907 1417 1944 interdum--prima3
1451 1907 1579 1945 primum

875 1947 970 1986 prius,
991 1946 1193 1984 olim.—Aryl
1211 1956 1266 1984 pro
1290 1945 1582 1984 Aryivis.-25—28

876 1987 990 2015 Versus
1005 1986 1034 2014 in
1046 1985 1216 2024 parenthesi
1228 1995 1294 2014 esse
1309 1985 1424 2024 positos
1437 1988 1521 2023 puto.
1543 1985 1582 2013 Id

877 2030 1003 2054 meluens
1022 2029 1049 2052 et
1070 2024 1133 2052 belli
1154 2034 1272 2057 memor,
1300 2023 1377 2062 quod
1399 2028 1581 2061 yesserat,—-

877 2064 991 2093 arcebat
1018 2063 1119 2091 Troas.
1167 2063 1244 2091 Cum
1263 2067 1361 2090 autem
1380 2062 1453 2090 alias
1472 2071 1581 2090 causas

877 2102 1116 2141 interposuisset,
1147 2100 1275 2139 iniquum
1303 2100 1423 2128 Paridis
1439 2100 1582 2138 judicium

877 2152 933 2180 qno
959 2140 1085 2170 Junonte
1110 2140 1210 2177 forma
1243 2138 1363 2176 inferior
1393 2139 1584 2176 pronuntiata

870 2183 984 2218 Jiterat,
1005 2183 1032 2206 et
1051 2177 1228 2216 Ganymedis
1247 2181 1374 2215 raptum,
1396 2176 1480 2205 addit
1500 2187 1529 2205 v.
1543 2178 1583 2205 29

878 2219 938 2248 His
951 2227 1069 2246 accensa
1087 2226 1182 2254 super,
1204 2225 1295 2254 super
1316 2221 1428 2249 cetera,
1447 2215 1584 2254 insuper,

879 2258 968 2286 etiam
994 2257 1039 2285 his
1066 2255 1122 2284 sibi
1145 2255 1232 2283 sactis
1257 2253 1371 2292 injuriis
1398 2255 1515 2282 25—28
1539 2254 1584 2282 in-

880 2297 1036 2329 flammata,
1056 2293 1170 2322 arcebat
1196 2293 1299 2321 Troas.
1318 2292 1362 2320 H.
1390 2292 1584 2321 Parenthesis

879 2336 929 2364 vix
947 2333 1131 2373 probabitur.
1172 2332 1249 2360 Nam
1264 2330 1361 2359 bellum
1377 2330 1477 2369 ipsum
1493 2341 1584 2360 causa

881 2373 941 2402 odii
961 2370 1339 2408 habetur—contemplare
1360 2370 1515 2398 formulam
1532 2379 1585 2398 an·-

881 2411 1015 2441 nectendi
1039 2409 1168 2438 Necdum
1190 2408 1365 2436 etiam-ad
1387 2418 1474 2446 quam
1500 2419 1585 2437 acce-

881 2452 957 2480 dunt
971 2459 1069 2478 causae
1085 2452 1256 2476 memoratae
1271 2447 1399 2475 25—28.
1436 2447 1584 2486 Legitime

881 2488 1067 2528 pertexenda
1079 2486 1174 2515 oratio
1192 2496 1246 2523 per
1267 2484 1436 2523 participia,
1458 2490 1584 2514 metuens

880 2537 1032 2556 -rnemor
1057 2529 1087 2554 et
1115 2534 1233 2553 accensa
1253 2524 1461 2553 recordatione
1477 2524 1586 2562 judicii

882 2566 1014 2599 Paridis,
1034 2563 1156 2601 originis
1178 2563 1383 2600 'l'rojanorum‚
1402 2564 1584 2592 honorum-—

883 2601 1230 2643 Ganymedis—arcebat.
1261 2600 1397 2630 W.—26
1417 2601 1519 2630 Manet
1540 2610 1585 2629 re-

876 2648 993 2683 postum
1008 2651 1063 2680 pro
1077 2640 1205 2678 vulgari,
1226 2644 1273 2669 est
1293 2640 1460 2678 repositum
1480 2640 1508 2668 in
1524 2639 1583 2666 ani-

883 2692 943 2714 mo,
963 2681 1030 2715 alte,
1052 2679 1208 2718 profunde.
1257 2679 1463 2717 Comparanda
1488 2681 1587 2705 autem

883 2731 950 2749 cum
963 2720 1010 2748 his
1025 2717 1190 2747 Homerica
1203 2717 1242 2746 Il.
1253 2731 1284 2751 ω,
1297 2718 1423 2746 25-30.
1444 2716 1587 2744 Formam

885 2758 1071 2788 adumbravit
1092 2756 1205 2786 Statius
1220 2756 1314 2785 Theb.
1330 2756 1357 2788 Ι,
1377 2756 1445 2786 246,
1467 2753 1516 2782 nbi
1531 2753 1546 2782 J
1553 2763 1585 2780 u-

1294 2810 1362 2835 Ee
