1796 3077
0 1293 3 1370 ἔ

577 149 915 191 GEORGICON.
966 151 1067 192 Lm.
1098 153 1171 191 111„
1512 159 1592 205 151

147 271 300 313 Cetera
319 280 549 328 pascuntur
565 275 718 316 virides
734 282 922 317 armenta
940 290 1016 329 per
1036 275 1191 316 herbas
1209 292 1218 316 z

146 328 218 369 Tu
238 345 342 383 quos
364 331 417 371 ad
438 331 622 372 studium
641 340 767 386 atque
789 348 911 373 usum
933 332 1129 373 formabis
1150 340 1373 387 agrestem,

145 385 242 426 Jam
263 386 413 428 vitulos
432 387 618 438 hortare,
639 389 831 443 viamque
853 390 995 430 insiste
1015 389 1230 439 domandi,

148 442 264 483 Dum
284 442 426 485 faciles
447 445 573 486 animi
587 446 804 499 juvenum,
825 446 926 486 dum
945 445 1110 486 mobilis
1129 456 1245 488 aetas.

1523 447 1600 485 165

144 497 212 540 Ac
231 500 411 553 primum
431 500 549 542 laxos
568 503 685 543 tenui
706 502 760 544 de
779 503 931 543 vimine
952 502 1100 544 circlos

145 555 309 598 Cervici
329 559 530 600 subnecte
547 576 556 609 3
589 559 756 608 dehinc,
776 560 851 601 ubi
870 559 1003 601 libera
1023 559 1130 601 colla

145 612 325 655 Servitio
344 616 562 666 assuerim,
588 617 688 671 ipsis
712 632 734 658 e
754 617 976 671 torquibus
996 625 1118 671 aptos

143 669 286 724 <Iunge
306 686 428 725 pares
449 680 491 713 et
511 688 615 727 coge
636 675 816 728 gradum
836 673 1028 715 conferre
1042 675 1247 728 juvencos
1265 691 1273 715 :

142 726 288 781 Atque
302 727 380 769 illis
394 730 483 783 jam
499 745 612 783 saepe
631 738 735 770 rotae
749 730 959 771 ducantur
974 732 1118 772 inanes

1521 730 1599 769 170

144 782 229 824 Per
249 792 414 834 terram,
436 793 479 826 et
497 801 657 827 summo
678 787 853 841 vestigia
874 786 1046 841 pulvere
1068 788 1257 841 signent3

146 840 250 881 Post
271 841 408 882 valido
429 842 565 883 nitens
583 843 660 883 sub
681 844 870 897 pondere
891 843 1055 898 faginus
1076 845 1166 884 axis

143 897 370 952 Instrepat,
391 906 433 939 et
446 900 617 953 junctos
639 907 750 940 temo
772 900 912 941 trahat
931 915 1066 941 aereus
1085 901 1223 941 orbes.

144 953 311 996 Interea
330 956 433 1009 pubi
453 956 667 997 indomitae
686 972 771 997 non
791 958 979 1010 gramina
995 964 1172 1006 tantum,

142 1011 237 1052 Nec
257 1027 400 1053 vescas
421 1012 591 1053 salicum
612 1013 784 1054 frondes
800 1012 1022 1067 ulvamque
1042 1013 1285 1067 palustrem,

143 1068 231 1108 Sed
252 1068 460 1110 frumenta
479 1085 605 1110 manu
625 1085 773 1124 carpes
794 1078 897 1110 sata.

958 1069 1053 1111 Nec
1071 1072 1145 1111 tibi
1162 1070 1271 1118 fetae,

143 1124 269 1166 BIore
288 1133 468 1179 patrum,
489 1127 610 1167 nivea
632 1126 865 1181 implebunt
885 1126 1125 1167 mulctraria
1144 1142 1295 1174 vaccae,

143 1181 231 1223 Sed
251 1189 339 1222 tota
360 1183 401 1222 in
418 1183 562 1225 dulces
582 1191 830 1224 consument
850 1185 981 1224 ubera
1002 1191 1138 1225 natos.

199 1238 274 1279 Sin
295 1240 348 1279 ad
365 1239 475 1280 bella
490 1241 623 1294 magis
645 1240 831 1281 studium
852 1248 1095 1295 turmasque
1113 1241 1287 1289 feroces,

142 1294 234 1337 Aut
249 1294 419 1352 Alphea
440 1298 541 1338 rotis
557 1297 734 1352 praelabi
754 1297 926 1338 flumina
947 1297 1071 1347 Pisae,

140 1440 313 1475 horrentem,
336 1440 471 1469 novalem
507 1450 539 1469 ro
553 1441 660 1479 quovis
675 1452 746 1480 agro
760 1442 850 1470 duras

141 1483 173 1508 et
186 1489 306 1517 asperas
321 1479 425 1517 glebas
441 1480 478 1508 ha
502 1483 578 1508 ente.

181 1518 238 1547 162
258 1522 352 1546 celera
365 1522 505 1552 armenta,
523 1517 632 1555 reliqui
648 1518 771 1556 quidem
787 1528 850 1546 orn—

139 1566 191 1585 nes
218 1556 307 1586 vituli
332 1557 361 1585 in
386 1556 534 1586 communi
560 1566 649 1594 grege
673 1560 848 1593 pascuntur,

139 1599 254 1633 praeter
268 1605 332 1630 eos,
355 1595 406 1634 qui
423 1594 506 1633 operi
522 1595 635 1623 rustico
651 1594 849 1628 destinantur,

139 1634 178 1663 de
194 1634 306 1672 quibus
327 1634 356 1662 iu
380 1633 573 1671 sequentibus
595 1633 755 1671 diligenter
778 1634 850 1671 agit.

140 1673 220 1701 Nam
236 1672 344 1701 transit
359 1672 471 1701 163.ad
484 1675 671 1709 praeceptum
686 1672 723 1700 de
737 1676 853 1700 matura

135 1711 282 1748 juvencos
301 1710 439 1739 domandi
459 1720 541 1744 cura,
563 1711 643 1748 quod
657 1710 698 1739 ita
713 1710 830 1739 orditur
844 1720 850 1738 :

143 1749 188 1778 Tu
203 1759 285 1787 quos,
310 1759 369 1787 qua
387 1748 515 1777 formula
535 1754 565 1778 et
590 1748 660 1777 alibi
682 1748 776 1777 utitur
797 1758 851 1787 pro

140 1788 259 1826 vulgari
272 1799 278 1816 :
303 1787 388 1824 Quos
404 1791 436 1816 tu
452 1791 551 1816 autem
566 1787 603 1815 ad
617 1787 751 1815 studium
766 1797 850 1826 agre-

140 1830 197 1860 ste,
230 1827 260 1855 h.
294 1836 370 1864 opus
403 1825 559 1859 rusticum,
597 1826 724 1854 educare
752 1836 852 1864 paras,

139 1865 195 1894 hos
212 1866 275 1902 jam
300 1865 411 1893 vitulos
434 1874 506 1893 cura
533 1864 721 1893 adsuefacere
747 1864 852 1894 labori.

140 1904 341 1932 -Rationem
359 1903 497 1932 domandi
518 1904 610 1932 boves
625 1914 642 1932 a
655 1903 787 1932 Varrone
800 1914 851 1942 pe-

139 1942 189 1971 tiit
212 1942 250 1972 de
271 1942 310 1971 R.
336 1942 378 1971 R.
397 1941 421 1977 Ι,
453 1942 504 1970 20.
530 1942 569 1971 cf.
595 1942 712 1971 Colum.
734 1942 793 1977 VI,
814 1943 849 1971 2:

140 1980 256 2010 Pallad.
277 1981 335 2016 IV,
358 1982 504 2010 12.—164
527 1980 659 2019 viamque
681 1980 782 2009 insiste
801 1981 852 2009 do-

140 2019 249 2055 mandi,
259 2023 353 2049 artem
370 2023 400 2048 et
412 2019 554 2048 rationem
567 2019 737 2058 ingredere,
751 2030 851 2049 curam

141 2058 260 2096 suscipe
287 2059 438 2093 domandi,
463 2058 492 2087 h.
516 2068 543 2087 e.
566 2060 628 2096 jam
653 2063 716 2087 tum
736 2063 852 2087 mature

140 2096 333 2126 doma—165
342 2097 449 2135 faciles
460 2097 561 2132 animi,
576 2097 697 2131 molles,
723 2097 851 2132 dociles,

141 2145 171 2164 v.
193 2135 230 2163 ad
256 2135 366 2165 Tibull.
392 2137 420 2170 I,
446 2137 474 2171 l,
499 2137 549 2165 40.
575 2135 689 2165 mobilis
713 2140 795 2170 retas,
823 2136 852 2164 in

143 2182 202 2211 qua
215 2183 324 2211 corpus
338 2175 458 2210 mobile,
472 2177 617 2210 εὐκίνητον,
633 2175 748 2210 flexile,
763 2174 852 2213 agile,

142 2216 296 2250 vegetum.

182 2252 248 2280 166.
266 2251 323 2279 167
352 2250 401 2279 Ex
425 2251 514 2281 ressit
533 2261 656 2281 versum
681 2251 854 2281 Nemesian.

142 2290 257 2328 Cyneg.
272 2290 340 2318 184.
361 2288 399 2318 Li
417 2299 468 2318 era
490 2294 556 2318 tanc
572 2290 702 2329 primum
724 2300 855 2319 consues-

141 2332 208 2356 cant
225 2326 297 2357 colla
317 2327 421 2366 liyari:
442 2328 479 2357 de
502 2329 735 2358 canibus.—168
760 2334 854 2368 aptos,

144 2366 271 2401 vinctos,
282 2376 375 2395 nexos
389 2370 419 2395 et
431 2366 561 2405 illigatos
573 2368 699 2397 invicem
713 2379 751 2397 ex
766 2368 854 2397 vimi-

141 2406 206 2435 neis
221 2405 280 2435 illis
293 2405 437 2440 vinculis3
459 2415 516 2434 non
527 2415 567 2435 ex
583 2407 734 2440 cornibus,
749 2410 783 2435 ut
791 2407 855 2444 jam

141 2447 205 2474 tum
215 2454 288 2473 usus
299 2444 449 2473 hominum
461 2444 619 2473 multomm
630 2446 855 2474 ferebat—170

141 2486 215 2512 rotoe
235 2483 345 2518 inanes,
366 2492 460 2512 vacua
479 2481 623 2520 plaustra,
642 2494 768 2521 quorum
782 2494 853 2513 mox

141 2521 270 2560 vestigia
289 2521 420 2561 intellige
441 2521 548 2550 leviter
573 2531 612 2549 ex
634 2531 719 2551 ressa
734 2523 764 2551 in
785 2523 853 2560 pul-

143 2569 224 2594 vere,
239 2561 308 2599 quia
322 2560 402 2590 levia
416 2563 484 2589 sunt
495 2560 592 2589 —172
648 2560 675 2589 is
696 2562 854 2591 assuefacti

167 2597 281 2628 laustro
328 2600 472 2629 onderoso
500 2601 531 2627 et
551 2602 657 2627 onusto
680 2599 852 2637 jungantur.

176 2645 223 2665 ars
233 2647 272 2666 ex
319 2639 410 2667 01116Γί
420 2638 471 2667 illo
480 2636 518 2666 Il.
527 2650 551 2673 ε,
564 2638 622 2667 838
631 2640 704 2673 μέγα
715 2639 738 2668 δ’
749 2641 852 2674 ἔβραχε

415 2721 431 2737 ζ

411 2733 431 2751 .)

1521 1296 1607 1336 ῙΒΘ

891 1443 1001 1477 φήγινος·
1018 1444 1097 1475 ἄξων,
1119 1444 1329 1470 versae—temo
1347 1449 1450 1474 cereus,
1476 1449 1545 1473 aere,
1568 1443 1603 1468 ut

890 1489 967 1507 nunc
982 1480 1071 1513 ferro,
1086 1478 1363 1516 firmatus—juncti
1372 1478 1464 1512 orbes,
1474 1483 1560 1512 rotae,
1571 1479 1602 1508 h.

890 1527 1008 1550 currus,
1032 1518 1081 1546 cui
1105 1522 1182 1546 temo
1200 1519 1323 1554 junctus
1346 1517 1514 1545 esc-174
1530 1517 1606 1554 pub&

889 1554 1046 1590 inclomitae,
1072 1556 1175 1584 vitulis
1196 1555 1327 1584 nondum
1348 1555 1481 1588 domitis,
1506 1555 1602 1585 donec

889 1593 1172 1623 domnum—175
1199 1604 1296 1623 vescas
1319 1593 1438 1623 salicum
1468 1594 1604 1632 frondes,

889 1632 996 1666 exiles,
1029 1637 1142 1666 tenues.
1176 1643 1283 1670 parum
1312 1642 1464 1662 succosas.
1488 1643 1604 1662 vescum

885 1681 1016 1709 papaver
1031 1672 1087 1700 Ge.
1102 1672 1159 1705 IV,
1176 1673 1244 1704 131,
1264 1681 1355 1709 parva
1375 1681 1465 1710 grana
1479 1672 1603 1701 habens.

890 1709 1005 1743 -ιιῖιίι,
1023 1710 1123 1738 herbae
1143 1720 1178 1738 ao
1203 1709 1307 1738 calami
1333 1710 1476 1747 palustris
1497 1720 1606 1749 genusf

891 1748 993 1776 eadem
1008 1758 1076 1776 cum
1091 1748 1178 1786 typha
1195 1748 1284 1787 (cat’s
1299 1748 1362 1781 tait,
1383 1759 1409 1776 v.
1432 1748 1603 1778 real-mace.

889 1786 942 1823 S.)
965 1791 1065 1816 nostra
1086 1787 1321 1816 habetu1·.—l76
1342 1787 1402 1815 Sed
1425 1787 1513 1815 etiam
1531 1790 1602 1825 fru-

891 1830 987 1853 menta
1013 1830 1088 1861 sala,
1118 1826 1224 1855 herbas
1245 1825 1370 1855 novellae
1393 1826 1515 1861 segetis,
1542 1826 1604 1855 vid.

891 1864 1016 1892 Varron.
1044 1864 1083 1893 R.
1109 1864 1151 1893 R.
1175 1865 1221 1898 ΙΙ,
1245 1867 1274 1899 5,
1296 1862 1451 1893 17.—176.
1467 1865 1606 1894 177.178

892 1902 1084 1941 Praeceptum
1113 1914 1129 1932 a
1151 1903 1253 1932 multis
1274 1903 1428 1933 veteribus
1449 1907 1479 1932 et
1503 1913 1603 1932 recen-

892 1941 1018 1970 fioribus
1037 1946 1101 1970 tum
1115 1942 1153 1971 de
1168 1941 1280 1971 bovillo
1300 1946 1363 1971 tum
1384 1942 1421 1971 de
1442 1941 1533 1970 ovillo
1553 1952 1605 1981 ge-

892 1990 961 2009 nere
989 1981 1158 2019 repetitum.
1184 1981 1223 2009 cf.
1248 1980 1376 2009 Varron.
1392 1981 1431 2009 R.
1448 1980 1488 2009 R.
1509 1981 1557 2014 II,
1572 1982 1607 2016 2,

892 2019 928 2048 17
943 2030 949 2047 z
966 2020 1086 2048 Colum.
1099 2019 1217 2053 VIIA,
1233 2020 1269 2047 3:
1292 2020 1425 2056 Geopon.
1440 2018 1572 2052 XVIII,
1584 2021 1603 2048 3

892 2063 970 2086 extr.
995 2058 1036 2086 Et
1055 2057 1174 2096 pulchri
1188 2067 1294 2086 versus
1309 2056 1465 2094 Calpurnii
1481 2057 1548 2086 Ecl.
1562 2057 1607 2091 V,

892 2097 931 2125 36
940 2097 1002 2134 jam
1017 2096 1053 2124 ab
1071 2096 1135 2124 aliis
1150 2095 1276 2124 laudati:
1299 2095 1396 2124 Parce
1416 2099 1511 2124 tamen
1518 2096 1607 2132 setis,

892 2144 941 2163 uec
964 2135 1022 2163 sint
1047 2134 1211 2173 compendia
1230 2134 1315 2168 tanti,
1336 2133 1481 2162 Destruat
1503 2139 1534 2162 ut
1559 2134 1605 2163 ηἰ-

892 2183 957 2202 veos
968 2172 1074 2202 venuste
1088 2183 1186 2202 caseus
1203 2183 1303 2212 aquo-⁵³.
1342 2172 1423 2201 Nam
1435 2172 1488 2201 tibi
1495 2173 1603 2211 proeci-

888 2216 1057 2251 pausatura
1070 2211 1182 2240 colatur
1193 2221 1301 2240 amore.
1341 2211 1435 2240 Addit
1456 2222 1532 2240 more
1547 2222 1603 2250 pa-

895 2256 979 2286 trum,
1004 2251 1032 2279 h.
1047 2261 1074 2279 e.
1094 2251 1174 2288 quod
1196 2251 1332 2280 solebant
1349 2251 1478 2288 majores
1494 2250 1604 2285 facere,

892 2290 985 2328 prisci
1007 2289 1234 2328 patresfamilias
1254 2293 1283 2318 et
1304 2288 1457 2326 agricolae.
1497 2290 1604 2319 Ambi-

895 2339 985 2367 guum
999 2328 1121 2367 quidem
1139 2338 1194 2366 per
1218 2328 1310 2357 verba
1331 2331 1388 2361 est,
1409 2332 1510 2357 utrum
1524 2329 1602 2358 sece-

894 2368 951 2396 rint
967 2378 974 2403 3
995 2377 1034 2395 ex
1054 2367 1189 2396 Varrone
1208 2371 1306 2395 tamen
1330 2370 1447 2396 constat
1460 2367 1602 2405 probabi—

892 2406 952 2434 lius
966 2416 1031 2434 esse
1045 2405 1181 2438 alterum,
1196 2405 1341 2434 matribus
1355 2405 1427 2434 olim
1442 2406 1603 2445 mulgendo

893 2445 987 2473 fuisse
1001 2444 1045 2472 lac
1061 2445 1253 2472 subductum.

932 2484 1087 2512 179-—180
1108 2482 1227 2511 Transit
1244 2492 1319 2511 nune
1336 2482 1373 2511 ad
1387 2492 1488 2511 curam
1503 2482 1602 2521 pullo-

892 2521 986 2550 lorum
1003 2532 1009 2549 z
1031 2531 1061 2549 v.
1075 2521 1182 2549 Varro.
1197 2520 1243 2556 11,
1261 2522 1291 2555 7,
1304 2521 1334 2550 6.
1351 2522 1398 2550 15.
1412 2521 1528 2551 Colum.
1542 2520 1601 2554 VI,

891 2562 940 2590 29.
955 2562 983 2589 1.
1004 2560 1104 2589 Etiam
1118 2560 1224 2589 horum
1244 2560 1389 2589 dilectum
1407 2571 1474 2590 esse
1489 2559 1600 2588 sacien-

893 2599 974 2633 dum,
1001 2599 1098 2637 primo
1111 2598 1178 2628 loco
1190 2598 1342 2638 praecipit.
1382 2599 1433 2628 Sin
1447 2609 1493 2627 ma
1514 2598 1539 2626 is
1553 2600 1601 2626 est

893 2638 1024 2668 studium
1040 2639 1176 2676 formare
1196 2638 1244 2677 (v.
1258 2638 1333 2677 163)
1358 2638 1457 2676 pullos
1472 2647 1489 2664 a
1526 2635 1599 2665 bella
