1796 3077
619 238 890 279 AENEIDOS.

948 239 1050 278 LIB.
1080 240 1151 280 XI.
1539 247 1635 292 (303

169 357 278 409 Nos,
302 358 449 400 animae
470 358 585 408 viles,
603 359 819 401 inhumata
837 359 1066 413 infletaque
1089 361 1226 409 turba,

170 417 420 457 Sternamur
441 417 612 470 campis.

675 417 832 470 Etjam
854 425 914 465 tu,
938 418 971 458 si
992 432 1076 470 qua
1097 417 1173 457 tibi
1193 417 1269 465 vis,

168 472 214 512 Si
235 473 357 526 patrii
379 474 480 526 quid
503 472 655 513 Martis
678 472 822 520 liabeS,
846 472 958 512 illum
981 473 1123 526 aspice
1143 481 1303 521 contra,

166 528 257 575 Qui
276 537 410 569 vocat.

225 582 406 625 Talibus
427 586 587 626 exarsit
605 585 729 626 dictis
751 583 950 626 violentia
971 585 1136 635 Turni3

169 639 261 683 Dat
280 642 497 695 gemitum,
520 643 763 696 rumpitque
784 641 860 682 has
880 643 963 682 imo
985 650 1157 696 pectore
1178 657 1301 684 voces
1319 658 1328 684 ε

170 696 315 752 Larga
335 698 522 752 quidem,
545 697 730 747 Drance,
753 713 920 753 semper
938 699 1014 740 tibi
1034 700 1156 753 copia
1176 699 1293 740 fandi

161 753 291 802 Tum,
310 769 442 808 quum
461 753 572 795 bella
594 769 742 795 manus
760 762 943 808 poscunt
960 772 969 804 ;
1001 756 1282 809 patribusque
1303 754 1462 798 vocatis

167 809 338 851 Primus
359 811 478 852 ades.

541 811 630 852 Sed
650 825 735 852 non
754 810 959 864 replenda
971 819 1036 851 est
1055 812 1172 851 curia
1189 813 1344 860 verbis,
1546 809 1632 852 380

168 865 281 913 Quae
297 873 390 907 tuto
412 866 490 907 tibi
509 880 662 921 magna
683 865 839 915 volant,
860 866 963 907 dum
984 867 1157 908 distinet
1177 867 1346 909 hostem

161 923 314 978 Agger
333 936 577 972 moerorum,
599 937 676 964 nec
697 922 904 966 inundant
925 923 1128 978 sanguine
1148 922 1288 965 fossae.

165 979 355 1021 Proinde
374 986 476 1020 tona
494 978 677 1033 eloquio,
699 978 868 1025 solitum
888 979 978 1028 tibi,
1000 994 1152 1033 meque
1172 980 1330 1022 timoris

166 1034 318 1090 Argue
337 1042 399 1085 tu,
418 1035 604 1085 Drance,
627 1035 798 1089 quando
818 1042 881 1080 tot
902 1036 1053 1089 stragis
1070 1050 1242 1078 acervos

167 1092 437 1133 Teucrorum
457 1098 530 1132 tua
546 1092 699 1133 dextra
715 1091 848 1140 dedit,
870 1092 1111 1145 passimque
1133 1093 1305 1147 tropaeis
1545 1091 1632 1132 385

166 1146 347 1202 Insignis
368 1162 508 1202 agros.

571 1147 712 1188 Possit
731 1147 835 1201 quid
856 1148 994 1188 vivida
1014 1149 1158 1197 virtus,

167 1204 406 1258 Experiare
427 1203 548 1244 licet:
580 1217 658 1244 nec
678 1202 804 1257 longe
826 1202 985 1243 scilicet
1004 1203 1148 1244 hostes

167 1260 402 1307 Quaerendi
422 1260 543 1301 nobis
561 1277 570 1309 3
602 1260 875 1300 circumstant
894 1258 1081 1312 undique
1104 1274 1259 1300 muros.

167 1317 283 1358 Imus
304 1317 346 1357 in
364 1316 594 1357 adversos?
627 1316 729 1369 quid
749 1317 918 1356 cessas?
950 1329 1003 1355 an
1017 1316 1093 1356 tibi
1114 1314 1290 1356 Mavors

165 1373 359 1414 Ventosa
375 1373 417 1413 in
435 1372 581 1426 lingua
596 1372 863 1425 pedibusque
876 1370 1099 1424 fugacibus
1114 1372 1203 1411 istis
1548 1371 1634 1412 390

166 1429 347 1483 Semper
362 1429 442 1470 erit
460 1430 476 1469 ‘3

168 1485 325 1526 Pulsus
347 1487 456 1540 ego?
485 1491 559 1525 aut
580 1485 801 1539 quisquam
821 1484 981 1533 merito,
1009 1483 1251 1532 foedissime,
1275 1483 1442 1537 pulsum

167 1542 353 1596 Arguet,
378 1540 507 1583 Iliaco
529 1541 736 1582 tumidum
756 1541 829 1594 qui
850 1555 1041 1582 crescere
1063 1540 1274 1594 Thybrim

167 1598 399 1653 Sanguine,
420 1604 464 1639 et
481 1597 673 1638 Evandri
694 1604 825 1638 totam
846 1611 942 1637 cum
963 1598 1092 1651 stirpe
1115 1596 1273 1637 videbit

168 1654 456 1696 Procubuisse
477 1654 661 1702 domum,
683 1660 812 1707 atque
834 1659 986 1693 exutos
1007 1652 1202 1693 Arcadas
1219 1651 1342 1693 armis
1360 1653 1377 1692 2
1547 1652 1634 1692 395

167 1710 304 1753 Haud
324 1711 383 1751 ita
402 1724 468 1751 me
490 1710 656 1764 experti
676 1709 812 1750 Bitias
832 1716 875 1749 et
897 1708 1119 1749 Pandarus
1141 1710 1300 1763 ingens,

169 1767 231 1808 Et
247 1781 354 1822 quos
375 1766 486 1807 mille
507 1766 576 1807 die
598 1766 731 1808 victor
751 1766 830 1806 sub
852 1764 1035 1805 Tartara
1054 1765 1160 1814 misi,

169 1823 365 1865 Inclusus
384 1823 529 1871 muris,
549 1822 777 1875 hostilique
797 1835 956 1875 aggere
976 1829 1135 1875 septus.

169 1878 304 1921 Nulla
325 1878 436 1920 salus
457 1878 593 1920 bello!
627 1878 769 1932 Capiti
790 1892 893 1918 cane
916 1876 1014 1917 talia
1033 1877 1206 1918 demens

166 1935 406 1985 Dardanio,
426 1936 639 1989 rebusque
660 1935 756 1975 tuis.

817 1933 1004 1974 Proinde
1026 1934 1166 1975 onmia
1181 1946 1333 1986 magno
1548 1930 1633 1971 400

167 1992 241 2036 Ne
259 2007 380 2035 cessa
401 1992 573 2033 turbare
597 1997 726 2040 mem,
750 1997 878 2043 atque
899 1989 1102 2031 extollere
1123 1990 1230 2030 vires

166 2111 350 2142 amat—372
371 2112 538 2151 Expressit
560 2111 685 2150 vulgare
707 2111 882 2141 Graecorum

168 2153 257 2185 ἡμεῖς,
285 2153 406 2180 ἄθαπτος·
426 2155 470 2179 καὶ
496 2155 650 2179 ἄκλαυστος
676 2154 773 2184 ὅχλογ,
797 2149 883 2193 quasi

169 2193 230 2218 tam
247 2188 322 2218 viles
344 2189 452 2224 habiti,
465 2192 499 2217 ut
514 2189 711 2226 projiciantur
733 2188 781 2216 vel
802 2196 883 2216 inse-

168 2226 259 2265 palti.
305 2227 363 2256 3¹14
391 2226 520 2255 Martis:
541 2226 649 2264 patriae
671 2226 806 2259 virtutis,
832 2235 881 2256 as-

164 2264 230 2303 pice
255 2268 368 2298 contra,
389 2264 589 2294 Homericum
611 2269 679 2294 ὄντα
694 2269 723 2294 et
741 2270 832 2298 amm,
852 2268 886 2292 ut

170 2307 252 2334 ἄντην
267 2304 392 2331 εἰσιδέειν
404 2302 444 2332 Il.
455 2316 481 2337 τ,
498 2304 545 2331 15.

208 2342 270 2370 376
283 2341 332 2370 Ad
357 2341 450 2369 verba
473 2344 645 2378 comparant
665 2341 703 2369 11.
728 2354 757 2374 α,
781 2341 838 2369 188
852 2344 881 2369 et

167 2379 224 2408 lib.
240 2379 316 2412 vn,
331 2379 402 2413 445,
416 2382 446 2407 et
465 2379 504 2407 ad
526 2389 572 2407 vs.
591 2380 650 2408 378
671 2380 711 2408 11.
725 2384 758 2415 β,
771 2380 880 2408 796.—

168 2418 239 2446 381.
253 2418 323 2446 382.
337 2417 452 2454 Magna
464 2416 609 2454 loqueris,
623 2418 693 2446 dum
708 2418 787 2446 iutra
807 2426 880 2445 111oe-

170 2456 220 2484 nia
233 2459 317 2484 tutus
331 2455 368 2483 ab
381 2455 467 2483 hoste
481 2454 570 2488 lates,
584 2456 711 2484 necdum
725 2465 879 2484 murorum

169 2503 188 2522 o
234 2493 355 2532 agnatio
381 2493 472 2522 facta.
494 2502 584 2530 ayyer
597 2503 769 2522 moerornm:
791 2493 880 2522 muri.

169 2541 187 2560 c
202 2552 210 2560 .
225 2531 270 2566 X,
282 2532 332 2560 24.
348 2532 415 2560 144.
428 2540 479 2559 nec
493 2536 523 2559 et
536 2531 608 2559 dnm
631 2531 773 2565 nondum,
796 2532 880 2560 inuu-

171 2569 242 2598 dant
262 2569 401 2607 sanquine
417 2571 519 2607 fossoe.
560 2568 687 2611 Vulgari
702 2571 792 2598 modo
814 2579 880 2597 sau-

169 2608 235 2645 ym's
243 2607 480 2641 iteumlatfossas,
494 2606 674 2644 exquisitius
679 2609 774 2643 sossae
795 2608 879 2636 inun-

170 2646 252 2679 dant,
274 2645 422 2680 absolute,
443 2645 615 2682 implentur,
633 2646 879 2682 sanguina—383

170 2684 249 2712 Cum
263 2683 364 2721 itaque
378 2683 472 2712 muris
487 2683 582 2711 adhuc
594 2682 691 2710 hostis
702 2683 880 2712 distineatur

163 2721 288 2759 proinde
307 2722 344 2750 ad
368 2721 490 2751 formam
514 2724 560 2749 τοῦ
580 2719 653 2754 εἶτα,
675 2723 789 2749 {uenat
812 2731 879 2759 quae

653 2786 680 2800 Ν

923 2119 989 2139 curn
1005 2109 1046 2139 ita
1061 2109 1134 2137 sint.
1148 2107 1262 2137 solitum
1275 2106 1338 2141 tibi,
1351 2105 1507 2144 eleganter
1521 2106 1636 2135 variata

923 2148 1067 2181 oratione,
1085 2157 1140 2185 pro
1158 2158 1162 2174 :
1187 2151 1219 2175 ut
1239 2146 1330 2174 soles.
1369 2145 1420 2173 Sic
1435 2147 1528 2174 εἰωθὸς
1549 2144 1637 2173 abso-

923 2186 984 2215 lute
999 2186 1205 2224 interponitur,
1224 2188 1253 2213 et
1267 2183 1334 2212 alia.
1374 2183 1499 2212 Tacitus
1513 2183 1592 2212 Anu.
1607 2182 1638 2214 ἱ.

922 2226 961 2254 56
976 2234 1073 2252 rurum
1088 2224 1131 2252 illi
1143 2223 1222 2255 coelo,
1237 2226 1295 2251 etc.
1310 2220 1421 2249 imitari
1431 2221 1517 2249 solet.
1558 2220 1636 2249 Mox

925 2262 1040 2301 quando
1058 2272 1112 2300 pro
1134 2259 1535 2299 quandoquidem.—-slraqis
1556 2268 1638 2287 acer-

924 2311 988 2334 vos,
1012 2306 1044 2329 ut
1056 2300 1141 2329 caeclis
1156 2299 1199 2332 X,
1212 2300 1269 2327 ‘245
1284 2309 1289 2325 :
1312 2296 1377 2331 XI,
1391 2298 1449 2326 207
1463 2306 1518 2334 pro
1540 2306 1636 2325 caeso-

922 2340 1100 2368 ruah—389
1114 2348 1159 2376 sq.
1177 2338 1361 2374 Comparant
1376 2335 1412 2363 11.
1427 2349 1455 2368 a,
1481 2335 1550 2363 226.
1563 2336 1634 2363 227.

921 2378 1012 2406 Imus.
1054 2376 1135 2413 Quin
1157 2376 1246 2408 imus,
1274 2375 1337 2411 Age
1364 2382 1467 2401 eamus
1489 2373 1636 2401 adversus

922 2416 1059 2445 hostem:
1082 2417 1148 2443 ἀλλ’
1176 2417 1265 2447 ἴομεν.
1318 2411 1367 2440 Ad
1387 2412 1446 2440 396
1468 2411 1580 2450 experti
1604 2415 1637 2438 ut

919 2455 1044 2487 victum,
1072 2453 1111 2481 cs.
1127 2451 1192 2485 IX,
1207 2452 1266 2480 672
1280 2460 1326 2488 sq.

958 2493 1017 2521 399
1033 2492 1111 2520 Cane
1132 2490 1214 2522 talia,
1229 2488 1361 2517 ominare
1374 2487 1440 2521 hoc,
1462 2485 1574 2515 nullam
1590 2496 1636 2514 sa-

920 2531 1014 2558 lntem
1042 2539 1109 2558 esse
1132 2528 1226 2560 bello,
1250 2525 1412 2564 pugnando
1438 2525 1540 2553 salvos
1569 2534 1635 2552 esse

921 2578 975 2596 nos
992 2577 1047 2595 non
1062 2576 1167 2604 posse,
1185 2566 1289 2594 AEneae
1304 2569 1335 2592 et
1349 2563 1413 2592 tibi.
1455 2562 1581 2591 Vei-taut
1596 2562 1639 2589 dii

919 2607 948 2634 in
966 2610 1048 2633 tuum
1063 2604 1171 2641 caput!
1196 2605 1381 2640 Coinparant
1397 2600 1549 2637 Odyss.ss,
1569 2600 1635 2627 178.

922 2643 1086 2672 luz—400
1100 2643 1197 2679 Perge
1208 2639 1404 2679 itaque,qu0d
1419 2639 1505 2670 fmis,
1524 2642 1638 2678 metum

920 2683 956 2710 de
968 2681 1105 2718 Trojanis
1119 2680 1285 2717 ingravare,
1304 2683 1362 2707 etc.
1377 2677 1471 2715 yewis
1486 2676 1529 2703 bis
1554 2678 1635 2716 mct'ae

921 2720 956 2749 ab
981 2718 1116 2748 Hercule
1139 2718 1266 2757 primuni
1282 2718 1339 2755 (cs.
1363 2719 1400 2744 ad
1423 2713 1485 2747 IX,
1506 2712 1632 2742 599312
