1796 3077
561 207 901 248 GEORGICON.
959 208 1061 248 ΠΒ.
1094 209 1166 248 IV.

1513 216 1602 261 183

145 329 298 372 Fervet
318 344 438 385 opus,
460 328 735 385 redolentque
757 331 902 386 thymo
923 330 1154 386 fragrantia
1174 331 1310 374 mella.

142 387 210 429 Ac
232 387 371 437 veluti,
393 387 514 429 lentis
537 387 747 443 Cyclopes
767 388 940 429 fulmina
960 388 1105 429 massis

1522 389 1602 430 170

144 444 290 492 Quum
311 454 554 500 properant,
573 445 643 486 alii
660 446 833 486 taurinis
856 445 1023 486 follibus
1044 460 1168 486 auras

141 500 371 555 Accipiunt
391 503 674 557 redduntque,
695 502 765 544 alii
783 502 1003 544 stridentia
1023 503 1189 556 tingunt

141 558 253 598 AEra
273 557 366 600 lacu
383 576 392 609 ;
423 561 553 614 gemit
572 560 776 614 impositis
796 560 1020 601 incudibus
1039 559 1175 601 AEtna
1193 577 1204 610 3

140 614 206 656 Illi
227 615 335 657 inter
356 631 447 658 sese
468 632 621 672 magna
640 617 680 657 vi
700 616 875 658 brachia
894 616 1046 658 tollunt

141 671 192 713 In
212 687 444 723 numerum,
466 682 718 729 versantque
740 674 877 715 tenaci
898 673 1058 728 forcipe
1079 672 1234 714 ferrum
1252 690 1261 714 :

1523 674 1602 715 175

141 728 245 770 Non
265 729 397 780 aliter,
421 731 454 771 si
473 746 604 785 parva
623 730 721 773 licet
739 746 992 786 componere
1012 732 1188 786 magnis,

143 785 372 841 Cecropias
391 788 558 829 innatus
580 802 681 842 apes
700 803 817 829 amor
839 796 961 842 urget
983 788 1182 837 habendi,

141 843 325 885 Munere
346 859 556 898 quamque
579 859 670 885 suo.

731 844 984 885 Grandaevis
1004 845 1162 898 oppida
1182 859 1307 892 curae,

140 900 202 941 Et
221 902 384 942 munire
404 900 534 951 favos,
556 908 599 942 et
619 900 785 942 daedala
804 901 966 955 fingere
988 908 1125 942 tecta:

140 956 203 998 At
223 957 345 999 fessae
366 957 497 999 multa
516 958 706 1001 referunt
726 973 769 1000 se
791 966 914 1000 nocte
935 958 1128 1008 minores,

1524 960 1603 999 180

142 1014 280 1056 Crura
300 1015 445 1069 thymo
465 1014 602 1069 plenae
619 1032 628 1065 3
656 1023 889 1070 pascuntur
909 1023 952 1056 et
973 1016 1123 1056 arbuta
1144 1015 1311 1070 passim,

141 1071 202 1112 Et
221 1071 392 1126 glaucas
414 1072 573 1121 salices,
594 1073 845 1126 casiamque,
867 1086 1121 1126 crocumque
1141 1073 1374 1121 rubentem,

141 1127 203 1169 Et
222 1130 422 1184 pinguem
442 1128 587 1178 tiliam,
607 1138 651 1170 et
669 1128 934 1184 ferrugineos
954 1128 1222 1183 hyacinthos.

141 1185 353 1227 Omnibus
373 1201 458 1227 una
474 1187 593 1241 quies
615 1200 804 1241 operum,
825 1185 946 1227 labor
965 1186 1159 1227 omnibus
1177 1200 1301 1227 unus.

141 1241 273 1284 Mane
294 1250 422 1285 ruunt
442 1243 574 1298 portis
592 1261 602 1293 ;
631 1258 840 1297 nusquam
858 1257 996 1292 mora3
1025 1258 1170 1284 rursus
1190 1237 1361 1284 easdem

140 1299 310 1355 Vesper
328 1301 402 1341 ubi
422 1315 446 1342 e
468 1308 591 1355 pastu
612 1300 785 1342 tandem
804 1300 1013 1342 decedere
1034 1301 1192 1355 campis

137 1355 389 1407 Admonuit,
406 1365 496 1399 tum
515 1365 629 1399 tecta
647 1365 812 1413 petunt,
833 1364 923 1398 tum
944 1372 1123 1412 corpora
1143 1364 1292 1399 curant
1310 1373 1318 1398 ε

140 1413 211 1455 Fit
230 1415 405 1465 sonitus,
426 1422 698 1469 mussantque
721 1430 815 1456 oras
836 1420 879 1456 et
897 1413 1039 1455 limina
1059 1415 1229 1456 circum.

140 1470 259 1521 Post,
281 1472 355 1513 ubi
369 1472 460 1526 jam
480 1471 674 1514 thalamis
696 1487 740 1514 se
761 1486 1049 1526 composuere,
1072 1472 1216 1513 siletur

139 1527 191 1569 In
211 1536 391 1579 noctem,
413 1529 632 1583 fessosque
654 1544 782 1584 sopor
801 1543 902 1569 suus
923 1536 1104 1583 occupat
1125 1537 1255 1570 artus.

1523 1527 1604 1567 190

139 1584 237 1627 Nec
257 1600 356 1627 vero
377 1602 402 1627 a
421 1585 608 1635 stabulis,
629 1585 772 1640 pluma
792 1585 1075 1638 impendente,
1095 1586 1300 1626 recedunt

139 1641 346 1698 Longius,
368 1651 442 1684 aut
462 1643 642 1685 credunt
661 1642 784 1689 coelo,
806 1642 1130 1683 adventantibus
1153 1642 1297 1689 Euris,

139 1699 229 1742 Sed
248 1701 406 1743 circum
426 1707 529 1742 tutae
549 1700 628 1742 sub
645 1700 856 1741 moenibus
876 1699 994 1741 urbis
1015 1706 1239 1755 aquantur,

133 1827 365 1866 procreationem
388 1827 496 1857 subolis
531 1829 661 1866 conferre
685 1827 797 1867 aliquid
821 1827 852 1856 1ιί

130 1867 199 1904 suci
223 1867 367 1902 videntur,
386 1866 542 1895 insidentes
560 1866 726 1902 seminibus,
747 1866 851 1906 quibus

137 1907 390 1944 apesfiyurantur.
409 1905 440 1934 It
482 1915 515 1934 ue
528 1905 726 1943 tulfoveudam
740 1910 767 1934 et
782 1906 851 1935 etlu-

232 1955 260 1973 m
284 1954 387 1973 novam
406 1954 462 1982 pro
475 1955 517 1973 em
536 1944 721 1982 familiarius
746 1944 851 1973 admit-

138 1987 250 2012 tuntur.
289 1983 428 2012 Exclusis
441 1983 540 2013 deinde
551 1983 653 2022 pullis,
674 1988 757 2012 extra
778 1987 853 2012 tecta

133 2021 358 2060 proturbantur,
372 2026 411 2057 et,
431 2027 463 2051 ul
477 2022 549 2051 idem
563 2023 615 2058 ait,
632 2032 650 2051 a
662 2023 852 2061 praesepibus

139 2065 286 2090 amentur.
293 2061 370 2091 -17
372 2062 489 2090 0—-179
508 2061 553 2091 Ut
565 2061 595 2090 in
609 2060 724 2091 officina
740 2061 852 2099 Cyclo-

139 2108 213 2143 pum
236 2110 292 2138 per
311 2104 413 2139 partes
435 2109 512 2139 opus
537 2100 570 2129 fit
592 2110 609 2130 a
649 2100 785 2130 lux-ibus:
809 2100 853 2129 sic

138 2147 170 2166 ln
193 2138 304 2167 alveari
324 2138 456 2177 plurium
480 2138 599 2168 studiis.
653 2139 712 2168 ntis
734 2138 852 2173 massis,

138 2176 222 2211 ferri,
242 2177 322 2216 quod
343 2177 472 2216 procudi
493 2187 527 2207 ac
551 2177 620 2207 duci
644 2181 755 2216 potest,
780 2188 853 2216 pro-

134 2220 255 2253 perant,
289 2221 482 2254 properanter
515 2216 684 2251 conficiunt,
721 2222 853 2245 σπεύδου-

141 2267 195 2289 σι»,
221 2257 298 2288 ὲπεὶγ
301 2267 375 2282 οοοοο
400 2254 523 2285 fulmen.
550 2255 589 2284 cf.
619 2255 794 2285 Callimach.
822 2256 853 2284 in

140 2293 232 2322 Dian.
255 2292 464 2328 sia—Lacus,
496 2298 531 2323 ut
556 2294 665 2329 fontes,
696 2305 752 2333 pro
778 2304 855 2338 aqua

141 2332 271 2371 positus.
292 2331 413 2360 Lucret.
427 2332 489 2366 VI,
511 2333 580 2362 147.
595 2333 662 2362 148.
699 2333 741 2363 Ut
754 2333 855 2362 catulis

141 2371 265 2400 candens
277 2371 395 2408 ferrum
419 2379 435 2398 e
448 2371 621 2408 fornacibus
643 2371 712 2401 olim
734 2371 854 2406 stridit,

140 2409 191 2438 uhi
206 2410 236 2438 in
253 2409 376 2447 yeliaelum
384 2418 510 2447 propere
531 2411 600 2448 (aut
612 2411 713 2448 potius
723 2415 856 2450 propter,

141 2448 214 2478 dum
233 2457 327 2487 prope
353 2447 454 2476 adstat
477 2449 571 2487 aqua)
597 2449 781 2478 demersimus
804 2451 856 2478 im—

142 2486 233 2516 brem.
256 2487 317 2516 Ov.
338 2487 415 2516 Met.
427 2485 494 2521 IX,
515 2487 572 2516 170
582 2488 676 2525 gelido
696 2498 747 2517 ceu
765 2498 856 2527 quon-

141 2525 208 2554 dam
234 2525 342 2555 lamina
354 2525 488 2559 candens,
517 2525 621 2554 Tincta
641 2526 716 2561 lacu,
748 2527 859 2556 stridit.

145 2563 216 2594 Hoc
236 2565 333 2604 magis
353 2564 518 2603 poeticum,
539 2574 629 2602 quam
646 2569 682 2594 ut
701 2565 780 2595 lacus
793 2566 859 2605 ipsa

144 2611 218 2632 vasa
232 2603 309 2640 sint3
329 2603 387 2632 etsi
408 2603 452 2632 sic
475 2603 505 2631 in
521 2602 614 2632 vineis
631 2602 856 2634 laam—Vides

145 2640 245 2670 durari
270 2642 395 2675 ferrum,
423 2645 457 2670 ut
476 2640 546 2671 AEn.
563 2641 648 2676 XII,
670 2643 720 2671 91.
740 2644 796 2672 175
818 2643 857 2672 In

146 2689 306 2716 mimeram,
320 2683 389 2709 κατὰ
402 2684 515 2718 ῥυθμόν,
536 2683 571 2708 ut
585 2680 652 2709 Ecl·
662 2680 722 2715 VI,
735 2681 786 2710 27.
806 2682 856 2711 Ad

146 2718 214 2748 17-1.
228 2719 296 2750 175.
314 2729 454 2760 compara
468 2718 646 2751 Callimach.
668 2719 698 2750 in
714 2719 803 2751 Dian.
818 2722 858 2751 59

891 1828 980 1857 -61,
1006 1827 1148 1857 Ceterum
1174 1827 1251 1856 hunc
1277 1826 1402 1856 eundem
1429 1826 1528 1856 locum
1557 1838 1603 1856 rea

891 1867 977 1895 finxit
1002 1867 1092 1904 poeta
1120 1866 1189 1895 AEn.
1207 1865 1305 1899 VIII,
1338 1866 1603 1895 449—153.-177

890 1915 972 1934 amor
998 1904 1128 1940 habendi,
1161 1904 1293 1934 studium
1318 1905 1505 1942 possidendi,
1531 1906 1602 1934 dum

890 1944 949 1973 mel
971 1948 1268 1983 panuh-«munere,
1289 1953 1346 1982 pro
1365 1944 1511 1982 cujusque
1532 1944 1606 1972 vici-

893 1983 962 2017 bus,
985 1993 1038 2012 seu
1052 1983 1189 2021 partibus
1204 1982 1366 2020 assignatis
1381 1993 1387 2010 :
1409 1993 1438 2012 v.
1454 1984 1522 2011 158.
1537 1993 1605 2021 sqq.

892 2023 990 2051 —179
1004 2022 1223 2058 muniresavos,
1243 2021 1402 2059 pulchrius
1418 2031 1507 2059 quam
1521 2033 1528 2052 ·,
1551 2022 1605 2049 fin-

893 2071 975 2099 gere,
991 2061 1101 2094 sacere,
1121 2060 1269 2089 fabricari.
1291 2059 1335 2088 Η.
1357 2060 1420 2088 Alii
1435 2059 1606 2099 intelligunt

891 2110 979 2138 opera
993 2100 1029 2128 ad
1043 2099 1201 2127 munienda
1214 2098 1354 2127 alvearIa.
1379 2098 1427 2127 W.
1458 2098 1606 2133 Minores,

892 2138 922 2167 ll.
949 2138 1080 2167 minores
1113 2142 1193 2166 natu.
1215 2136 1401 2165 ‚su—Multa
1425 2141 1517 2171 nocte,
1543 2137 1563 2166 i.
1578 2148 1606 2168 e.

894 2187 959 2207 sera
983 2177 1039 2205 sub
1055 2183 1164 2213 nocte‚·
1186 2176 1240 2210 sie,
1266 2175 1361 2204 multo
1385 2184 1481 2209 mane,
1510 2176 1606 2205 multo

893 2216 953 2245 die.
974 2215 1106 2244 S.-181
1124 2218 1295 2253 pascuntur,
1315 2214 1490 2252 depascunt,
1504 2225 1533 2244 v.
1549 2216 1605 2245 Ge.

894 2255 962 2288 ΙΙΙ,
976 2255 1054 2283 314ε
1078 2253 1124 2283 11.
1137 2255 1206 2283 375.
1235 2253 1283 2282 De
1298 2252 1410 2282 arbutis
1424 2263 1453 2281 v.
1467 2254 1522 2283 Ge.
1536 2253 1604 2287 ΙΙΙ,

894 2295 972 2323 300:
996 2293 1025 2326 Ι,
1050 2294 1124 2321 148ε
1145 2292 1264 2331 glaucus
1283 2291 1385 2321 salices
1406 2292 1461 2321 Ge.
1476 2293 1524 2327 ΙΙ,
1548 2294 1603 2321 13;

894 2333 1013 2366 casiam,
1034 2332 1082 2365 ΙΙ,
1102 2332 1180 2367 213;
1196 2331 1333 2370 pinguem
1356 2329 1461 2365 tiliam,
1486 2341 1503 2360 a
1518 2331 1607 2360 melle

895 2372 1002 2400 florum
1017 2375 1048 2399 et
1061 2370 1212 2405 foliorum,
1226 2370 1307 2408 quod
1322 2370 1479 2405 exsudant,
1500 2370 1607 2414 glutini

896 2420 985 2477 ἓξὲξ
996 2409 1162 2486 33ῗέἔῖρῖ
1171 2408 1606 2486 -AEifgiitinffgrssfflssz'f'ssf'

973 2471 980 2483 1
1172 2470 1181 2483 )
1445 2471 1452 2483 ι
1533 2470 1539 2476 ·
1598 2470 1606 2481 t

897 2488 935 2517 18
950 2498 956 2515 :
978 2486 1031 2516 ubi
1046 2487 1107 2515 vid.
1130 2487 1203 2515 Not.
1217 2491 1248 2515 et
1262 2486 1306 2515 H.
1320 2486 1464 2516 Vossium
1485 2487 1522 2516 ad
1538 2488 1605 2516 137.

896 2527 994 2555 —ISS
1013 2529 1155 2560 mussant,
1176 2530 1371 2554 murmurant.
1393 2525 1547 2562 fremunt3
1567 2526 1606 2554 cf.

898 2566 968 2595 AEn.
981 2564 1044 2599 XI,
1056 2565 1224 2593 454.—189
1236 2563 1367 2599 thalami,
1388 2564 1535 2598 cubicula,
1549 2574 1606 2602 pro

896 2602 1100 2634 alveis.—190
1113 2612 1200 2640 sopor
1211 2612 1290 2637 suus,
1312 2613 1351 2632 ex
1372 2613 1430 2632 usu
1449 2603 1538 2641 hujus
1554 2611 1605 2630 no-

896 2642 982 2671 minis
997 2641 1127 2680 poetico,
1148 2641 1208 2670 illis
1221 2641 1355 2677 debitus,
1377 2642 1490 2680 quippe
1504 2641 1607 2669 labore

895 2682 1003 2710 diurno
1021 2685 1155 2720 paratus,
1177 2684 1229 2709 aut
1252 2680 1359 2710 solitus
1378 2685 1408 2710 et
1428 2681 1606 2709 usitatus.—

898 2722 956 2750 192
978 2719 1097 2750 credaut
1119 2718 1197 2757 (σεῖο,
1217 2720 1307 2750 fidem
1332 2720 1439 2750 habent
1460 2718 1537 2747 coelo
1561 2727 1607 2746 se-
