1796 3077
562 276 830 316 AENEIDOS.

887 276 988 315 Lm.
1019 275 1089 315 VI.
1463 281 1559 328 415

128 395 188 437 Et
210 396 344 438 solida
363 395 538 451 imponit
557 404 772 438 taurorum
788 398 948 439 viscera
966 397 1154 446 flammis,

128 453 293 508 Pingue
315 468 441 507 super
462 453 598 494 oleum
617 455 841 496 infundens
862 456 1107 495 ardentibus
1128 455 1248 495 extis.

129 509 244 551 Ecce
265 516 417 558 autem,
440 511 562 564 primi
583 512 660 551 sub
679 511 834 551 lumina
854 511 951 551 solis
972 520 1014 552 et
1034 519 1165 559 ortus,
1483 510 1520 549 2¹

1513 508 1537 548 Ω(

1540 507 1567 548 ”ct

129 566 219 606 Sub
239 567 419 620 pedibus
439 568 598 621 mugire
620 566 767 616 solum,
788 575 830 608 et
851 569 956 622 juga
974 575 1116 620 coepta
1135 566 1293 608 moveri

128 622 347 672 Silvarum,
369 624 550 676 visaeque
571 638 693 664 canes
713 623 872 664 ululare
892 638 969 678 per
988 625 1192 672 umbram,

127 678 399 720 Adventante
421 680 513 720 dea.

573 679 729 720 Procul
748 695 785 728 o,
807 679 955 734 procul
974 687 1075 729 este,
1096 679 1274 734 profani,

129 735 374 777 Conclamat
394 744 523 784 vates,
544 743 718 789 totoque
735 737 923 777 absistite
943 736 1060 786 luco;

129 791 285 846 Tuque
306 793 456 833 invade
475 793 594 840 viam,
616 793 849 846 vaginaque
869 794 984 846 eripe
1007 793 1186 842 ferrum3

1490 789 1575 829 260

127 848 257 889 Nunc
277 849 421 889 animis
439 863 558 902 opuS,
579 847 735 895 AEnea,
756 863 866 889 nunc
885 856 1058 902 pectore
1078 848 1214 888 firmo.

127 904 315 946 Tantum
335 904 476 952 effata,
496 903 638 944 furens
658 911 778 944 antro
799 919 842 944 se
863 905 1030 944 immisit
1050 905 1226 958 aperto.³

128 960 205 1002 Ille
226 961 376 1001 ducem
396 960 512 1000 haud
533 960 687 1000 timidis
707 960 927 1000 vadentem
948 961 1141 1014 passibus
1162 967 1314 1014 aequat.

187 1017 260 1066 Di,
282 1018 436 1071 quibus
453 1017 673 1070 imperium
689 1024 752 1057 est
767 1017 1008 1066 animarum,
1026 1017 1285 1070 Umbraeque
1303 1015 1488 1062 silentes,

128 1074 190 1115 Et
212 1073 367 1122 Chaos,
389 1080 431 1114 et
452 1073 733 1126 Phlegethon,
754 1073 845 1114 loca
866 1081 987 1114 nocte
1008 1074 1190 1114 tacentia
1209 1073 1308 1122 late,

1492 1069 1576 1110 5265

131 1130 197 1171 Sit
216 1130 318 1170 mihi
337 1130 400 1170 sas
419 1130 564 1170 audita
582 1129 719 1183 loqui;
742 1131 795 1170 sit
813 1131 981 1170 numine
1001 1138 1140 1170 vestro

133 1187 328 1227 Pandere
347 1201 414 1226 res
435 1185 519 1226 alta
539 1192 651 1226 terra
671 1193 713 1226 et
733 1186 908 1239 caligine
929 1200 1100 1226 mersas.

128 1242 254 1284 Ibant
275 1243 443 1283 obscuri
464 1241 553 1282 sola
573 1243 651 1282 sub
671 1250 793 1282 nocte
814 1257 890 1295 per
910 1243 1114 1291 umbram,

133 1299 302 1353 Perque
323 1299 467 1339 domos
488 1298 602 1338 Ditis
623 1313 788 1347 vacuas,
807 1305 850 1339 et
869 1299 1007 1338 inania
1026 1313 1172 1352 regna.

133 1355 271 1403 Quale
291 1370 369 1410 per
388 1356 588 1396 incertam
605 1354 746 1395 lunam
767 1356 844 1396 sub
864 1355 957 1396 luce
977 1355 1158 1408 maligna

1499 1351 1583 1392 270

135 1412 217 1454 Est
236 1413 314 1453 iter
334 1413 376 1452 in
398 1411 531 1452 silvis:
563 1412 637 1451 ubi
657 1411 809 1451 coelum
829 1412 1016 1452 condidit
1034 1412 1184 1451 umbra

132 1469 314 1523 Jupiter,
336 1475 378 1508 et
398 1469 525 1508 rebus
545 1482 630 1508 nox
648 1467 820 1508 abstulit
842 1475 932 1508 atra
951 1466 1146 1508 colorem.

134 1523 404 1567 Vestibulum
424 1531 520 1564 ante
540 1525 677 1578 ipsum
696 1525 923 1578 primisque
945 1525 987 1563 in
1007 1524 1198 1564 faucibus
1220 1521 1324 1563 Orci

135 1582 299 1623 Luctus
319 1588 362 1622 et
380 1580 550 1621 ultrices
570 1596 748 1634 posuere
769 1580 921 1621 cubilia
943 1580 1067 1620 Curae
1085 1597 1094 1629 3

135 1638 432 1691 Pallentesque
452 1637 645 1677 habitant
665 1637 822 1686 Morbi,
844 1637 1057 1690 tristisque
1081 1637 1300 1685 Senectus,

138 1787 233 1817 sacris
261 1787 384 1824 inferis3
418 1788 486 1817 hine
512 1787 632 1817 humiles
665 1798 733 1817 (tras
764 1788 843 1817 dixit

139 1826 166 1854 V
170 1827 242 1855 aler.
263 1827 311 1855 Fl.
332 1827 398 1860 ΙΙΙ,
423 1828 589 1856 ἐσλὰ-253
607 1826 700 1855 solida
721 1827 843 1861 viscera,

138 1868 230 1894 totam
245 1865 407 1894 victimam.

175 1904 441 1932 258-aduentante
469 1903 534 1937 dea,
564 1904 603 1932 de
632 1904 749 1932 Hecate
774 1913 842 1932 esse

139 1940 374 1980 intelligendum,
395 1942 467 1970 nihil
482 1947 529 1971 est
548 1942 629 1980 quod
652 1942 794 1978 dubites;
817 1942 843 1970 si

138 1980 229 2008 modo
244 1984 355 2009 caetera
368 1981 406 2009 de
421 1981 467 2009 his
487 1982 582 2009 sacris
600 1981 667 2009 loca
689 1981 846 2018 poetarum

140 2018 291 2054 consulas,
311 2030 340 2048 v.
361 2030 389 2048 c.
410 2019 552 2057 Apollon.
577 2019 643 2053 ΙΙΙ,
667 2020 740 2048 1211
758 2029 845 2057 sqq.:

140 2057 292 2086 Theocrit.
304 2057 397 2096 Idyll.
412 2058 458 2092 11,
473 2059 521 2086 35.
536 2058 593 2086 362
610 2059 735 2086 10—13.
757 2058 847 2093 Quod

141 2105 225 2124 canes
246 2106 452 2134 nonnunquam
473 2096 511 2125 de
531 2096 634 2125 Furiis
655 2096 744 2125 dictae
767 2100 847 2130 sunt,

141 2133 200 2162 huc
221 2144 276 2162 non
299 2135 464 2163 vocandum
489 2139 555 2163 erat
575 2136 612 2163 ab
639 2135 742 2173 Intpp.
772 2135 849 2163 Sunt

141 2181 230 2200 canes
258 2172 395 2202 Hecaten
420 2173 608 2207 comitantes,
629 2179 659 2202 et
685 2173 796 2211 passim
818 2174 846 2201 in

143 2210 236 2238 sacris
259 2211 384 2248 magicis
410 2212 576 2240 memorati.
617 2212 747 2250 Adjuya
760 2212 847 2240 silvu-

142 2258 207 2276 rum
221 2248 376 2278 offendunt
390 2250 505 2288 Intpp.,
528 2251 579 2279 sed
593 2254 661 2278 sunt
678 2251 751 2289 juga
765 2260 847 2278 inon-

142 2287 218 2315 tium
240 2287 325 2315 silvis
349 2288 481 2324 consita;
509 2289 581 2316 nihil
609 2289 747 2326 amplius.
794 2289 846 2316 Sic

142 2325 260 2354 dorsum
274 2335 416 2354 nemorum
431 2337 478 2364 ap.
493 2327 600 2356 Horat.
623 2327 710 2355 silum
724 2328 848 2365 jussos-as

145 2363 226 2392 dixit
241 2364 334 2393 Ovid.
362 2365 427 2393 Ain.
441 2365 470 2398 1,
492 2367 518 2394 l.
539 2367 570 2393 9.
595 2366 663 2394 258.
685 2366 797 2394 Procul
820 2376 847 2399 0,

140 2402 254 2440 procul.
295 2403 341 2431 An
374 2402 500 2431 formula
525 2403 580 2432 hac
599 2403 748 2433 initiorum
774 2404 848 2432 satis

144 2440 282 2469 sollerter
295 2440 343 2469 hic
355 2442 445 2478 poeta
458 2451 530 2469 usus
543 2441 592 2475 sit,
603 2442 720 2471 dubito.
752 2443 848 2471 Nemo

147 2478 223 2508 enim
240 2480 354 2512 aderat,
375 2479 425 2517 qui
451 2480 582 2508 amoveri
603 2486 718 2518 posset,
739 2485 850 2518 praeter

147 2518 246 2546 socios
260 2517 377 2546 AEneae.
419 2518 466 2546 De
479 2517 616 2546 monstris
628 2519 751 2547 infernis
765 2519 850 2548 intel-

147 2555 216 2593 ligit
231 2556 339 2585 Cei-da.
380 2557 420 2584 At
435 2556 502 2594 quis
519 2566 553 2584 ea
567 2566 620 2594 per
639 2559 780 2595 profanos
799 2558 851 2586 de-

150 2594 264 2631 signata
277 2594 396 2623 credat!
438 2594 639 2623 Vv'arburtono
663 2596 782 2633 quidem
804 2607 852 2625 res

150 2636 215 2660 erat
238 2632 312 2661 satis
331 2633 485 2671 expedita,
508 2634 578 2662 dum
595 2633 677 2662 initia
698 2634 854 2663 Eleusinia

152 2670 199 2698 hic
221 2680 366 2708 expressa
379 2672 509 2701 volebat.
549 2671 598 2707 (Si
614 2671 679 2700 hoeo
694 2674 783 2701 verba
798 2684 853 2710 pro

1500 1633 1584 1674 5275

881 1792 965 1817 vates
992 1788 1088 1816 facere
1113 1787 1197 1821 velit,
1217 1787 1270 1815 vix
1304 1791 1360 1819 est,
1381 1786 1460 1824 quod
1487 1786 1587 1823 poe'tae

882 1827 1046 1855 sollertiam
1070 1825 1278 1864 reprehendas.
1318 1826 1382 1853 Nec
1404 1829 1487 1853 vates
1501 1834 1589 1852 nosse

882 1866 981 1893 forsan
997 1869 1127 1902 poterat,
1149 1874 1185 1892 an
1199 1864 1227 1892 in
1244 1864 1348 1892 AEneae
1376 1863 1466 1891 sociis
1486 1863 1587 1891 nullus

882 1907 1006 1939 βέβηλος
1019 1913 1043 1930 s.
1053 1905 1202 1937 ἀλιτήριος,
1214 1902 1356 1940 profanus
1372 1905 1518 1930 versetur.
1533 1901 1590 1930 R.)

919 1943 978 1970 264
995 1952 1040 1979 sq.
1056 1942 1160 1969 Habet
1177 1941 1322 1978 insignem
1348 1940 1409 1968 vim
1427 1940 1464 1968 ad
1478 1939 1590 1968 animos

887 1980 1061 2009 excitandos
1080 1984 1110 2008 et
1136 1980 1257 2008 horrore
1278 1979 1406 2016 quodam
1427 1988 1512 2007 sacro
1534 1978 1592 2006 im-

886 2019 1019 2047 buendos
1041 2018 1141 2047 subita
1162 2018 1226 2046 haec
1241 2018 1364 2046 deorum
1384 2017 1544 2045 inferorum
1560 2022 1592 2046 et

887 2057 1020 2086 Manium
1047 2057 1221 2094 appellatio.
1267 2055 1314 2085 Ad
1343 2055 1516 2084 sententiam
1552 2057 1593 2085 cf.

888 2096 993 2124 Senec.
1009 2095 1101 2123 Herc.
1120 2096 1178 2123 sur.
1192 2094 1359 2123 658-661.
1401 2093 1496 2121 Chaos
1516 2094 1590 2123 bene

887 2134 1052 2167 invocatur,
1075 2143 1113 2161 ex
1136 2142 1195 2170 quo
1222 2133 1292 2162 Nox
1317 2136 1384 2159 nata
1408 2136 1437 2159 et
1460 2132 1591 2161 Erebus.

886 2173 1064 2210 Phlegethon
1091 2171 1207 2199 omnino
1221 2175 1290 2208 'pro
1311 2170 1386 2197 locis
1403 2169 1517 2203 inferis,
1539 2172 1592 2199 sed

885 2212 922 2239 ad
935 2215 1079 2239 terrorem
1095 2209 1261 2238 nominatus
1277 2219 1338 2247 pra:
1355 2209 1474 2236 ceteris.
1488 2209 1526 2237 cf.
1538 2209 1590 2238 inf.

886 2251 944 2278 550
979 2259 1044 2287 sqq.
1075 2248 1123 2276 Sil
1149 2248 1260 2276 numine
1293 2251 1400 2282 vestm,
1429 2247 1594 2283 voluntate,

881 2288 1020 2326 patulum),
1041 2287 1129 2315 liceat
1143 2297 1196 2324 per
1210 2296 1316 2314 numen
1333 2289 1485 2322 vestrum3
1501 2296 1593 2324 quan-

887 2332 949 2354 tum
964 2327 1000 2355 ad
1015 2336 1067 2354 vos
1082 2325 1208 2359 attinet3
1222 2325 1252 2352 b.
1267 2335 1292 2353 e.
1304 2334 1371 2352 cum
1384 2324 1472 2353 venia
1481 2329 1592 2355 vestra.

886 2366 982 2393 —268
997 2363 1119 2398 obscuri,
1143 2363 1262 2401 politico
1287 2366 1393 2391 ornatu
1416 2363 1592 2393 translatum

887 2403 1038 2441 epitheton
1054 2404 1090 2431 ab
1105 2403 1209 2430 umbra
1222 2402 1269 2430 vel
1280 2400 1479 2430 nocte-domos
1491 2402 1592 2440 simpl.

889 2452 943 2480 pro
972 2442 1056 2470 locis.
1080 2441 1216 2469 incertam
1245 2441 1350 2473 lunum,
1370 2440 1473 2468 nubilo
1503 2442 1590 2475 coelo,

888 2480 967 2509 unde
981 2480 1030 2508 lux
1043 2480 1178 2517 maligma,
1190 2488 1290 2516 parca,
1302 2478 1416 2507 infirma
1428 2488 1462 2507 ac
1475 2480 1591 2517 tenuis;

889 2523 1037 2547 utcontra
1054 2519 1191 2555 beniynzzs
1209 2517 1359 2546 interdum
1381 2517 1494 2555 larguS,
1516 2519 1592 2546 mul-

892 2562 952 2585 tus.
991 2556 1101 2585 Incerti
1131 2556 1204 2584 soles
1238 2566 1304 2593 sup.
1334 2555 1398 2590 111,
1430 2557 1498 2585 203.
1524 2558 1593 2585 202.

893 2598 969 2625 ulio-,71
987 2598 1080 2626 σκυτίνῃ
1095 2595 1174 2632 RPUd
1188 2595 1329 2632 ApOllon.
1344 2594 1402 2627 IV,
1416 2595 1502 2623 1697-

929 2635 1081 2662 273-2fl7
1098 2633 1254 2670 Ingeniose
1268 2633 1295 2661 in
1310 2632 1446 2661 saucibus
1461 2637 1490 2661 et
1510 2633 1594 2661 aditu

890 2672 1023 2700 locorum
1046 2672 1205 2700 interorum
1221 2672 1384 2701 constituta
1397 2682 1443 2705 ea,
1465 2682 1531 2708 qnae
1546 2671 1593 2699 vel

153 2709 281 2737 formula
307 2710 425 2738 exordii
454 2710 531 2738 sacri
557 2709 692 2738 sollemni
723 2721 858 2749 accipere
898 2711 984 2738 morti
1005 2715 1073 2738 sunt
1093 2711 1188 2738 vicina
1214 2710 1260 2738 vel
1279 2711 1307 2739 iu
1329 2714 1424 2738 morte
1449 2715 1527 2737 sunt.
1555 2710 1596 2737 οῖ’.

150 2746 236 2784 licet,
257 2757 314 2786 qua
327 2748 396 2777 nibil
419 2748 497 2777 aliud
518 2749 572 2777 nisi
598 2748 775 2778 audientiam
800 2750 856 2778 sibi

897 2750 982 2777 Serv.
997 2749 1166 2778 Imitatores
1184 2748 1241 2777 loci
1263 2750 1322 2786 jani
1337 2748 1479 2776 excitavit
1496 2748 1595 2776 Cardu
