1796 3077
185 258 281 301 222

186 370 407 426 Praecipue
429 372 521 427 pius
538 370 712 418 AEneas,
734 383 843 410 nunc
860 369 966 409 acris
989 368 1155 418 Oronti,

610 252 653 289 P.
685 249 915 287 VIRGILII
947 249 1197 287 MARONIS

185 427 313 469 Nunc
335 428 485 483 Amyci
505 442 647 469 casum
667 426 797 481 gemit
817 433 859 467 et
879 424 1068 466 crudelia
1088 440 1230 466 secum

184 484 291 526 Fata
313 485 432 539 Lyci,
454 485 689 537 fortemque
711 483 850 537 Gyan,
872 482 1107 535 fortemque
1129 482 1394 524 Cloanthum.

242 541 302 582 Et
316 543 404 595 jam
424 541 518 581 finis
539 548 656 589 erat3
689 554 819 594 quum
837 538 1007 593 Jupiter
1023 539 1181 580 aethere
1203 553 1362 581 summo

183 597 435 651 Despiciens
451 611 565 638 mare
585 596 808 638 velivolum
828 603 1049 649 terrasque
1064 596 1269 650 jacentes,

183 654 415 707 Litoraque
436 660 479 695 et
494 653 601 694 latos
621 652 815 708 populos,
833 653 891 694 sic
912 653 1067 693 vertice
1088 652 1183 694 coeli

180 710 391 758 Constitit,
414 718 457 751 et
480 710 629 764 Libyae
650 710 799 750 defixit
818 709 975 750 lumina
995 709 1148 763 regnis.

179 767 323 820 Atque
344 766 471 815 illum,
496 766 599 807 tales
610 768 841 821 jactantem
862 774 1035 820 pectore
1051 781 1174 807 curas

178 823 361 864 Tristior
381 831 424 864 et
443 823 622 865 lacrimis
643 823 784 865 oculos
806 823 969 864 suffusa.
990 823 1170 863 nitentes

178 879 441 933 Adloquitur
458 880 625 921 Venus:
673 880 715 921 Ο
735 881 807 934 qui
827 895 893 921 res
915 879 1213 933 hominumque
1234 877 1444 934 deumque

177 936 369 977 AEternis
389 937 501 991 regis
522 937 717 992 imperiiS‚
738 945 781 978 et
804 936 975 978 fulmine
997 944 1143 986 terres,

1539 936 1625 977 230

178 993 298 1039 Quid
319 1008 436 1034 meus
453 994 616 1034 AEneas
634 994 676 1033 in
696 1000 737 1034 te
759 995 1017 1034 committere
1039 999 1216 1040 tantum,

176 1049 296 1096 Quid
313 1050 451 1091 Troes
472 1058 663 1104 potuere,
685 1050 850 1104 quibus,
868 1057 931 1090 tot
951 1049 1099 1090 funera
1118 1048 1265 1103 passis,

175 1106 365 1147 Cunctus
387 1107 442 1147 ob
463 1106 627 1148 Italiam
644 1115 851 1148 terrarum
869 1105 1078 1147 clauditur
1094 1106 1236 1146 orbis?

177 1162 304 1205 Certe
324 1163 422 1205 hinc
445 1163 660 1205 Romanos
681 1163 792 1213 olim,
813 1162 1074 1205 volventibus
1095 1162 1227 1210 annis,

175 1277 362 1303 morerentur
377 1274 423 1303 vel
438 1273 547 1302 mortui
563 1277 663 1302 essent
677 1284 684 1309 3
706 1273 769 1303 vid.
791 1274 882 1302 inter·

173 1315 275 1350 pretes
291 1312 328 1340 ad
346 1313 466 1341 Terent.
486 1312 564 1341 Eun.
584 1313 629 1346 11,
645 1313 733 1347 3,56.
774 1313 881 1341 Poste-

175 1349 237 1378 rior
261 1350 310 1379 hic
326 1349 546 1389 intelligenduS.
586 1351 663 1380 Nam
690 1351 806 1385 Manes,
831 1351 882 1389 qui

173 1387 398 1423 invocabantur,
411 1389 557 1417 audientes
573 1390 767 1427 tingebantur.
794 1389 842 1419 W.

212 1428 270 1455 223
290 1427 333 1455 Ee
348 1428 412 1465 jam
428 1427 499 1465 finis
513 1431 586 1461 erat,
613 1438 721 1466 ψιέιης
744 1438 798 1466 pro
812 1428 878 1456 vul-

173 1465 253 1530 gari:
277 1469 437 1504 postquam
461 1466 527 1494 hirc
551 1466 630 1495 linita
655 1469 750 1502 erant,
770 1466 880 1510 quibus

187 1503 405 1542 actis‚Jupiter
420 1505 579 1543 prospexit
602 1509 661 1534 etc.
701 1505 880 1542 (Rationem

173 1542 294 1571 dicendi
306 1543 438 1571 imitatus
454 1547 499 1571 est
519 1542 589 1572 Val.
606 1544 656 1572 Fl.
679 1542 708 1577 I,
730 1545 798 1572 350.
838 1543 879 1571 Et

164 1579 231 1618 jam
247 1581 317 1618 finis
342 1585 415 1610 erat.
455 1582 580 1610 Modum
609 1586 706 1610 autem
732 1582 884 1620 sequenssia

175 1628 231 1656 per
243 1620 419 1657 particulam
434 1630 521 1658 quum
547 1621 719 1649 annectendi
745 1630 801 1649 nec
829 1631 882 1649 ex-

175 1657 319 1694 quisitum
354 1669 407 1687 nee
442 1659 609 1696 vulgarem,
647 1659 702 1687 sed
727 1659 883 1697 proprium

175 1695 302 1725 dixeris.
341 1696 390 1726 Cf.
404 1697 473 1726 AEn.
489 1697 545 1729 IV,
573 1698 660 1725 5-8.
686 1697 754 1726 Liv.
769 1699 817 1731 25,
834 1698 883 1726 37.

174 1733 246 1763 Tac.
270 1735 390 1764 Histor.
413 1736 441 1769 1,
464 1736 512 1764 29.
537 1734 601 1773 W.)
641 1736 749 1764 Lineas
770 1736 881 1773 primas

174 1771 265 1810 hujus
286 1774 462 1802 narrationis
477 1773 578 1802 videas
595 1774 623 1801 in
639 1775 699 1802 Od.
714 1787 737 1808 ε,
759 1776 776 1802 5
802 1784 880 1812 sqq.,

175 1811 227 1839 ubi
241 1812 380 1840 Minerva
395 1812 474 1849 apud
488 1812 608 1846 Jovem,
625 1816 657 1839 ut
680 1813 743 1849 jam
767 1812 883 1849 Odyss-

176 1863 206 1883 ιι,
220 1850 268 1878 44.
280 1850 401 1883 fecerat,
416 1851 453 1877 de.
466 1849 630 1887 intercepto
645 1850 764 1887 Ulyssis
783 1851 882 1879 reditu

175 1888 388 1925 conqueritur3
409 1888 538 1916 mittitur
561 1892 624 1916 tum
652 1898 769 1926 quoque
798 1889 880 1916 Mer-

174 1926 288 1954 curius.
299 1943 336 1947 —
352 1927 387 1954 In
407 1935 506 1954 versS.
523 1927 690 1955 223—227.
714 1926 800 1963 plura
814 1926 880 1955 Ho-

175 1964 249 1992 meri
263 1964 329 1993 loca
343 1968 409 1993 ante
424 1964 526 1993 oculos
539 1964 661 1992 habuit:
684 1964 824 2002 inprimis
843 1965 881 1993 11.

175 2015 200 2035 ν,
215 2012 262 2040 pr.
277 2006 307 2031 et
320 2005 345 2036 θ,
358 2004 407 2033 51.
427 2004 476 2031 52.
501 2013 579 2031 mare
598 2002 754 2037 velivolum,
774 2003 881 2041 exqui-

175 2040 281 2075 site,in
315 2051 352 2070 uo
364 2041 430 2070 vela
445 2041 555 2075 volant,
570 2051 637 2069 cum
654 2041 774 2079 proprie
790 2051 882 2070 naves

177 2078 237 2107 sint
271 2089 302 2108 ve
316 2079 407 2112 ivolce,
434 2084 529 2108 terras
552 2080 694 2117 jacentes,
724 2080 881 2118 praeclare,

173 2122 313 2155 respectu
338 2119 456 2156 quidem
477 2118 565 2147 Jovis
592 2129 630 2147 ex
651 2119 711 2146 alto
736 2119 883 2157 prospici-

176 2156 265 2189 entis,
284 2161 432 2194 porrectae
448 2157 504 2185 sub
526 2157 594 2194 ipso
608 2160 638 2186 et
651 2157 712 2185 late
726 2161 861 2195 patentes
874 2167 881 2194 3

174 2203 350 2232 quamquam
379 2200 466 2224 terrm
477 2196 618 2233 jacentes,
641 2199 739 2233 yentes
752 2196 884 2233 jacentes

174 2235 205 2259 et
219 2232 290 2261 alibi
305 2244 352 2271 ap.
377 2236 482 2271 poetas
499 2238 658 2262 occurrunt
672 2244 727 2272 pro
750 2234 882 2272 simplici

169 2270 292 2307 positae,·
316 2272 452 2301 similiter
464 2271 626 2311 latipopulz'
641 2277 710 2301 sunt
723 2273 808 2307 dieti,
828 2272 882 2307 sic,

175 2311 270 2343 οὕτως,
297 2320 351 2338 non
377 2315 424 2339 est
451 2314 561 2340 temere
586 2311 631 2340 vel
646 2312 882 2340 frustra—nam

174 2346 271 2383 defixit
289 2347 395 2376 Iumina
409 2367 446 2370 -
461 2350 514 2378 sed
537 2350 591 2384 sic,
615 2355 647 2377 ut
668 2354 740 2383 erat,
765 2350 883 2388 prospi-

176 2385 261 2414 ciens
290 2390 394 2420 terras,
417 2388 446 2415 in
471 2389 583 2417 vertice
612 2388 734 2426 Olympi
756 2388 884 2416 conslitit

175 2427 204 2451 et
217 2423 322 2461 defixit,
337 2435 391 2462 pro
404 2426 532 2464 simplici
552 2426 658 2464 defixit,
679 2427 774 2455 oculos
788 2427 884 2464 refluis

176 2461 289 2500 Libyae,
310 2464 338 2491 in
362 2464 447 2493 litore
472 2464 593 2499 At'ricae,
620 2466 655 2493 ad
681 2466 760 2503 quod
774 2465 882 2495 AEneas

178 2509 269 2529 naves
285 2503 479 2531 subduxerat.
509 2504 552 2532 H.
585 2504 621 2532 In
643 2514 711 2532 arce
729 2504 799 2532 coeli
814 2513 884 2532 con-

176 2538 300 2568 stitutus
317 2540 437 2578 Jupiter
456 2542 484 2570 in
504 2546 600 2571 terras
622 2542 761 2580 despicit,
779 2543 818 2571 cs.
833 2542 879 2576 X,

173 2576 205 2604 3.
225 2581 256 2608 et
278 2578 346 2607 val.
374 2579 418 2607 Fl.
444 2580 470 2614 1,
490 2580 559 2609 498.
599 2580 721 2609 Siderea
735 2585 801 2609 tunc
815 2590 881 2608 arce

170 2619 259 2659 poter
281 2617 429 2647 eta—‚Sic
451 2622 520 2654 post
544 2619 737 2657 participium
766 2619 880 2658 (despi-

175 2656 270 2694 ctens)
317 2655 526 2693 interpositum
569 2667 650 2686 more
692 2658 876 2691 Graecorum,

176 2692 257 2723 Plai.
271 2694 376 2723 Phaed.
391 2704 417 2722 c.
431 2696 460 2722 5.
480 2705 510 2731 p.
523 2696 553 2723 9.
573 2696 745 2731 (Σωκράτης)
766 2699 875 2729 καθεζό-

174 2747 253 2765 μενος
264 2736 344 2762 οὕτως
358 2734 404 2764 ἤδη
415 2736 447 2760 τὰ
460 2736 542 2761 λοιπὰ
556 2739 706 2768 διελεγετο.
723 2734 769 2763 ιν.
784 2735 878 2763 NOla·

175 2772 228 2802 bili
242 2775 341 2802 autem
356 2771 499 2801 orationis
510 2772 666 2806 brevitate,
679 2774 786 2803 Jovem
796 2773 876 2812 cogi-

645 2817 667 2848 9

920 1273 1088 1302 tabundnm
1130 1273 1264 1306 stetisse,
1297 1271 1431 1301 declarat
1461 1273 1561 1310 poe'ta,
1596 1278 1627 1303 et

921 1322 1017 1346 ραι-ας,
1033 1311 1227 1350 cogitationes
1242 1315 1273 1339 et
1287 1310 1422 1344 consilia,
1438 1311 1475 1339 de
1492 1313 1626 1349 parando

920 1351 1057 1388 Trojanis
1072 1351 1152 1388 apud
1172 1350 1286 1379 Poenos
1310 1349 1441 1387 hospitio
1468 1349 1626 1388 (inf-297)

922 1390 1063 1426 agitasse.
1103 1389 1211 1426 Itaque
1229 1392 1368 1425 respectu
1390 1387 1473 1416 vocis
1491 1388 1534 1416 sic
1554 1389 1625 1418 sub-

915 1428 1000 1465 jicit:
1023 1427 1094 1456 tales
1108 1427 1370 1465 cnrasjactmztem,
1382 1426 1411 1454 h.
1425 1436 1451 1455 e.
1464 1436 1530 1455 cum
1547 1427 1626 1457 hunc

918 1467 947 1495 in
963 1466 1084 1494 modum
1098 1465 1194 1494 oculis
1211 1465 1368 1503 animoque
1385 1464 1415 1492 in
1440 1465 1542 1494 AEneae
1559 1466 1628 1494 fatis

919 1510 1002 1534 esset
1023 1505 1261 1533 defixus—228.
1282 1503 1325 1532 H.
1349 1503 1486 1540 Suffundi
1500 1504 1628 1533 lacrimis

919 1543 1015 1572 oculos
1028 1547 1058 1571 et
1071 1542 1196 1580 suffundi
1208 1542 1310 1571 rubore
1321 1552 1373 1570 ora
1388 1542 1496 1579 (Ovid.
1507 1543 1583 1572 Met.
1599 1543 1627 1578 I,

921 1582 996 1616 484)
1024 1581 1168 1620 legitimze
1196 1585 1266 1610 sunt
1291 1582 1448 1619 poetarum
1474 1586 1629 1610 construc-

923 1620 1029 1649 tiones.
1091 1620 1264 1657 Utramque,
1294 1618 1415 1647 omissis
1445 1620 1626 1649 accusativis

921 1659 1016 1687 oculos
1035 1662 1062 1686 et
1076 1669 1139 1693 ora,
1156 1658 1247 1696 idque
1255 1658 1374 1696 proprie
1390 1659 1546 1696 usurpavit
1561 1659 1626 1687 Pli-

922 1698 988 1726 nius
1009 1698 1124 1740 Paneg.
1149 1707 1175 1726 c.
1200 1698 1229 1725 2.
1253 1697 1275 1725 s.
1315 1697 1367 1725 Ad
1387 1706 1460 1734 quas
1482 1697 1528 1725 ille
1547 1707 1628 1726 voces

921 1736 1049 1764 lacrimis
1064 1740 1149 1764 ettam
1164 1746 1198 1764 ac
1219 1735 1308 1764 mullo
1319 1735 1431 1774 pudore
1443 1736 1628 1773 suffimclitur.

960 1814 1019 1842 229
1052 1813 1190 1842 Macrob.
1216 1812 1274 1846 VI,
1300 1813 1362 1842 Sat.
1383 1813 1413 1841 2.
1464 1812 1527 1840 Hic
1550 1813 1628 1841 Iocus

921 1854 998 1878 totns
1022 1861 1040 1878 ιι
1061 1851 1095 1879 N
1095 1852 1165 1879 aem‘o
1189 1856 1300 1879 sumtus
1317 1855 1359 1879 est
1377 1861 1413 1879 ex
1444 1851 1528 1880 ›rimo
1553 1852 1626 1880 libro

923 1888 988 1916 belli
1001 1889 1118 1917 Punici.
1142 1889 1209 1918 Illic
1232 1889 1304 1917 enim
1327 1899 1407 1926 oeque
1426 1861 1534 1924 llsenus,
1553 1891 1627 1919 Tro-

915 1926 999 1964 janis
1032 1930 1195 1964 tempestate
1226 1927 1431 1961 laborantibus,
1461 1938 1523 1955 cnm
1553 1929 1627 1956 Jove

924 1965 1073 2002 queniam·
1095 1969 1122 1993 et
1144 1969 1303 2002 sequuntur
1326 1965 1413 1993 verba
1436 1964 1520 1993 Jovis
1533 1966 1627 2002 filiam

921 2003 1094 2031 consolantis
1107 2013 1155 2040 spe
1161 2006 1344 2040 fitturorum.
1384 2004 1559 2041 Comparari
1571 2014 1625 2042 po-

920 2045 981 2070 test
995 2042 1083 2070 etiam
1094 2041 1243 2070 Minervae
1254 2045 1285 2070 et
1296 2041 1384 2070 Jovis
1405 2050 1495 2079 super
1512 2042 1624 2080 Ulysse

921 2080 1074 2109 altercatio
1087 2080 1147 2110 Od.
1164 2095 1192 2113 a,
1205 2081 1253 2108 44.
1271 2090 1338 2118 sqq.
1354 2084 1385 2108 et
1402 2081 1508 2109 melius
1522 2081 1626 2110 Theti-

921 2119 969 2147 dis
985 2119 1146 2162 alloquium
1159 2119 1246 2148 Jovis
1260 2118 1298 2147 Il.
1311 2133 1339 2152 a,
1352 2120 1421 2147 407.
1438 2129 1505 2157 sqq.
1518 2137 1556 2141 —-
1567 2121 1627 2149 230

922 2157 1094 2194 Etsulmme
1106 2162 1195 2186 terres
1209 2157 1306 2196 possit
1314 2157 1443 2185 otiosum
1454 2158 1627 2197 videripost

921 2195 988 2224 illa:
1011 2195 1118 2234 quires
1130 2213 1167 2217 —
1177 2195 1317 2234 imperiis,
1327 2195 1495 2233 sedfulmen
1508 2196 1625 2235 insigne

923 2236 1029 2263 summi
1057 2234 1175 2272 imperii
1190 2245 1197 2269 3
1234 2234 1355 2271 gravius
1383 2240 1482 2264 autem
1498 2235 1626 2273 fulmine

922 2276 1025 2307 terres,
1041 2283 1127 2310 quam
1135 2273 1247 2310 fulmen
1258 2273 1535 2310 yeris,jacis.-—23l
1557 2275 1625 2303 Ma-

921 2311 1030 2339 nifesta
1045 2312 1232 2340 adumbratio
1254 2321 1393 2340 versuum
1413 2322 1451 2340 ex
1469 2312 1508 2340 Il.
1528 2317 1553 2346 ὂ,
1576 2314 1624 2341 31.

922 2350 998 2387 Ipsa
1020 2354 1119 2378 autem
1139 2350 1279 2379 orationis
1295 2351 1389 2378 forma
1402 2361 1440 2379 ex
1452 2351 1512 2380 Od.
1526 2365 1554 2384 a,
1574 2352 1624 2380 44.

923 2398 988 2425 sqq.
1013 2390 1265 2426 expressa—”232
1287 2388 1399 2424 Quibus
1414 2393 1624 2426 tot—agnosce

922 2427 1070 2464 poeticam
1098 2428 1356 2465 orationem—pro
1393 2428 1464 2465 quid
1496 2431 1623 2464 potuere

923 2466 1121 2500 committere,
1130 2470 1160 2494 ut
1168 2466 1449 2495 iis—clauderetur?
1460 2467 1623 2501 totfunera,

923 2504 952 2531 h.
966 2514 993 2532 e.
1008 2508 1052 2532 tot
1071 2504 1172 2533 clades
1187 2509 1217 2533 et
1229 2505 1422 2534 calamitates.
1445 2503 1479 2531 ob
1493 2504 1623 2539 Italiam,

918 2547 1042 2580 propter
1053 2543 1149 2571 Italiae
1159 2544 1282 2577 aditum,
1302 2553 1337 2572 ne
1355 2542 1391 2571 ad
1406 2542 1524 2570 Italiam
1539 2553 1623 2572 acce-

919 2581 1001 2614 dant,
1010 2581 1038 2609 in
1048 2586 1109 2610 toto
1117 2586 1260 2610 terrarum
1267 2582 1337 2610 orbe
1343 2580 1439 2608 nullus
1449 2581 1622 2611 considendi

920 2618 1006 2648 locus
1021 2620 1057 2648 iis
1069 2620 1264 2658 relinquitur3
1286 2629 1351 2647 nam
1363 2622 1479 2656 septem
1495 2620 1557 2656 jam
1575 2631 1624 2649 an-

915 2667 968 2686 nos
978 2659 1113 2687 omnibus
1121 2659 1209 2687 terris
1223 2657 1391 2687 etmaribus
1401 2663 1581 2693 erraverant,
1590 2662 1623 2688 ut

916 2697 986 2725 AEn.
1004 2697 1028 2729 Ι,
1043 2701 1121 2725 extr.
1136 2697 1174 2726 cf.
1189 2697 1231 2731 X,
1244 2696 1389 2724 44.—234
1409 2696 1500 2730 Hinc,
1524 2698 1560 2726 ab
1575 2697 1622 2726 his

917 2736 1146 2773 'Proiarris,jb›·e‚
1154 2735 1282 2763 orituros
1291 2744 1369 2768 esse,
1377 2745 1394 2762 a
1401 2736 1538 2773 stmyuiue
1548 2735 1619 2764 Ten-

917 2773 960 2802 eri
974 2778 1115 2810 revocato,
1129 2784 1145 2803 a
1159 2774 1252 2811 stirpe
1266 2773 1376 2803 Teucri
1391 2773 1553 2804 instaurata
1567 2784 1621 2812 per
