1796 3077
564 272 834 312 AENEIDOS.

893 272 997 311 ΜΒ.
1026 273 1140 312 VIII.
1505 281 1598 325 493

146 393 240 436 Nec
261 402 301 437 te
323 394 419 436 ullae
442 396 585 446 facies,
606 411 690 436 non
711 395 861 437 terruit
879 395 970 451 ipse
991 394 1231 450 Typho‘e'us

144 451 336 501 Arduus,
357 468 472 494 arma
489 461 659 503 tenens3
691 468 775 494 non
797 460 837 494 te
858 453 1033 494 rationis
1054 460 1249 507 egentem

145 509 350 551 Lernaeus
373 512 497 552 turba
518 512 705 566 capitum
725 511 1000 552 circumstetit
1021 511 1186 564 anguis.

1518 510 1602 550 300

145 566 282 616 Salve,
304 583 404 608 vera
423 568 542 610 Jovis
563 567 717 622 proleS,
739 568 869 609 decus
890 567 1034 608 addite
1056 567 1206 608 Divis:

145 623 206 664 Et
227 639 316 673 nos,
338 632 381 666 et
401 632 474 666 tua
494 626 647 666 dexter
667 624 738 665 adi
759 626 869 679 pede
890 639 1009 666 sacra
1029 625 1233 666 secundo.

143 680 269 722 Talia
290 683 545 724 carminibus
561 682 799 724 celebrant:
833 697 963 737 super
983 681 1123 722 omnia
1145 682 1247 723 Caci

143 738 399 792 Speluncam
414 740 635 794 adjiciunt,
658 740 973 794 spirantemque
994 739 1163 794 ignibus
1180 740 1334 794 ipsum.

144 794 361 837 Consonat
381 812 502 838 omne
524 811 669 837 nemus
691 797 883 851 strepitu,
900 795 1112 850 collesque
1126 796 1345 837 resultant.

1519 796 1603 835 305

203 852 319 893 Exin
340 868 384 894 se
406 855 546 894 cuncti
565 853 717 893 divinis
738 854 865 894 rebus
886 853 942 894 ad
962 854 1111 894 urbem

145 909 353 951 Perfectis
374 909 579 951 referunt.

640 909 737 950 Ibat
753 924 830 951 rex
851 910 1013 951 obsitus
1031 924 1135 958 aevo,

143 966 204 1006 Et
222 968 419 1008 comitem
440 967 613 1009 AEnean
628 967 755 1021 juxta
775 974 1006 1021 natumque
1026 968 1200 1008 tenebat

142 1022 408 1078 Ingrediens,
429 1025 629 1079 varioque
650 1025 759 1065 viam
779 1039 971 1065 sermone
993 1023 1176 1065 levabat.

146 1080 346 1130 Miratur,
369 1081 597 1136 facilesque
619 1080 762 1122 oculos
784 1081 866 1122 fert
885 1081 1023 1123 omnia
1043 1082 1201 1123 circiun
1520 1081 1605 1121 310

145 1137 323 1187 AEneas,
343 1139 594 1193 capiturque
615 1138 738 1188 locis;
771 1146 813 1179 et
834 1138 999 1193 singula
1017 1138 1139 1179 laetus

145 1194 431 1249 Exquiritque
452 1196 656 1249 auditque
676 1196 811 1235 virum
829 1202 1101 1236 monumenta
1119 1195 1322 1250 priorum.

145 1250 259 1292 Tum
279 1266 355 1293 rex
377 1252 606 1293 Evandrus
628 1251 838 1293 Romanae
859 1252 1053 1292 conditor
1074 1253 1206 1293 arcis:

144 1308 254 1350 Haec
274 1323 446 1350 nemora
464 1309 676 1364 indigenae
697 1308 833 1350 Fauni
853 1308 1159 1364 Nymphaeque
1181 1307 1395 1355 tenebant,

145 1365 353 1420 Gensque
373 1366 507 1406 virum
527 1367 687 1407 truncis
708 1374 751 1407 et
770 1366 878 1407 duro
899 1367 1052 1407 robore
1071 1374 1170 1407 nata
1187 1381 1196 1406 ε

1520 1366 1604 1406 315

146 1423 282 1469 Queis
303 1437 441 1477 neque
463 1437 553 1463 mos
573 1437 710 1477 neque
732 1422 870 1463 cultus
891 1430 983 1464 erat
1000 1440 1010 1473 3
1040 1437 1119 1463 nec
1134 1424 1316 1477 jungere
1337 1428 1497 1471 tauros,

146 1481 238 1520 Aut
253 1493 506 1534 componere
528 1494 630 1534 opes
651 1487 817 1529 norant,
837 1486 911 1520 aut
929 1494 1106 1534 parcere
1127 1487 1251 1534 parto
1269 1494 1278 1518 :

145 1537 234 1578 Sed
254 1538 357 1577 rami
376 1543 504 1590 atque
525 1551 650 1591 asper
668 1537 781 1578 victu
802 1544 977 1578 venatus
995 1536 1149 1578 alebat.

149 1594 316 1635 Primus
339 1594 393 1634 ab
414 1593 592 1635 aetherio
613 1593 727 1634 venit
748 1594 956 1634 Saturnus
978 1593 1178 1648 Olympo,

147 1740 185 1768 ad
200 1741 258 1769 Ge.
273 1739 318 1774 11,
333 1740 401 1769 450.
416 1740 633 1770 &SR—Cresia
647 1740 798 1779 procliyia,
820 1743 853 1768 ut

145 1783 317 1812 mom-trum,
332 1782 424 1813 τέρας,
445 1784 549 1808 taurus
569 1780 737 1808 Gnossiusz
760 1789 852 1817 quem

146 1818 250 1846 vivum
265 1818 303 1846 ad
315 1819 517 1856 Eurystheum
528 1819 694 1848 adduxisse
705 1822 853 1847 narratur.

146 1856 231 1894 Ergo
257 1861 368 1885 mactas
394 1857 483 1886 solito
508 1867 591 1886 more
613 1858 655 1886 ita
673 1857 792 1895 posuit,
821 1860 854 1884 ut

146 1895 284 1932 pluribus
306 1896 448 1924 membris
474 1901 557 1925 esset
581 1896 852 1928 accommodatum,

149 1938 201 1962 aut
215 1933 302 1962 aliam
317 1933 449 1963 fabulam
466 1938 613 1973 sequutus
633 1936 789 1964 esu—295
804 1935 858 1970 sa-

147 1973 215 2006 cies,
231 1978 376 2005 monstra.
397 1984 465 2012 quae
493 1974 522 2002 in
542 1973 647 2002 inferis
662 1973 792 2003 Herculi
807 1982 857 2001 oc-

148 2012 318 2041 currebant.
333 2013 405 2041 AEn.
433 2013 491 2047 VI,
505 2014 562 2041 285
579 2023 647 2051 sqq.
662 2013 771 2051 Hydra
783 2011 858 2040 Ler-

149 2059 214 2078 uoea
224 2051 287 2088 jam
299 2051 342 2079 ibi
353 2055 587 2080 commemorata
599 2062 604 2079 z
623 2061 701 2080 nunc
714 2050 858 2090 Typhoens

152 2089 285 2123 additur,
299 2100 386 2128 quem
400 2091 429 2119 in
444 2090 601 2119 Tartarum
621 2090 743 2119 fulmine
755 2091 859 2119 detru-

151 2137 217 2155 sum
243 2128 378 2158 ediderat
400 2138 520 2168 quoque
545 2129 677 2158 Hesiod.
698 2137 779 2163 Θεογ.
801 2129 858 2156 853

152 2176 220 2203 sqq.
234 2168 303 2195 867.
334 2167 478 2197 Orionem
499 2169 528 2196 in
543 2168 646 2197 inseris
661 2168 860 2197 collocaverat

151 2205 306 2234 Homerus
328 2206 389 2234 Od.
409 2212 440 2239 λ,
464 2208 521 2236 571
547 2208 713 2245 sqq.—299
734 2207 858 2238 arduus,

151 2243 298 2281 praeclare
330 2244 478 2280 additum,
512 2249 633 2283 poterat
663 2246 744 2275 enim
773 2251 859 2274 stans

152 2286 273 2310 erectus
288 2283 364 2311 vasti
386 2283 520 2321 corporis
543 2285 646 2322 specie
669 2289 860 2314 ten-erema-

153 2321 241 2349 tionis
258 2325 396 2358 eyentem,
420 2322 539 2350 consilii
562 2324 678 2361 inopem
696 2324 734 2352 de
749 2327 860 2358 ἀμηχα-

152 2363 208 2397 νίᾳ,
223 2362 337 2397 ἀπορίᾳ,
353 2369 392 2388 ex
406 2370 537 2398 pavore:
559 2361 588 2390 h.
609 2368 726 2391 terrore
740 2361 862 2401 percul-

154 2400 330 2427 ωιτη-303
361 2398 473 2433 dexter,
498 2400 647 2438 propitius
675 2400 861 2430 ades—304

151 2437 312 2481 spirantem
327 2437 441 2476 iynibus
454 2438 574 2467 doctius
596 2449 684 2477 quam
699 2441 788 2478 ignes
804 2449 858 2468 ex-

155 2481 335 2513 spirantem.

205 2516 364 2544 307--369
399 2514 541 2543 Evander
574 2515 701 2545 AEneam
739 2517 861 2546 domum

159 2562 243 2582 suam
263 2554 400 2582 deducit.
442 2553 601 2591 Ingeniose
616 2557 706 2592 poeta
718 2560 862 2594 opportu-

157 2592 249 2621 nitate
276 2593 371 2621 utitur
398 2591 435 2621 ad
462 2593 701 2622 memorabilium
730 2596 864 2624 locorum

159 2630 311 2669 antiquam
324 2631 434 2659 samam
447 2632 677 2660 memorandam.
691 2643 742 2661 rex
756 2632 866 2661 obsitus

159 2679 240 2697 awo:
260 2673 296 2698 ut
309 2670 382 2698 alias
401 2670 502 2707 ymnis
515 2670 553 2698 de
570 2679 676 2707 magna
696 2672 796 2710 copia,
814 2682 864 2709 op-

155 2718 288 2746 prassus,
310 2709 440 2741 obrutus,
454 2708 580 2737 consitus
595 2714 749 2744 senectute,
766 2709 866 2748 yravis

161 2748 480 2785 aet‹atc.—-3lojacile.t,
493 2745 629 2782 mobiles,
644 2759 737 2787 vagos
752 2748 867 2782 oculos,

892 1739 1154 1768 volubiles.—-3l4
1168 1749 1235 1777 sqq.
1251 1738 1405 1777 Egregius
1427 1738 1524 1771 locus,
1540 1748 1599 1777 quo

893 1779 952 1807 anti
976 1788 1032 1807 uus
1048 1779 1146 1807 Italiae
1165 1782 1262 1807 status
1284 1778 1479 1807 describitur.
1495 1777 1605 1816 indiffe-

893 1827 939 1845 πω
982 1817 1052 1846 anni
1067 1817 1270 1855 Nymphaque
1285 1827 1343 1845 nou
1357 1817 1447 1845 modo
1463 1820 1603 1851 ἐγχώριοι,

894 1856 947 1884 SGd
964 1860 995 1884 et
1009 1858 1182 1891 αὖτόχθυνες,
1198 1858 1356 1890 αὐθιγενεῖς.
1371 1855 1490 1884 scillcet
1502 1855 1605 1893 dESig-

896 1899 1005 1923 nantur
1021 1895 1109 1923 Genii
1124 1895 1270 1923 locorum.
1292 1894 1405 1922 truncis
1418 1899 1446 1922 et
1465 1894 1538 1922 duro
1554 1904 1603 1921 ro-

896 1933 964 1962 bore
978 1937 1048 1962 nata
1063 1943 1119 1972 pro
1133 1933 1249 1962 truncis
1262 1934 1417 1962 roborum.
1455 1933 1537 1961 Nata
1558 1933 1604 1961 lo-

897 1972 1011 2010 quendi
1026 1976 1056 2001 et
1072 1972 1201 2010 fingendi
1222 1972 1318 2001 forma
1339 1982 1378 2001 ex
1399 1980 1481 2000 more
1505 1981 1606 2007 agres-

898 2011 973 2040 tium
998 2011 1150 2040 hominum
1173 2015 1298 2040 truncos
1322 2012 1464 2040 arborum
1488 2010 1603 2039 inhabi-

899 2050 1094 2079 tandi.-316
1111 2060 1183 2084 mos,
1202 2053 1318 2078 certum
1334 2050 1405 2079 vitae
1421 2048 1606 2082 institutum,

897 2088 949 2117 lex
964 2089 1104 2127 quaedam
1117 2088 1239 2117 vivendi
1251 2099 1259 2123 3
1280 2089 1425 2126 praeclare
1438 2091 1537 2115 autem
1549 2087 1604 2115 mi-

899 2128 957 2156 tior
972 2127 1044 2156 vitae
1059 2127 1161 2155 cultus
1176 2127 1350 2155 declaratur
1365 2127 1423 2155 his:
1439 2136 1608 2163 cmupouere

898 2176 966 2205 opes
983 2170 1010 2195 et
1027 2175 1148 2204 parcere
1163 2170 1262 2202 parto,
1282 2169 1315 2193 τὸ
1336 2168 1546 2200 συγκομίζεσθαι
1561 2168 1605 2192 καὶ

899 2208 1097 2240 ταμιεύεσθαιῑ
1121 2205 1233 2241 quibus
1248 2204 1328 2233 feros
1345 2204 1481 2231 homines
1496 2202 1608 2232 nullius

900 2244 943 2273 rei
954 2243 1100 2281 providos
1113 2242 1204 2271 autin
1217 2252 1303 2271 usum
1315 2242 1510 2280 perendinum
1522 2242 1607 2279 quio-

900 2282 1154 2327 quam'conditum
1166 2286 1334 2315 servantes,
1347 2280 1538 2309 assuefacere
1549 2280 1607 2309 dis-

901 2321 1068 2350 licillimum
1084 2324 1150 2349 est:
1172 2320 1203 2348 id
1217 2320 1299 2358 quod
1319 2319 1454 2348 historiae
1468 2322 1606 2348 veterum

902 2364 934 2389 et
947 2360 1113 2389 recentium
1127 2358 1310 2397 populorum
1331 2358 1463 2387 ferorum
1485 2357 1606 2387 docent.

902 2399 1065 2428 Conferant
1088 2397 1244 2427 erectioris
1268 2397 1376 2426 indolis
1393 2398 1521 2434 juvenes
1545 2398 1605 2426 Lu-

899 2438 1048 2467 cretianos
1084 2445 1192 2466 versus
1225 2436 1279 2464 lib.
1306 2436 1346 2469 V,
1373 2437 1431 2465 951
1460 2445 1539 2473 sqq„
1575 2436 1604 2464 in

901 2477 999 2515 iisque
1012 2475 1179 2505 956.—318
1186 2475 1272 2509 rami,
1284 2475 1314 2504 h.
1325 2475 1442 2504 fructus
1454 2475 1606 2503 arborum„

903 2516 1001 2544 Porro
1021 2516 1109 2552 jung.
1125 2523 1210 2552 asper
1223 2513 1311 2548 victu,
1324 2523 1380 2542 non
1403 2513 1498 2543 alebat
1515 2512 1605 2542 victu.

904 2554 963 2582 Est
974 2557 1112 2587 venatus,
1127 2552 1180 2590 qui
1194 2562 1337 2591 asperum
1350 2552 1462 2581 victum
1475 2554 1605 2590 pra‘bet.

904 2593 934 2622 h.
951 2602 1009 2620 non
1030 2592 1090 2620 nisi
1110 2591 1212 2620 labore
1227 2595 1258 2620 et
1273 2591 1414 2620 molestia
1430 2590 1606 2630 parandum.

943 2632 1003 2659 310
1018 2630 1168 2667 Amiquus
1189 2631 1311 2668 mylhus
1332 2631 1369 2659 de
1392 2630 1513 2659 Saturni
1536 2629 1607 2667 fuga

903 2670 933 2698 in
947 2669 1001 2697 has
1020 2674 1126 2703 terras,
1148 2669 1269 2702 ductus,
1285 2674 1317 2697 ut
1338 2669 1461 2698 videtur
1479 2679 1516 2696 ex
1539 2672 1605 2705 ety-

906 2708 1035 2747 mologia
1054 2718 1122 2737 voc.
1142 2708 1223 2736 Latii
1248 2718 1265 2737 a
1288 2709 1418 2737 latendo.
1458 2708 1605 2735 Saturnus

910 2752 1011 2775 tamen
1027 2756 1133 2775 numen
1143 2747 1316 2778 Latinorum
1329 2747 1470 2786 patrium,
1481 2745 1606 2774 sortasse
