1796 3077
226 205 320 249 344

283 320 557 363 Dissimulare
578 323 700 362 etiam
723 323 911 375 sperasti,
933 322 1107 376 perfide,
1129 329 1286 363 tantum

641 203 683 239 P.
717 202 942 239 Vinolml
976 202 1168 239 MARON
1181 203 1223 239 [S

1581 321 1663 363 305

226 376 357 419 Posse
378 378 507 426 nefas,
529 379 760 431 tacitusque
781 393 871 418 mea
893 379 1098 419 decedere
1117 381 1257 419 terra?

226 433 320 475 Nec
342 442 382 475 te
403 442 542 474 noster
562 449 689 482 amor,
711 449 787 475 nec
809 442 850 475 te
873 435 971 475 data
992 435 1167 475 dextera
1187 435 1409 487 quondam,

225 490 319 530 Nec
342 490 540 530 moritura
561 498 674 531 tenet:
694 491 853 531 crudeli
874 492 1018 532 funere
1040 491 1188 531 Dido?

226 545 340 592 Quin
361 546 483 586 etiam
502 546 679 587 hiberno
698 547 852 588 moliris
874 548 1009 588 sidere
1030 547 1214 596 classem,

225 601 285 642 Et
305 603 450 642 mediis
470 618 671 656 properas
693 603 972 657 Aquilonibus
994 605 1053 644 ire
1072 619 1148 658 per
1170 603 1310 652 altum,

1579 602 1662 643 310

225 657 448 699 Crudelis?
480 658 628 705 Quid?
660 661 694 700 si
714 675 797 701 non
817 676 915 701 arva
936 660 1069 701 aliena
1089 661 1320 715 domosque

223 714 395 767 Ignotas
416 723 596 768 peteres,
619 723 660 756 et
682 716 815 771 Troja
835 719 1004 771 antiqua
1023 725 1224 766 maneret,

223 770 356 824 Troja
375 786 453 825 per
471 773 679 813 undosum
699 780 913 827 peteretur
934 773 1134 814 classibus
1155 775 1327 828 aequor?

224 826 352 868 Mene
374 827 512 881 fugis?
545 828 628 869 Per
645 844 725 883 ego
746 829 821 871 has
841 830 1029 871 lacrimas
1051 831 1324 884 dextramque
1346 837 1458 870 tuam
1481 835 1535 877 te,

223 883 407 930 Quando
429 884 541 925 aliud
562 885 661 926 mihi
675 887 761 939 jam
782 888 942 928 miserae
963 887 1064 927 nihil
1084 888 1175 940 ipsa
1196 887 1359 940 reliqui,

1580 883 1664 925 315

223 939 308 980 Per
328 942 535 981 connubia
556 950 708 991 nostra,
731 958 807 996 per
826 944 1012 997 inceptos
1035 944 1302 996 Hymenaeos,

224 996 269 1036 Si
288 998 394 1037 bene
415 997 516 1051 quid
537 999 589 1039 de
611 1006 650 1039 te
670 1000 815 1048 merui,
837 999 915 1040 fuit
934 1007 1005 1040 aut
1024 1001 1097 1039 tibi
1119 1000 1347 1052 quidquam

223 1052 361 1094 Dulce
382 1069 516 1094 meum
534 1071 541 1094 :
574 1056 768 1096 miserere
790 1056 937 1096 domus
956 1055 1145 1104 labentis,
1167 1063 1208 1096 et
1229 1057 1363 1103 istam,

224 1110 329 1159 Oro,
353 1111 386 1149 si
406 1112 497 1163 quis
519 1111 657 1152 adhuc
678 1113 873 1165 precibus
894 1112 1024 1160 locus,
1047 1127 1154 1152 exue
1176 1120 1369 1153 mentem.

222 1165 289 1206 Te
310 1175 483 1220 propter
504 1167 676 1220 Libycae
696 1176 842 1221 gentes
863 1168 1187 1222 Nomadumque
1209 1168 1371 1222 tyranni

1582 1163 1664 1204 320

223 1222 383 1270 Odere,
406 1223 555 1264 infensi
576 1223 716 1277 Tyrii3
748 1232 788 1264 te
810 1232 983 1278 propter
1002 1225 1183 1265 eundem

224 1277 449 1320 Extinctus
470 1280 618 1333 pudor,
647 1288 702 1328 et,
727 1295 810 1332 qua
831 1281 917 1320 sola
937 1281 1073 1320 sidera
1092 1281 1270 1328 adibam,

221 1333 351 1375 Fama
370 1336 495 1388 prior.

555 1335 635 1375 Cui
655 1350 719 1376 me
739 1337 1029 1376 moribundam
1046 1337 1215 1384 deseris,
1236 1336 1422 1390 hospes?

223 1389 320 1432 Hoc
341 1391 471 1432 solum
492 1406 640 1432 nomen
661 1393 856 1445 quoniam
877 1393 930 1433 de
951 1393 1130 1448 conjuge
1149 1400 1292 1433 restat.

222 1518 339 1548 quoque
354 1519 426 1538 anno
439 1520 455 1538 a
467 1510 617 1540 Thebanis
630 1512 790 1546 celebrata,
805 1513 923 1541 a'l'lira-

221 1547 307 1576 cibus
323 1548 351 1576 in
366 1550 515 1577 Graeciam
530 1550 623 1584 illata,
641 1552 761 1579 diversa
779 1552 814 1579 ab
829 1552 923 1579 Athe-

221 1586 366 1614 niensium
379 1587 543 1625 Dionysiis,
558 1594 587 1617 et
603 1589 679 1618 inter
694 1599 777 1618 sacra
790 1595 923 1619 veterum

222 1624 371 1653 hominum
386 1626 599 1656 eutliusiastica
619 1628 716 1666 primo
738 1629 803 1657 loco
826 1638 924 1657 nume-

221 1663 323 1692 randa.
364 1664 459 1693 Extra
474 1666 578 1694 urbem
594 1667 621 1694 in
638 1667 806 1695 Cithaerone
828 1672 925 1695 monte

222 1702 373 1730 nocturnis
387 1703 574 1732 discursibus
591 1715 695 1733 arcana
710 1706 773 1733 brec
789 1706 892 1743 religio
907 1716 923 1734 a

221 1741 398 1769 mulieribus
411 1741 665 1779 frequentabatur.
707 1745 787 1772 Hinc
809 1743 923 1782 singula

223 1778 252 1806 in
267 1778 311 1807 his
326 1779 465 1807 versibus
480 1780 862 1810 illustranda—commovere
876 1792 922 1810 sa·

223 1826 275 1844 cra
289 1827 352 1845 voc.
366 1817 519 1855 proprium
534 1818 563 1846 in
580 1820 671 1847 sacris
685 1821 722 1848 de
738 1820 820 1848 initio
837 1820 922 1848 caeti<

223 1854 330 1884 mouiae
346 1855 433 1889 facto,
448 1866 515 1884 cum
530 1867 578 1885 res
595 1867 699 1891 sacrae,
715 1858 920 1892 instrumenta,

223 1903 306 1926 vasa,
328 1893 425 1927 cistae,
449 1898 574 1932 paterae,
597 1896 706 1933 thyrsi,
731 1896 922 1933 arripiuntur,

224 1935 256 1959 et
270 1931 592 1968 proferuntur.—-Bene
606 1935 691 1963 Serv.
712 1939 730 1951 ‘⁵
752 1934 853 1963 Yerbo
874 1944 922 1962 an-

224 1969 308 2007 tiquo
330 1980 417 1999 usum
441 1971 569 2000 tradunt.
604 1972 719 2001 Moneri
742 1973 816 2002 enim
839 1982 923 2000 sacra

222 2007 409 2043 dicebantur,
435 2020 501 2037 cum
527 2010 698 2039 solennibus
719 2011 825 2040 diebus
854 2022 921 2048 ape-

223 2046 376 2075 riebantur
413 2048 524 2085 templa
557 2049 739 2078 instaurandi
783 2050 922 2078 sacrificii

221 2084 343 2113 causa.’'
381 2086 465 2120 (Val.
493 2086 538 2114 Fl.
553 2087 618 2122 ΙΙΙ,
634 2089 700 2117 332.
725 2089 809 2116 motis
820 2088 921 2116 sacris.

226 2122 446 2157 lV.‘)—-Bacclro
468 2125 575 2158 audito,
605 2137 671 2154 cum
690 2127 855 2155 clamatur:
886 2127 920 2155 Io

224 2162 487 2200 Bacclie3—0r51ia
508 2163 657 2193 stimulant
680 2166 840 2197 Bacclmm.
860 2172 919 2193 Θυι-

220 2202 285 2233 άόα,
311 2200 479 2230 incenditur
501 2203 565 2240 ejus
590 2204 702 2232 animus
724 2204 801 2232 inter
821 2214 920 2232 sacras

221 2238 416 2272 caerimonias,
434 2250 506 2278 quas
522 2244 619 2278 parari
636 2243 717 2270 videt
730 2246 760 2270 et
776 2243 868 2271 audit.
882 2243 921 2270 cl'.

221 2275 267 2303 loc
282 2277 448 2314 Trypliiod.
467 2280 534 2308 357.
550 2291 616 2318 sqq.
629 2281 674 2309 H.
690 2281 766 2309 stim.
787 2282 821 2309 ad
839 2281 921 2310 festi-

222 2316 349 2343 nandum
372 2317 407 2344 ad
429 2327 513 2346 sacra
527 2323 557 2347 et
576 2320 604 2346 in
619 2319 816 2348 Cithaeronem
840 2330 921 2347 mon-

222 2357 291 2381 tem.
307 2358 381 2382 noct.
394 2355 423 2382 h.
437 2367 463 2383 c.
485 2361 573 2385 noctu
588 2369 594 2394 3
617 2358 678 2386 vid.
694 2359 748 2386 Ge.
765 2359 829 2391 ΙΙΙ,
852 2360 919 2387 538.

221 2391 411 2429 Comparatio
434 2394 584 2432 frequens.
606 2397 696 2434 Apud
720 2397 813 2425 Ovid.
835 2397 919 2425 Fast.

223 2429 285 2473 IV,
296 2431 364 2459 457.
405 2432 510 2467 Ceres,
532 2434 591 2463 lilia
606 2440 700 2473 rapta,
716 2435 825 2464 Mentis
839 2436 920 2473 inops

220 2472 345 2506 ταμίην,
375 2470 471 2507 quales
497 2472 596 2501 audire
621 2473 743 2502 solemus
772 2475 922 2504 Threicias

217 2507 315 2545 passis
329 2507 480 2537 Mtemtdas
494 2510 535 2538 ire
552 2512 646 2541 comis.
685 2512 729 2542 W.

259 2546 315 2574 305
342 2557 369 2574 v.
394 2548 430 2575 ad
455 2549 523 2577 296.
557 2550 661 2579 Potuit
691 2552 780 2589 poeta
808 2552 837 2580 in
866 2552 919 2579 hac

224 2583 351 2612 Didonis
364 2587 603 2623 expostulatione
617 2594 682 2618 ante
695 2590 798 2617 oculos
813 2590 923 2618 habere

224 2622 346 2652 alteram
373 2623 452 2652 illam
480 2625 596 2654 Medeae
627 2638 673 2665 ap.
701 2628 840 2666 Apollon.
866 2629 922 2661 lv,

222 2662 280 2690 356
292 2671 376 2700 sqq.;
392 2662 512 2693 diversa
523 2668 617 2693 tamen
632 2667 746 2695 Δ1114193·
759 2672 785 2696 et
798 2667 923 2696 Didonis

963 1511 1097 1540 conditio
1125 1522 1158 1540 ac
1186 1512 1315 1546 fortuna,
1347 1511 1404 1540 nisi
1430 1509 1508 1548 quod
1538 1511 1663 1552 utraque

962 1551 1108 1589 pudorem
1122 1550 1298 1580 violaverat.
1318 1552 1466 1589 Compara
1479 1557 1546 1576 cum
1558 1547 1663 1590 iisdem

964 1589 1112 1618 Ariadnes
1143 1590 1278 1627 querelas
1304 1590 1383 1628 apud
1408 1586 1517 1617 Catuli.
1540 1584 1662 1628 Lsslv,

965 1629 1021 1657 132
1037 1630 1156 1666 sqq.—(
1165 1628 1269 1657 tacitns
1279 1628 1410 1657 decedere
1425 1636 1479 1664 pro
1493 1630 1522 1654 te
1531 1627 1663 1667 ⁷tacitum

965 1667 1135 1701 decedere3
1156 1668 1261 1695 Graeca
1282 1665 1473 1695 constructio.
1503 1662 1665 1700 lisa—309

962 1716 990 1734 v.
1007 1715 1074 1743 sup.
1088 1707 1136 1734 52.
1156 1705 1271 1734 hiberno
1285 1706 1386 1738 sidere,
1407 1708 1441 1732 ut
1455 1704 1510 1731 Ge.
1525 1701 1551 1735 l,
1575 1702 1589 1728 1
1606 1709 1662 1738 quo

960 1744 1073 1779 siclere,·
1089 1744 1227 1781 quoniam
1243 1745 1279 1772 ad
1294 1745 1423 1772 siderum
1438 1746 1521 1770 ortus
1534 1744 1664 1782 etpeca—

963 1792 1014 1810 sus
1036 1782 1188 1819 navigatio
1202 1783 1300 1811 fiebat.
1325 1782 1370 1820 (h.
1384 1781 1437 1810 sid.
1454 1781 1482 1808 h.
1498 1790 1524 1807 e.
1546 1778 1641 1806 hieme
1657 1786 1664 1811 ;

961 1820 1040 1848 sidus
1062 1821 1209 1858 significat
1224 1824 1336 1850 certum
1351 1820 1416 1849 anni
1431 1823 1560 1856 tempus,
1582 1815 1662 1854 quod

960 1868 1012 1896 per
1024 1859 1172 1895 adjectum
1180 1860 1358 1888 declaratur.
1390 1857 1484 1886 Tacit.
1494 1857 1569 1884 Ann.
1578 1855 1605 1885 1.
1614 1855 1663 1897 70.

960 1897 1051 1924 sidere
1073 1897 1247 1934 aequinoctii.
1276 1895 1536 1937 W.)—311—3t3
1557 1893 1662 1930 Atqui,

961 1935 1035 1962 mari
1058 1935 1198 1972 procellis
1223 1935 1264 1963 ita
1289 1936 1420 1967 turbato,
1446 1941 1602 1970 navigares
1626 1940 1661 1958 ue

963 1976 1024 2000 tum
1038 1973 1167 2010 quidem,
1184 1973 1209 2001 si
1223 1973 1337 2001 reditus
1349 1973 1377 2001 in
1393 1971 1518 2010 patriam
1528 1973 1661 2013 pateret.

961 2011 1045 2047 (und.
1059 2021 1082 2039 ce
1106 2032 1112 2038 .
1124 2021 1203 2040 mare
1216 2012 1357 2048 agitatum
1371 2010 1479 2039 ventis.
1500 2008 1529 2037 ΙΙ
1539 2009 1660 2050 .)—315

961 2049 1040 2078 aliud
1053 2022 1133 2084 ΊιὶΖὶΙ,
1150 2060 1192 2078 sc.
1208 2042 1287 2087 quod
1304 2060 1422 2092 sperare
1437 2049 1473 2077 de
1488 2057 1534 2091 ine
1550 2055 1662 2095 POYSSIS,

962 2093 991 2116 et
1003 2098 1055 2125 per
1067 2089 1145 2126 quod
1158 2099 1212 2125 ego
1227 2093 1255 2116 te
1271 2090 1415 2116 obtestari
1427 2096 1550 2125 poss1m.
1572 2086 1662 2113 (aom—

962 2131 1065 2164 parant
1087 2127 1194 2164 Eurip.
1220 2128 1314 2155 locuni
1338 2127 1385 2164 (in
1406 2126 1508 2163 Iphig.
1534 2124 1568 2166 in·
1591 2122 1662 2165 Ault

961 2167 1019 2194 909
1040 2166 1123 2203 sqq.)
1143 2169 1173 2193 et
1191 2176 1219 2194 v.
1242 2167 1300 2194 310·
1320 2176 1364 2203 sq.
1383 2165 1420 2192 Il.
1441 2177 1466 2198 o,
1486 2164 1534 2192 39.
1559 2165 1661 2204 znceptt

960 2204 1114 2241 Hymenoei
1129 2208 1197 2231 sunt
1219 2208 1365 2237 recentes,
1389 2203 1460 2231 nihil
1482 2201 1572 2234 aliud,
1593 2209 1660 2237 ipsa

961 2243 1091 2270 novitate
1106 2242 1220 2275 dulces,
1244 2248 1275 2271 ut
1292 2244 1377 2271 Serv.
1392 2243 1435 2270 H.
1457 2241 1572 2270 Versus
1591 2239 1657 2271 315,

961 2291 1135 2318 quamquam
1153 2286 1221 2319 post
1235 2282 1422 2319 ‹Iavtramque
1439 2284 1515 2308 tuam
1531 2283 1556 2306 te
1568 2275 1660 2305 collo-

961 2324 1055 2353 catus,
1078 2324 1173 2348 tamen
1195 2330 1280 2358 arque
1297 2321 1334 2348 ad
1350 2318 1506 2357 sequentia
1521 2326 1575 2355 per
1596 2324 1662 2343 con-

960 2358 1055 2392 nubia,
1078 2369 1165 2395 quam
1180 2359 1216 2386 ad
1233 2358 1443 2396 praecedentia,
1467 2360 1512 2385 est
1533 2354 1662 2397 referen—

960 2397 1142 2425 dus.m3tlox
1160 2397 1276 2434 leycae
1287 2401 1396 2435 yenlcs,
1412 2397 1440 2425 in
1455 2395 1501 2423 liis
1515 2392 1660 2420 Numida-

960 2445 1025 2463 rum
1052 2446 1118 2469 rex,
1147 2436 1265 2464 Iarbas.
1291 2447 1320 2465 v.
1349 2446 1416 2473 sup.
1443 2434 1499 2462 196
1526 2441 1591 2475 sqq.
1617 2430 1661 2458 H.

960 2475 1096 2512 tyranni;
1118 2476 1147 2502 in
1162 2475 1265 2503 bonam
1282 2478 1397 2513 partein
1411 2473 1475 2501 haec
1489 2469 1662 2514 accipienda

960 2516 1007 2540 est
1024 2523 1093 2541 vox.
1108 2514 1145 2541 cf.
1163 2513 1239 2544 vll,
1254 2514 1323 2542 266.
1347 2511 1505 2552 Tyrii‚flul
1521 2518 1585 2537 eam
1600 2517 1661 2535 am-

960 2551 1076 2580 bierant
1097 2552 1264 2580 connubiis.
1286 2552 1324 2580 cs.
1345 2552 1393 2579 36.
1421 2546 1663 2591 Iv.-5320—324

964 2589 1095 2619 Profecit
1123 2600 1160 2619 ex
1183 2590 1219 2619 iis
1237 2590 1327 2619 ovid.
1349 2588 1448 2626 Epist.
1467 2584 1662 2629 Didus-vll,

964 2629 1014 2656 121
1041 2628 1240 2667 sqq-Fama
1256 2628 1349 2668 prior,
1374 2636 1460 2670 quam
1485 2625 1575 2653 habui
1596 2629 1663 2651 ante

964 2667 1122 2698 adventum
1152 2672 1244 2696 tuum.
1268 2668 1300 2696 cle
1327 2675 1453 2703 romum,
1481 2663 1535 2692 hoc
1566 2662 1661 2691 solum
