1796 3077
534 265 801 305 AENEIDOS.

112 384 287 427 Intravit
308 386 433 437 calor,
450 394 492 429 et
512 387 719 431 labefacta
739 403 815 443 per
833 403 928 429 ossa
948 388 1144 430 cucurrit.

1462 265 1554 310 497

1473 381 1557 431 390

847 266 946 304 ΠΒ.
977 264 1089 304 VIII.

113 441 216 484 Non
238 458 357 485 secus
378 457 503 499 atque
525 446 634 495 olim,
657 447 815 487 tonitru
836 461 963 500 quum
985 453 1109 498 rupta
1130 457 1302 485 corusco

110 498 242 554 Ignea
261 502 362 542 rima
385 503 538 543 micans
559 504 766 557 percurrit
786 503 938 544 lumine
960 503 1135 543 nimbos.

112 556 252 597 Sensit
270 557 367 599 laeta
387 558 506 608 dolis,
528 568 571 601 et
590 559 734 601 formae
753 561 932 608 conscia,
953 560 1121 613 conjux.

109 612 224 653 Tum
243 622 364 668 pater
383 625 540 658 aeterno
561 616 672 657 fatur
691 617 908 658 devinctus
929 630 1068 657 amore
1085 630 1096 655 ι

109 668 228 716 Quid
248 685 395 712 causas
415 674 524 727 petis
545 688 599 714 ex
619 673 735 715 alto?
764 674 921 714 fiducia
937 673 1064 714 cessit

109 726 209 772 Quo
230 728 317 777 tibi,
339 730 446 779 diva,
467 730 548 771 mei
568 732 584 771 2
616 729 768 771 Similis
789 731 823 770 si
843 744 944 771 cura
963 729 1122 778 fuisset,

105 782 220 824 Tum
240 800 409 840 quoque
429 786 490 826 fas
507 787 628 826 nobis
645 786 837 827 Teucros
857 800 1018 828 armare
1037 785 1184 826 fuisset
1204 800 1213 835 ;

106 840 203 882 Nec
222 849 344 896 pater
364 843 627 896 omnipotens
648 842 839 897 Trojam,
860 857 937 883 nec
958 842 1043 882 fata
1063 843 1261 883 vetabant

106 897 241 947 Stare,
263 899 493 952 decemque
513 898 615 939 alios
638 898 851 939 Priamum
872 912 1091 952 superesse
1112 913 1189 952 per
1208 909 1351 937 annos,

105 953 166 994 Et
186 969 311 1004 nunc,
333 956 366 995 si
385 954 541 996 bellare
562 970 699 1009 paras,
720 963 847 1009 atque
868 955 960 995 haec
981 955 1058 995 tibi
1078 969 1194 995 mens
1214 960 1277 994 est
1295 967 1303 991 z

1466 947 1550 989 400

105 1011 326 1065 Quidquid
349 1013 390 1052 in
412 1019 501 1052 arte
525 1027 618 1052 mea
637 1027 809 1066 possum
829 1013 1072 1066 promittere
1093 1025 1219 1058 curae,

103 1068 235 1115 Quod
254 1068 347 1109 fieri
367 1069 479 1109 ferro
498 1068 710 1122 liquidove
731 1076 871 1123 potest
891 1068 1059 1116 electro,

103 1125 322 1171 Quantum
340 1127 457 1179 ignes
477 1127 708 1178 animaeque
729 1125 891 1174 valent3
924 1126 1079 1165 absiste
1099 1121 1311 1178 precando

101 1181 278 1222 Viribus
298 1183 536 1222 indubitare
559 1182 654 1221 tuis.

715 1180 782 1221 Ea
801 1183 930 1222 verba
949 1181 1115 1222 locutus

102 1237 286 1291 Optatos
308 1239 426 1279 dedit
445 1237 663 1292 amplexus
684 1237 982 1291 placidumque
1003 1237 1151 1291 petivit

1466 1231 1548 1269 405

100 1294 303 1350 Conjugis
322 1294 483 1335 infusus
502 1295 661 1349 gremio
683 1309 759 1348 per
779 1295 966 1335 membra
987 1307 1192 1347 soporem.

155 1351 274 1402 Inde,
295 1352 369 1393 ubi
389 1352 525 1406 prima
544 1352 661 1404 quies
682 1351 821 1392 medio
835 1351 923 1404 jam
944 1352 1077 1392 noctis
1097 1351 1258 1392 abactae

96 1524 155 1553 390
168 1523 307 1561 labefacta
320 1531 374 1560 per
387 1532 464 1556 ossa,
489 1522 519 1550 in
538 1522 645 1560 quibus
662 1520 803 1555 meduna,

96 1562 267 1601 liquefacta,
289 1561 387 1591 soluta
407 1564 464 1589 est.
506 1561 685 1589 Luci-etiaim
701 1560 802 1588 dictio.

98 1601 228 1640 Proprie
241 1610 319 1629 mens
332 1609 442 1633 amore,
456 1599 507 1636 qui
520 1599 682 1632 restiterat,
694 1598 803 1636 impul-

97 1649 142 1674 sa,
158 1640 308 1678 perculsa,
326 1639 415 1673 victa,
436 1637 560 1674 labefieri
581 1637 713 1666 dicitur:
735 1647 802 1674 sup.

94 1679 217 1713 IV,395
227 1687 384 1716 maynoqnc
395 1677 521 1705 animum
532 1676 688 1713 labefactus
696 1686 800 1706 (onore.

95 1718 174 1752 Jam,
191 1728 258 1746 cum
278 1716 422 1745 labefacta
444 1715 609 1748 solvantur,
629 1718 726 1748 ruant,
750 1724 798 1742 ca-

95 1757 179 1790 dant,
202 1757 242 1785 cf.
264 1756 388 1784 Luci-et.
408 1755 474 1788 III,
495 1755 562 1782 599.
576 1754 644 1782 600.
661 1754 739 1789 (5013
769 1753 798 1787 I,

94 1796 165 1824 529.
188 1796 256 1824 530.
278 1795 346 1827 5:31,
369 1803 565 1831 synonymum
590 1791 720 1820 habitum
743 1801 798 1829 pro

95 1834 224 1868 solutus,
240 1833 397 1867 difilucns3
418 1831 518 1869 itaque
531 1832 631 1864 etiam,
655 1831 716 1868 igni
730 1840 796 1868 quae

93 1872 302 1901 dissolvuntur
312 1875 343 1899 et
354 1870 535 1908 liquescunt,
557 1868 736 1898 labefactari
750 1868 795 1896 di-

94 1915 202 1940 cuntur
220 1910 382 1945 Lucretio;
411 1909 469 1944 IV,
492 1910 559 1937 701.
581 1908 609 1942 1,
630 1908 797 1936 493.-39:3

93 1950 160 1978 lOEfa
179 1949 263 1979 dolis.
304 1949 362 1977 Est
384 1957 454 1977 sane
477 1952 699 1983 δολοφρονέουσα
720 1946 759 1974 Il.
773 1950 798 1979 ξ,

94 1990 162 2023 329,
191 1989 244 2018 sed
268 1990 382 2020 ornate,
406 1986 477 2014 laeta
511 1995 655 2015 successu
681 1984 743 2013 doli
769 1989 800 2013 et

93 2027 208 2056 fraudis
223 2037 297 2056 suae.
338 2025 387 2054 Sic
409 2025 467 2059 IV,
489 2026 560 2054 128:
582 2024 704 2062 risitque
725 2023 800 2051 dolis

96 2066 239 2104 Cytherea
252 2064 385 2104 repertis.
426 2063 476 2092 Sic
497 2067 527 2092 et
541 2064 651 2100 sormce
672 2062 796 2095 conscia,

95 2105 226 2134 sentiens
246 2104 309 2137 illa,
331 2112 419 2141 quam
442 2103 502 2131 vim
521 2106 665 2131 venustas
687 2112 739 2130 sua
761 2102 796 2129 ad

95 2143 195 2172 mariti
209 2143 337 2172 animum
350 2140 426 2170 nuiic
440 2141 560 2170 habeat.

134 2183 193 2211 394
222 2186 464 2210 ‹eterno—amore
490 2180 643 2219 potentius
671 2179 797 2208 verbum

93 2231 194 2260 quam,
208 2220 340 2257 antiquo,
355 2219 493 2257 pristino.
533 2219 661 2248 Praeivit
673 2219 798 2246 Lucret.

94 2260 122 2293 l,
140 2261 177 2289 35
188 2268 196 2284 ε
216 2263 323 2287 «eterno
339 2257 484 2286 devinctus
502 2258 616 2286 vnlnere
636 2257 794 2285 amm-ix.—

92 2300 149 2327 395
171 2298 254 2335 Quid
267 2301 328 2325 tam
347 2296 434 2334 longe
449 2296 485 2326 (N
493 2296 597 2327 onius:
618 2306 657 2325 ex
671 2299 793 2323 vetusto

92 2341 122 2366 et
137 2336 271 2375 antiquo)
286 2334 397 2372 repetis
416 2339 598 2372 argumenta,
622 2334 731 2373 quibus
746 2343 793 2361 me

92 2376 237 2404 moveas?
276 2374 370 2403 Aiunt
387 2373 503 2401 Attium
523 2374 553 2402 in
570 2374 729 2402 Armorum
742 2372 794 2410 ju-

93 2415 167 2443 dicio
182 2418 247 2443 ante
260 2412 361 2441 oculos
372 2411 482 2440 fuisse:
506 2411 567 2440 Cur
580 2417 673 2441 cetera
687 2416 745 2439 tam
761 2420 795 2438 ex

72 2480 77 2484 ,
91 2453 151 2482 alto
164 2464 182 2482 a
191 2451 317 2496 ›petissz's
329 2450 458 2484 dissidia,
471 2450 795 2488 Ayame1nn0n?-396.

92 2493 150 2521 397
185 2491 280 2520 'mritis
291 2489 318 2518 si
329 2499 400 2518 ειιιίι
411 2489 530 2525 fnisset,
542 2489 569 2517 si
582 2490 640 2518 tale
653 2490 725 2527 quid
739 2499 791 2518 cu-

92 2540 204 2564 rasses,
225 2529 386 2561 voluisses,
413 2528 437 2556 si
464 2527 520 2555 tibi
548 2528 633 2556 cordi
660 2528 790 2564 fuisset3

92 2569 183 2598 etiam
203 2572 266 2597 tum
288 2568 353 2596 fieri
376 2567 538 2604 potuisset,
559 2569 591 2594 ut
608 2567 743 2600 Teucris,
762 2568 792 2596 h.

92 2607 197 2638 AEneae
221 2607 270 2636 vel
292 2605 410 2640 Paridi,
434 2614 515 2634 arina
537 2607 792 2641 pararem-398.

91 2648 151 2675 399
175 2645 299 2674 Scilicet
318 2645 379 2673 fata
402 2643 553 2673 immutari
575 2652 631 2671 non
652 2649 791 2681 possunt,

92 2685 206 2714 differri
228 2688 369 2723 possunt:
391 2693 483 2721 supra
504 2682 581 2715 VII,
601 2683 674 2710 313:
723 2683 793 2712 Non

91 2723 206 2754 dabitur
224 2723 331 2762 reynis,
350 2726 421 2759 esto,
435 2721 588 2762 prohibere
601 2720 794 2758 Latinis‚At‹

844 1532 898 1560 quc
920 1522 1041 1550 immota
1063 1526 1162 1550 munet
1183 1522 1252 1551 fatis
1282 1520 1406 1550 Lavinia
1433 1520 1546 1558 conjnx,

843 1561 888 1588 At
902 1561 1018 1589 trahere
1032 1565 1120 1598 atque
1134 1570 1232 1589 moras
1247 1560 1336 1589 tantis
1347 1560 1419 1588 licet
1433 1560 1545 1588 addere

842 1599 936 1627 rebus.
964 1599 1088 1628 Servius
1104 1599 1252 1628 notionem
1267 1599 1340 1627 hanc
1354 1599 1390 1627 ab
1406 1598 1544 1627 Etruscis

842 1638 969 1675 repeti&
1001 1638 1152 1666 enimvero
1180 1638 1314 1666 Homero
1346 1642 1376 1666 et
1401 1637 1468 1665 aliis
1494 1637 1545 1665 illa

840 1686 896 1704 non
930 1676 1028 1705 minus
1060 1681 1107 1705 est
1143 1677 1543 1714 frequentata.—401--103

841 1714 987 1753 Quicquid
1004 1724 1091 1749 curce,
1120 1724 1222 1753 opera:
1244 1725 1299 1752 per
1322 1720 1417 1744 artem
1445 1723 1543 1743 meam

838 1763 961 1791 possum
983 1754 1350 1792 promimeres—quantum
1375 1754 1456 1790 iqnes
1479 1753 1543 1780 ‹mi-

837 1803 945 1831 nneque
966 1792 1078 1820 valent:
1108 1803 1151 1820 sc.
1171 1793 1327 1829 promitto.
1375 1792 1445 1821 Hoc
1469 1792 1543 1820 latet

839 1830 869 1858 in
884 1831 985 1860 verbis
1008 1830 1113 1859 absiste
1129 1831 1275 1868 precando
1297 1831 1406 1859 viribus
1430 1830 1541 1859 indubi—

838 1874 901 1898 tare
924 1870 991 1903 tuis,
1014 1880 1067 1907 pro
1091 1869 1232 1907 simplici,
1252 1869 1356 1897 absiste
1375 1868 1541 1907 precari.—

835 1909 895 1936 402
915 1908 1048 1937 electrum
1068 1908 1195 1936 Homeri
1216 1908 1356 1945 exemplo
1377 1909 1437 1936 Od.
1457 1913 1482 1941 ὁ,
1503 1909 1542 1936 73

838 1947 926 1976 docte
948 1947 1064 1985 posuit,
1092 1946 1275 1985 exquisitius
1304 1946 1419 1975 metalli
1437 1956 1542 1985 genus,

838 1990 918 2014 certa
932 1986 1069 2024 portione
1086 1984 1199 2023 argenti
1214 1994 1286 2013 auro
1302 1985 1448 2018 admixta,
1460 1987 1542 2023 quod

838 2024 927 2052 etiam
944 2029 1007 2053 arte
1021 2024 1091 2062 fingi
1104 2027 1214 2062 potest.
1224 2034 1254 2051 v.
1269 2024 1351 2052 Plin.
1361 2023 1539 2059 XXXIII,

837 2064 855 2091 4
873 2072 897 2091 s-
912 2064 959 2091 23.
975 2064 1053 2091 conf.
1067 2063 1251 2091 Seru—403
1273 2062 1351 2098 igynes
1371 2063 1541 2101 animaeque,

836 2105 943 2130 ventus
957 2102 1028 2130 ssatu
1041 2111 1095 2129 suo
1107 2101 1254 2129 flammam
1265 2100 1345 2128 alens
1360 2110 1541 2139 augensque.

837 2140 980 2171 Servius:
996 2140 1132 2177 spiritus,
1143 2149 1201 2177 quo
1211 2139 1334 2167 fabriles
1345 2138 1439 2167 inflari
1453 2140 1540 2168 folles

837 2179 946 2208 solent.
972 2180 1193 2217 Spiramentum
1216 2177 1352 2214 explicat
1373 2178 1540 2206 Macrob.I

837 2218 887 2246 So.
902 2218 950 2246 Sc.
965 2228 991 2246 c.
1008 2219 1045 2246 14
1060 2218 1207 2245 unffi-405.
1219 2217 1278 2245 406
1291 2215 1380 2253 fimcli
1398 2221 1538 2251 κεχύσθω,

834 2256 984 2290 dicuntur,
1013 2256 1064 2294 qui
1090 2256 1289 2294 procubuere,
1313 2256 1425 2291 jacent,
1452 2265 1538 2284 recu-

833 2296 1008 2332 bant.fusus
1019 2304 1071 2333 per
1085 2294 1210 2322 herbam.
1224 2293 1267 2321 ita
1279 2302 1356 2321 nunc
1370 2298 1402 2322 et
1413 2295 1537 2332 infusus,

834 2338 866 2362 nt
882 2334 1026 2362 incubans
1049 2343 1104 2370 pro
1126 2333 1249 2365 cubans,
1263 2332 1419 2360 recubans.
1460 2334 1538 2362 Tum

834 2373 989 2401 Vulcanus
1022 2372 1126 2410 petivit
1155 2370 1298 2409 placidum
1325 2380 1452 2408 soporem
1481 2382 1538 2409 per

833 2412 967 2446 membra,
981 2413 1031 2450 qui
1047 2420 1102 2448 per
1118 2410 1251 2438 membra
1271 2407 1396 2438 diditur.
1436 2410 1487 2438 Sic
1507 2414 1538 2439 et

835 2461 903 2488 sup.
938 2461 968 2479 v.
1002 2451 1061 2478 30:
1094 2459 1188 2477 seram
1221 2447 1296 2475 dedit
1325 2458 1381 2486 per
1410 2449 1537 2478 membru

830 2490 964 2528 quietem.

869 2529 926 2557 407
943 2528 991 2555 ubi
1009 2526 1106 2564 prima
1118 2524 1385 2564 quies—expulerat
1397 2536 1535 2559 somnum,

832 2570 866 2594 ut
880 2566 939 2594 cibi
963 2566 1084 2594 satietas
1107 2563 1232 2602 expellit
1254 2564 1373 2597 famem,
1397 2564 1440 2592 sic
1461 2574 1536 2592 nuno

830 2615 904 2633 usus
912 2604 1020 2643 quietis
1028 2612 1175 2637 somnum,
1184 2602 1408 2631 somnolentiam
1421 2613 1428 2638 3
1443 2607 1462 2619 “
1473 2602 1536 2635 ubi,

832 2653 848 2672 a
868 2643 965 2681 prima
989 2641 1089 2680 quiete
1118 2641 1263 2679 evigilans
1289 2641 1372 2669 circa
1406 2641 1535 2670 mediam

831 2686 963 2715 noctem,
989 2680 1085 2709 sensit
1102 2690 1228 2714 omnem,
1253 2679 1360 2708 iteruin
1381 2679 1534 2708 obdormi-

834 2720 946 2756 scendi,
961 2718 1156 2758 cupiditatem
1173 2719 1348 2756 expulsam:
1369 2717 1506 2748 alacriter
1519 2726 1535 2746 e

1196 2759 1265 2800 3s
