1796 3077
139 283 234 328 512
304 279 347 319 P.
379 279 612 318 VIRGILII
643 277 898 316 MARONIS
930 277 1199 316 AENEIDOS.
1230 279 1330 317 LIB.
1363 277 1477 317 VIII.

134 400 183 442 F
172 408 360 450 mzerqt
391 401 491 455 Eup
494 399 546 440 h1
549 406 638 439 ates
658 397 778 438 ibat
762 411 851 451 Jam
871 394 1036 437 mollior
1056 397 1192 446 undis,

135 458 413 512 Extremique
434 457 649 497 hominum
671 454 843 503 Morini,
866 453 1131 508 Rhenusque
1151 455 1359 507 bicorni83

133 514 413 568 Indomitique
437 513 591 561 Dahae,
614 520 656 553 et
676 519 850 566 pontem
870 512 1112 566 indignatus
1133 511 1315 554 Araxes.

131 571 268 621 Talia,
291 586 366 625 per
386 570 566 625 clipeum
587 569 783 618 Vulcani,
804 569 916 609 dona
935 570 1140 623 parentis,

131 628 328 676 Miratur,
349 642 574 682 rerumque
593 628 766 681 ignarus
786 626 966 680 imagine
988 626 1171 680 gaudet3

1505 628 1589 669 730

130 685 343 726 Attollens
364 685 541 726 humero
562 684 800 738 famamque
821 691 865 725 et
884 683 970 724 fata
990 691 1208 738 nepotum.

131 830 210 859 Jano
234 833 363 859 reserato
388 829 469 858 Sect.
490 830 555 859 111.
584 841 611 859 c.
636 832 666 862 5,
695 829 842 859 adversus

130 879 206 907 quos
216 869 395 898 merassas
403 869 515 898 bellum
526 870 629 907 gessit.
639 869 842 906 Meliorejure

129 908 164 936 ad
189 908 301 937 bellum
321 908 396 936 illud
412 909 523 937 reseras
542 908 678 942 Gelonos,
698 918 772 946 quos
788 917 843 945 pro

130 947 225 976 Dacis
240 947 347 975 vicinis
361 947 510 976 nominare
524 949 644 985 potuit:
667 947 724 975 nisi
745 951 841 975 tamen

128 996 183 1024 pro
196 986 376 1018 Thracibus,
403 985 480 1014 ultra
496 997 571 1023 quos
596 987 641 1015 illi
668 986 841 1014 habitabant

131 1026 222 1062 (conf.
238 1025 273 1053 ad
289 1025 344 1054 Ge.
361 1025 406 1059 II,
431 1026 520 1061 ll›.)‚
543 1026 618 1054 dicti
635 1029 713 1059 sunt,
737 1025 788 1063 qui
811 1025 840 1052 iu

131 1064 255 1093 Antonii
270 1064 366 1102 copiis
380 1067 474 1092 erant.

168 1104 227 1132 726
243 1102 410 1142 Euphrates
426 1103 485 1130 ibat
497 1102 563 1139 jam
580 1101 693 1130 nullior
712 1102 797 1131 undis
811 1102 840 1130 h.

129 1141 241 1170 leniore
259 1151 354 1175 amne,
369 1145 403 1170 ut
424 1134 570 1170 domitum
590 1151 622 1170 se
645 1151 678 1170 ac
699 1142 843 1179 subjuga-

131 1184 204 1215 tum,
221 1181 250 1210 h.
264 1190 291 1209 e.
311 1181 441 1219 populos
462 1180 577 1208 accolas
599 1180 695 1208 victos
717 1184 747 1208 et
770 1181 842 1208 sub-

125 1219 236 1256 jectos,
258 1219 451 1262 significaret.
492 1219 546 1248 Uti
570 1218 680 1247 mollita
700 1219 843 1247 dicuntur

127 1262 158 1286 et
177 1258 260 1291 alibi,
276 1268 342 1299 quae
363 1257 442 1286 victa
457 1267 491 1285 ac
507 1261 632 1286 contusa
646 1257 842 1293 coercitaque

128 1300 211 1325 sunt.
251 1295 301 1324 sie
316 1296 411 1324 molles
422 1296 523 1329 animi,
534 1295 629 1324 mollia
644 1296 741 1324 corda.
777 1296 839 1324 No-

129 1338 192 1363 tum
218 1339 317 1363 autem
344 1335 388 1363 vel
417 1345 456 1362 ex
486 1335 633 1363 Horatio:
666 1335 840 1373 ilsedumqne

122 1375 233 1410 flumen
253 1373 384 1411 yenlibus
397 1373 524 1401 additum
540 1373 622 1401 victis
641 1374 765 1401 minores
780 1374 840 1401 vol-

129 1422 194 1440 vere
217 1412 354 1440 ιε’·ἰίερ5ι
377 1416 423 1440 ets
418 1413 436 1440 i
461 1413 517 1440 hoe
538 1412 575 1440 ad
598 1411 728 1440 seriores
751 1421 840 1439 annos

128 1454 257 1495 spectat.
299 1451 413 1489 Magno
426 1460 497 1478 vero
513 1450 622 1487 spiritu
638 1449 655 1477 l
659 1460 703 1478 aec
716 1450 797 1478 dicta
811 1455 841 1478 et

128 1490 157 1517 in
174 1491 269 1527 majus
292 1494 379 1518 aucta
395 1488 633 1533 amplificataque
656 1493 734 1518 sunt.
776 1489 840 1517 Ad-

129 1538 235 1556 versus
258 1528 389 1556 Parthos
411 1529 488 1556 enim
507 1528 560 1556 illo
582 1537 656 1556 anno
670 1527 739 1556 nihi]
757 1528 839 1556 aliud

128 1577 181 1596 nec
206 1572 381 1605 susceptum
406 1577 458 1595 nec
483 1572 612 1605 gestum.
636 1570 839 1605 praeterquam

130 1606 211 1643 quod
229 1607 400 1644 Augustus,
417 1606 554 1644 AEgypto
570 1606 598 1634 in
612 1610 794 1643 potestatem
809 1617 839 1644 p.

130 1645 170 1673 R.
183 1645 312 1678 redacta,
325 1645 353 1673 in
368 1645 484 1683 Syriam
497 1655 642 1674 reversus
657 1645 838 1673 Parthorum

127 1684 244 1722 legatos
269 1684 372 1713 audiit.
393 1685 474 1713 conf.
497 1684 552 1713 Ge.
574 1684 621 1715 11.
645 1685 718 1712 170:
747 1684 804 1717 1V,
820 1685 839 1712 f.

130 1724 162 1751 Si
177 1733 250 1751 vero
270 1723 347 1757 hanc,
369 1733 437 1760 quae
461 1727 628 1761 sequuntur
643 1733 673 1751 v.
687 1725 756 1751 726.
770 1724 839 1752 727.

129 1762 198 1795 728,
213 1761 251 1790 nd
265 1762 447 1800 triumphum
464 1762 547 1790 illum
561 1766 645 1790 recte
660 1762 840 1796 referuntur,

131 1800 304 1839 Euphrates
327 1805 357 1830 et
379 1801 496 1830 Araxes
520 1811 587 1830 eum
610 1801 704 1830 Dahis
720 1801 840 1840 poetico

882 839 963 858 more
983 829 1112 868 populos
1130 828 1266 858 Orientis
1282 829 1450 868 designant,
1465 830 1515 867 qui
1530 830 1591 859 An-

882 869 997 897 tonium
1027 869 1146 907 sequuti
1174 872 1269 902 er,ant
1297 868 1409 898 Morini
1437 873 1535 897 autem
1561 873 1592 899 et

883 908 1009 936 Rhenus
1021 907 1203 950 triumphuni
1214 907 1302 945 primi
1315 907 1375 935 diei
1389 907 1591 936 Dalmaticum

883 947 1056 985 respiciunt,
1070 957 1129 984 quo
1144 946 1231 974 etiam
1246 947 1284 974 de
1298 946 1590 979 Morinis.extremae

881 995 941 1014 ora:
966 985 1075 1014 Gallim
1098 985 1234 1022 Belgicae
1254 985 1289 1013 ad
1307 985 1416 1013 fretum
1439 986 1593 1014 Britanni

880 1035 946 1052 cuin
958 1025 1069 1062 populo
1084 1024 1172 1061 (unde
1184 1024 1303 1052 extremi
1315 1024 1455 1052 hominum
1466 1024 1592 1058 Morini,

880 1067 912 1091 ut
933 1063 1027 1091 ultimi
1046 1062 1196 1096 Britanni,
1219 1063 1318 1090 ullium
1331 1063 1488 1100 Hesperia,
1510 1064 1591 1101 apud

881 1101 1068 1136 Horatium),
1083 1106 1112 1130 et
1129 1101 1277 1130 nonnullis
1301 1101 1409 1130 Galliae
1433 1102 1591 1131 Germani-

883 1151 969 1179 aeque
993 1141 1115 1178 populis
1136 1140 1309 1169 rebellionis
1325 1140 1425 1175 sociis,
1440 1141 1469 1170 in
1484 1140 1592 1179 primis

882 1180 991 1208 Suevis
1007 1180 1146 1208 Rhenum
1160 1179 1370 1217 transgressis,
1385 1184 1415 1208 et
1426 1190 1443 1208 a
1455 1180 1490 1209 C.
1504 1180 1591 1208 Cari-

882 1224 949 1246 nate
970 1219 1131 1256 repressis
1154 1218 1369 1256 triumphatum
1387 1218 1462 1255 fuit·
1484 1229 1513 1248 v.
1530 1219 1591 1247 Dio

881 1257 939 1290 LI,
952 1258 1002 1286 21.
1018 1257 1144 1286 Rhenus
1160 1256 1295 1290 bi(·'.,0›71l5·
1311 1257 1436 1285 Vahalis
1460 1262 1491 1286 et
1508 1257 1591 1286 Rhe-

880 1305 947 1330 nus,
960 1299 994 1324 ut
1008 1300 1071 1323 tuin
1086 1296 1207 1339 quidem
1221 1305 1328 1324 cursus
1343 1299 1417 1329 eiat,
1432 1299 1591 1334 antequam

883 1335 1002 1363 Dmsus
1032 1335 1152 1362 tertium
1185 1344 1217 1362 05·
1206 1334 1306 1364 stium.
1337 1334 1361 1362 1
1365 1334 1476 1368 levum,
1512 1335 1593 1378 fossa

881 1374 974 1401 ducta
989 1373 1131 1401 efficeret.
1154 1372 1262 1404 Dahae,
1274 1373 1428 1401 Nomades
1444 1374 1480 1401 ad
1496 1373 1594 1402 orien-

881 1411 940 1439 lale
963 1411 1067 1448 Caspii
1087 1410 1177 1439 maris
1200 1411 1285 1439 littus
1300 1421 1406 1439 versus
1430 1412 1554 1440 Oxum
1547 1423 1593 1440 in-

881 1449 1013 1478 colentes
1030 1449 1107 1478 ultra
1122 1449 1448 1488 Hyrcanos—pontem
1462 1450 1594 1488 indigna-

880 1493 927 1517 eus
938 1489 1073 1517 Araxes:
1096 1488 1167 1516 nihil
1183 1488 1323 1526 ampliuS,
1336 1498 1424 1526 quam
1440 1493 1473 1517 ut
1484 1489 1591 1518 flumen

880 1528 1021 1565 rapidum
1037 1527 1164 1565 ideoque
1181 1527 1281 1565 pontis
1295 1527 1453 1566 impatiens
1464 1528 1593 1564 diceret,

880 1576 974 1604 eoque
983 1567 1050 1605 ipso
1059 1566 1210 1595 feritatem
1218 1566 1386 1595 accolarum
1393 1567 1594 1596 Armenorum

879 1606 1057 1635 declararet.

917 1646 976 1674 729
1004 1644 1088 1674 Talia
1106 1654 1162 1683 per
1182 1644 1312 1688 clipeum.
1334 1644 1434 1673 malim
1456 1645 1590 1683 clipeum,

878 1685 952 1713 (Iona
976 1684 1120 1723 parentis,
1156 1683 1259 1712 matris
1287 1683 1423 1718 Veneris,
1451 1685 1590 1722 jungere,

880 1733 969 1761 quam
980 1723 1051 1752 talia
1068 1723 1142 1751 (Iona
1157 1723 1300 1761 parentis.
1301 1723 1398 1751 -131
1410 1724 1591 1761 famamque,

880 1766 928 1790 κέλ
917 1776 970 1795 ος,
990 1762 1152 1793 illustrium
1175 1763 1324 1791 tactorum
1350 1761 1535 1801 sculpturam
1557 1762 1588 1791 in

879 1801 986 1840 clipeo-
