1796 3077
575 270 846 309 AENEIDOS.

903 271 1002 309 LIB.
1035 271 1083 310 X.
1502 277 1596 322 553

132 389 265 440 Quid,
288 390 378 432 face
401 389 613 445 Trojanos
632 398 724 432 atra
743 392 825 432 vim
845 392 955 434 serre
977 391 1171 433 Latinis?

130 445 247 487 Arva
267 447 402 488 aliena
416 449 524 502 jugo
544 462 748 502 premere,
770 455 898 502 atque
920 449 1139 490 advertere
1159 449 1325 503 praedas
1343 449 1358 489 ’ζ

130 503 265 553 Quid,
287 518 456 546 soceros
476 504 633 558 legere,
656 512 699 545 et
718 506 885 558 gremiis
907 505 1121 546 abducere
1141 508 1317 559 pactas?

126 559 284 601 Pacem
305 575 426 601 orare
446 575 585 608 manu,
606 562 829 614 praefigere
851 562 1066 615 puppibus
1087 563 1231 602 arma?

126 615 199 656 Tu
219 623 341 670 potes
363 617 535 657 AEnean
554 617 747 658 manibus
768 618 1007 658 subducere
1031 617 1223 667 Graium,

125 671 297 726 Proque
318 673 407 714 viro
426 672 622 714 nebulam
643 680 686 714 et
705 681 853 714 ventos
874 674 1106 714 obtendere
1126 674 1295 723 inanes;

125 727 186 768 Et
206 736 327 783 potes
348 730 390 769 in
410 730 587 770 totidem
607 728 783 770 classem
803 737 1048 771 convertere
1071 730 1296 784 Nymphas
1313 746 1323 770 ε

122 784 218 826 Nos
240 785 400 839 aliquid
421 784 607 826 Rutulos
628 793 776 826 contra
788 786 960 839 juvisse,
982 786 1213 827 nefandum
1232 788 1323 827 est?

122 840 286 882 [Encas
306 843 478 895 ignarus
499 842 642 881 abest:
675 842 846 894 ignarus
866 850 909 882 et
927 843 1050 883 absit.

121 896 202 938 Est
224 897 412 951 Paphus,
434 896 700 950 Idaliumque
721 898 808 945 tibi,
831 905 929 938 sunt
949 897 1034 938 alta
1056 898 1243 952 Cythera
1262 913 1271 937 :

120 952 240 999 Quid
260 954 477 1007 gravidam
497 952 618 993 bellis
638 953 787 994 urbem
807 960 851 993 et
870 954 1000 995 corda
1019 969 1170 1008 aspera
1190 956 1358 996 tentas?

120 1009 269 1051 Nosne
290 1010 368 1050 tibi
386 1009 523 1050 fluxas
544 1008 745 1063 Phrygiae
764 1024 832 1050 res
850 1017 1015 1051 vertere
1036 1011 1170 1051 fundo

119 1066 363 1107 Conamur?
395 1065 500 1106 nos?
531 1080 584 1106 an
606 1065 780 1106 miseros
801 1067 874 1119 qui
896 1065 1035 1107 Troas
1055 1066 1232 1108 Achivis

119 1121 323 1177 Objecit?
355 1137 450 1176 quae
470 1136 598 1162 causa
616 1120 709 1170 fuit,
730 1136 985 1176 consurgere
1005 1124 1047 1163 in
1069 1137 1183 1163 arma

1517 1121 1574 1161 90

117 1178 423 1231 Europamque
444 1177 690 1231 Asiamque,
712 1184 756 1218 et
775 1177 940 1218 foedera
960 1178 1120 1220 solvere
1141 1179 1253 1219 furto
1271 1181 1286 1219 ἲ

116 1234 194 1276 Me
215 1235 324 1275 duce
346 1234 592 1274 Dardanius
614 1233 812 1286 Spartam
832 1236 1093 1288 expugnavit
1113 1234 1311 1276 adulter?

114 1290 207 1332 Aut
226 1305 307 1345 ego
328 1290 412 1332 tela
432 1290 547 1338 dedi,
566 1289 702 1330 fovive
724 1288 938 1343 Cupidine
954 1290 1064 1332 bella
1081 1292 1096 1331 ἲ

114 1347 229 1388 Tum
250 1348 392 1388 decuit
411 1346 610 1388 metuisse
631 1346 713 1386 tuis
731 1362 740 1394 3
772 1360 883 1386 nunc
904 1361 997 1387 sera
1017 1346 1199 1400 querelis

113 1403 247 1444 Haud
261 1403 389 1457 justis
410 1402 608 1455 assurgis,
629 1408 671 1442 et
691 1402 808 1442 irrita
820 1402 963 1456 jurgia
976 1404 1129 1456 jactas.

110 1544 220 1568 terram
232 1549 313 1568 snam
328 1539 477 1567 adversus
496 1539 625 1567 advenas
647 1538 730 1575 (lenc
753 1546 819 1565 ver-

109 1578 180 1606 bum
189 1588 199 1605 :
214 1578 379 1611 consistere,
390 1576 534 1613 delegit):
551 1581 663 1611 contra,
674 1577 819 1612 Trojanos

110 1617 241 1645 advenas
253 1616 363 1644 bellum
375 1614 514 1643 intulisse
525 1615 651 1644 Latinis.
676 1616 714 1644 77
730 1613 818 1649 Quid,

110 1663 145 1682 an
158 1655 254 1683 minus
269 1654 425 1692 iudignum
440 1656 486 1681 est
495 1654 506 1681 ¹?
536 1654 697 1690 atraface:
718 1652 747 1681 in
763 1652 819 1680 hoc

107 1696 137 1721 et
151 1702 218 1731 sqq.
237 1695 405 1731 exaggerat
417 1691 565 1720 notionem
580 1691 651 1720 belli
671 1701 727 1729 per
740 1691 815 1720 Tro·

105 1731 193 1768 janos
209 1732 292 1765 moti,
309 1732 380 1760 dum
394 1740 429 1759 ea
444 1730 587 1763 cumulat,
601 1740 669 1767 qum
689 1730 717 1758 iu
734 1728 815 1757 bello

108 1769 173 1797 fieri
189 1769 296 1802 solent,
315 1769 374 1798 etsi
395 1779 412 1797 a
434 1768 572 1804 Trojanis
594 1777 630 1797 ea
656 1768 733 1796 sacta
747 1777 815 1796 esse

108 1808 239 1836 nondum
253 1811 393 1835 constat:
419 1807 488 1835 Non
500 1807 594 1844 magis
609 1807 729 1844 praeilas
743 1815 813 1843 ege-

107 1850 175 1874 rant
198 1846 334 1883 Trojani,
365 1855 454 1883 quam
481 1845 621 1873 incendia
647 1854 701 1881 per
726 1853 814 1882 agros

106 1892 298 1921 sparserant:
321 1884 375 1912 sed
391 1884 428 1912 ad
441 1883 583 1911 invidiam
598 1883 763 1911 faciendam
779 1891 815 1910 ea

106 1922 203 1950 omnia
223 1925 448 1955 commemorat,
463 1931 529 1958 qum
552 1921 617 1950 lieri
639 1920 710 1949 belli
732 1929 814 1948 more

105 1962 334 1998 poterant.—79
346 1960 448 1997 legere,
461 1959 586 1997 eligere,
597 1969 727 1988 sumere.
743 1969 813 1996 pac—

104 2003 151 2026 tas
174 1998 240 2027 aliis
266 2009 310 2027 sc.
336 1997 500 2027 Laviniam.
555 1998 653 2026 Decet
676 1997 812 2034 enallage

104 2036 178 2065 iram
202 2041 233 2066 et
255 2037 346 2065 habet
368 2036 519 2065 vim.—80
541 2036 611 2064 Nou
634 2036 737 2064 eadem
758 2035 812 2063 sed

105 2075 226 2103 diversa
240 2080 287 2104 est
301 2075 458 2103 sententia.
499 2075 549 2103 Ad
563 2074 656 2102 minas
675 2083 691 2102 a
705 2074 811 2110 Troja-

105 2113 150 2141 nis
165 2113 270 2145 factas,
283 2114 416 2142 obtinere
432 2123 463 2141 se
485 2122 574 2150 posse
590 2113 630 2145 vi,
645 2112 726 2149 quod
740 2122 808 2150 pre-

104 2151 192 2179 cibus
217 2161 275 2179 non
303 2151 496 2185 concedatur,
521 2154 640 2189 spectat
666 2151 811 2179 alterum:

100 2190 252 2227 praefiyere
270 2189 411 2227 puppibus
423 2199 518 2218 arma.
558 2189 656 2226 Igitur
679 2189 716 2218 ad
736 2189 810 2217 invi-

105 2227 186 2255 diam
210 2227 344 2256 dessectit
365 2228 407 2260 id,
436 2228 517 2264 quod
543 2237 634 2265 supra
660 2231 809 2255 narratum

105 2266 202 2299 VIII,
218 2267 257 2294 92
276 2266 305 2293 in
320 2264 411 2293 simili
425 2266 530 2294 AEneae
551 2265 656 2294 Tiberi
677 2266 809 2293 adverso

103 2304 308 2341 navigatione:
331 2303 463 2331 Miratur
483 2313 580 2332 nemus
598 2304 809 2340 insuelumful-

101 2342 199 2381 yenlia
215 2342 296 2379 Ionye
306 2341 398 2370 Scuta
409 2342 514 2370 virum.

142 2381 179 2409 81
198 2381 241 2409 Τιι
258 2384 358 2417 potes.-
379 2379 416 2407 ad
432 2379 557 2408 AEneam
574 2380 734 2409 Diomedis
749 2390 809 2408 ma-

104 2418 192 2447 nibus
218 2422 356 2456 ereptum
382 2416 419 2445 Il.
449 2430 473 2451 ε,
499 2419 555 2446 315
582 2428 647 2456 sqq.
673 2423 808 2456 spectat3

105 2457 230 2485 alterum
252 2466 281 2484 v.
301 2457 340 2484 82
362 2455 474 2483 Veneri
493 2455 669 2493 imputatur.
692 2457 771 2494 quod
794 2466 810 2484 a

103 2495 247 2532 Neptuno
262 2495 290 2523 in
306 2495 371 2531 ejus
386 2493 510 2531 gratiam
526 2495 638 2523 sactum
653 2494 692 2522 11.
709 2508 733 2526 υ.
751 2496 807 2523 321

102 2543 168 2571 sqq.
191 2533 230 2561 de
252 2542 332 2561 vers.
356 2533 394 2560 63
421 2532 500 2560 conf.
526 2532 578 2560 lib.
600 2532 638 2564 V,
662 2534 810 2561 sou—‘02

98 2581 213 2609 proque
225 2581 268 2601 eo,
284 2570 417 2608 objicere
432 2570 683 2598 Achilli—ventos
697 2571 808 2604 inanes,

104 2619 217 2642 auram,
244 2610 398 2642 ἠέρα.-83
431 2608 531 2637 Etiam
558 2608 615 2636 hoc
639 2618 694 2652 per
722 2609 810 2637 aliam

103 2647 188 2676 deam
205 2647 316 2675 factum
332 2651 406 2680 erat,
420 2647 473 2675 sed
489 2646 518 2674 in
534 2645 663 2675 Veneris
676 2647 811 2689 gratiam.

105 2685 244 2719 1X‚S2;
263 2684 335 2723 Ipsa
355 2685 439 2713 deum
452 2686 554 2723 fertur
571 2688 702 2722 yenetrzx
715 2689 811 2713 eto.—

99 2724 140 2752 89
159 2723 202 2758 Si,
224 2723 303 2761 quod
324 2722 391 2760 ipsa
404 2722 525 2759 dixisti,
542 2722 596 2752 tibi
616 2725 663 2752 est
678 2722 811 2760 Paphos,

1514 1403 1570 1442 95

860 1546 919 1574 quo
945 1547 1013 1566 eum
1037 1538 1188 1567 abducere
1211 1538 1310 1575 possis
1335 1537 1581 1569 incolumem:--‚

860 1575 931 1612 quid
945 1576 1041 1605 urbem
1053 1577 1164 1610 Latini,
1179 1576 1310 1613 ideoque
1324 1576 1422 1614 ipsum
1436 1576 1567 1610 Latium,

859 1613 940 1641 bello
961 1614 1046 1643 illato
1060 1615 1204 1644 sollicitas
1213 1617 1225 1643 ’ἶ
1246 1618 1364 1651 gentem
1380 1614 1566 1648 bellicosam,

856 1652 1006 1688 yravidam
1030 1652 1110 1681 bellis
1132 1663 1178 1691 sq.
1197 1663 1264 1691 quae
1279 1653 1331 1681 illa
1353 1653 1449 1689 gerit3
1470 1652 1565 1681 multa

858 1689 935 1718 bella
968 1695 1139 1728 gerentem3
1178 1691 1222 1719 sic
1254 1691 1406 1728 yrauitlam
1436 1690 1565 1729 imperiis

856 1728 975 1757 Italiam
993 1729 1111 1758 dixerat
1130 1729 1189 1762 IV,
1203 1730 1283 1764 229;
1304 1729 1332 1757 in
1348 1739 1407 1767 qua
1422 1738 1562 1766 maguum

854 1766 988 1794 futurum
1001 1772 1065 1796 erat
1079 1768 1246 1805 Imperium.
1275 1767 1412 1796 Idalium.
1427 1767 1466 1796 cf.
1479 1776 1563 1795 vers.

853 1806 901 1833 51.
914 1810 944 1833 ct
960 1806 986 1839 1,
999 1807 1055 1834 681
1072 1810 1133 1834 not.

892 1844 931 1871 58
945 1844 1082 1882 Insurgit
1102 1843 1198 1872 oratio
1223 1847 1252 1871 et
1281 1843 1388 1871 acerbe
1412 1842 1440 1871 in
1463 1844 1560 1882 ipsam

855 1881 1005 1910 Venerem
1030 1882 1180 1911 invehitur
1192 1884 1348 1909 2—vertere
1371 1882 1477 1918 fundo,
1504 1892 1560 1920 pro

854 1919 970 1957 vulgari
986 1931 992 1948 ;
1026 1920 1163 1949 funditus
1194 1923 1430 1948 evertere—res
1449 1921 1559 1956 fluxas,

855 1967 908 1986 seu
920 1968 974 1995 per
989 1969 1021 1987 se
1043 1959 1176 1987 infirmas
1195 1959 1394 1995 Trojanorum
1417 1957 1447 1985 in
1474 1959 1559 1987 Latio

852 2006 902 2023 res
928 1997 1075 2034 designat,
1103 1997 1183 2035 quod
1210 2001 1306 2024 tamen
1331 1995 1439 2023 eodem
1467 1997 1560 2030 redit,

851 2043 958 2062 ornans
968 2039 1015 2062 est
1025 2035 1206 2072 epithetum:
1221 2044 1300 2067 uam,
1310 2034 1390 2070 quod
1399 2035 1560 2070 evertitur,

851 2082 937 2100 omne
951 2072 1129 2101 infirmatum
1147 2076 1178 2101 et
1193 2073 1408 2100 labes-actatum
1422 2082 1489 2100 esse
1504 2083 1556 2102 ue-

851 2121 935 2139 cesse
950 2112 1085 2139 est.—S‘.)
1102 2121 1140 2138 cm
1162 2110 1186 2138 is
1205 2110 1255 2147 qui
1268 2109 1405 2138 absolute
1419 2110 1533 2139 dietum
1549 2121 1569 2145 :¹

852 2150 906 2177 sed
921 2149 1174 2186 interpretandum
1191 2149 1229 2176 de
1246 2148 1376 2181 Venere,
1397 2156 1466 2185 quae
1486 2149 1570 2183 belli,

851 2187 973 2224 Trojani
1001 2191 1106 2215 auctor
1130 2187 1188 2214 fuit
1210 2185 1328 2214 Helena
1346 2190 1464 2223 rapta,
1483 2196 1555 2215 mox

850 2227 952 2254 statim
980 2226 1059 2254 redit
1086 2226 1123 2253 ad
1148 2225 1323 2262 proprium:
1352 2224 1381 2251 in
1402 2223 1464 2257 illa,
1492 2235 1558 2263 quae

850 2274 937 2292 causa
953 2263 1015 2300 fuit
1041 2264 1177 2292 εἴα-91
1194 2262 1309 2300 soedera
1329 2262 1438 2291 solvere
1449 2264 1556 2299 sarto,-

852 2306 883 2330 ut
905 2303 1085 2334 solveretur,
1105 2301 1312 2333 dirimeretur,
1337 2309 1409 2337 pax,
1429 2305 1556 2338 pacatus

851 2345 960 2373 status,
975 2341 1053 2369 inter
1066 2341 1212 2377 Trojanos
1233 2342 1265 2366 et
1287 2338 1412 2366 Graecos
1427 2339 1558 2368 abducta

849 2380 953 2407 furtim
962 2378 1212 2415 Helena,surtum
1220 2386 1272 2414 pro
1283 2377 1458 2413 raphu—92
1465 2377 1557 2414 Com-

849 2417 1019 2445 miniscitur
1044 2418 1199 2444 obsessam
1232 2425 1249 2443 a
1276 2414 1386 2443 Paride
1412 2415 1570 2453 Spartam‘

850 2456 992 2484 Servius:
1015 2464 1193 2492 perperam3
1216 2452 1299 2490 gravi
1320 2456 1350 2481 et
1364 2453 1468 2482 odiosa
1482 2463 1555 2483 voce

851 2504 904 2522 usa
919 2498 966 2522 est
984 2494 1041 2521 dea
1056 2491 1229 2530 expuyuauit
1242 2491 1279 2519 ad
1297 2490 1357 2518 vim
1371 2495 1402 2519 et
1415 2491 1555 2520 atrocita-

851 2537 910 2560 tem
926 2536 1030 2569 raptus
1045 2530 1272 2559 declarandam:
1296 2529 1382 2565 quasi
1396 2529 1453 2558 hoc
1472 2530 1555 2559 idem

849 2574 930 2598 esset
954 2569 1133 2599 habendum.
1154 2578 1187 2596 ac
1213 2568 1238 2596 si
1256 2567 1369 2595 bellum
1390 2567 1554 2597 intulisset.

852 2607 908 2636 tela
937 2608 1137 2636 amoma—94
1166 2606 1254 2634 Idem
1284 2604 1367 2633 color
1394 2606 1557 2635 orationis:

855 2646 927 2673 Tum
947 2644 1041 2674 decuit
1060 2655 1146 2683 quum
1165 2649 1278 2682 sceptra
1296 2643 1395 2677 dahas,
1417 2645 1474 2678 IV,
1488 2644 1556 2671 596.

852 2685 920 2712 597.

889 2721 984 2750 97Ad
993 2721 1247 2760 comparationem
1257 2720 1331 2749 hanc
1346 2720 1385 2749 cf.
1395 2720 1451 2752 Ge.
1462 2718 1556 2755 12356

1236 2760 1307 2800 41³
