1796 3077
595 219 864 259 AENEIDOS.
898 219 1001 258 LlB.
1032 219 1128 258 XII.

146 339 235 383 Vix
255 341 434 393 hostem,
463 343 612 387 alterni
631 344 665 386 si
684 344 1019 398 congrediamur,
1040 343 1257 385 habemus.

146 397 223 439 Ille
244 400 416 452 quidem
437 400 492 440 ad
513 415 700 455 superOS,
722 416 901 454 quorum
917 415 962 441 se
983 401 1161 442 devovet
1181 401 1274 449 aris,

145 454 357 496 Succedet
377 456 498 504 fama,
520 457 721 510 vivusque
742 472 818 510 per
837 471 910 497 ora
930 457 1113 497 feretur:

142 509 252 558 Nos,
272 513 410 564 patria
430 513 592 561 amissa,
615 513 794 553 dominis
814 527 965 566 parere
983 513 1181 567 superbis

144 565 370 620 Cogemur,
391 569 463 622 qui
481 583 592 609 nunc
612 568 713 609 lenti
733 569 999 610 consedimus
1020 569 1142 609 arvis.

140 621 320 664 Talibus
341 625 510 665 incensa
530 632 594 666 est
607 626 811 679 juvenum
832 626 1039 666 sententia
1059 625 1182 665 dictis

138 678 237 718 «Jam
257 681 388 733 magis
408 687 535 734 atque
556 682 708 735 magis3
742 682 956 735 serpitque
977 696 1054 735 per
1073 681 1240 735 agmina
1259 695 1468 729 murmur3

140 734 229 788 Ipsi
250 735 486 777 Laurentes
506 738 674 778 mutati:
706 738 871 791 ipsique
894 737 1052 777 Latini.
1507 736 1590 777 240

138 791 227 837 Qui
249 792 329 831 sibi
343 792 431 845 jam
451 793 638 846 requiem
659 808 812 848 pugnae
832 794 1046 846 rebusque
1066 792 1242 834 salutem

137 847 390 901 Sperabant,
412 863 522 889 nunc
543 864 658 889 arma
675 850 832 898 volunt,
852 849 1076 902 foedusque
1095 856 1325 902 precantur

135 901 358 952 Infectam,
379 911 422 944 et
441 904 578 946 Turni
597 912 751 946 sortem
770 906 1021 946 miserantur
1036 906 1235 959 iniquam.

133 958 217 1000 His
238 959 352 1000 aliud
374 962 507 1015 majus
527 961 713 1002 Juturna
733 962 940 1015 adjungit,
959 970 1000 1002 et
1020 961 1104 1002 alto

134 1014 225 1056 Dat
241 1017 405 1070 signum
427 1017 534 1058 coelo
552 1034 561 1065 ;
593 1033 678 1071 quo
698 1032 782 1058 non
797 1018 1047 1072 praesentius
1067 1017 1198 1058 ullum
1504 1016 1588 1057 5245

132 1071 344 1113 Turbavit
364 1081 524 1114 mentes
544 1073 684 1122 Italas,
708 1081 979 1127 monstroque
1002 1073 1161 1114 fefellit.

130 1127 330 1181 Namque
351 1129 493 1169 volans
513 1130 642 1170 rubra
661 1129 798 1170 fulvus
816 1130 934 1170 Jovis
955 1129 1040 1170 ales
1059 1131 1102 1170 in
1122 1130 1257 1172 aethra

130 1183 325 1224 Litoreas
347 1186 535 1237 agitabat
554 1200 651 1225 aves
668 1187 919 1238 turbamque
941 1193 1160 1226 sonantem

128 1239 323 1294 Agminis
345 1240 513 1295 aligeri:
547 1241 686 1281 subito
704 1256 834 1294 quum
854 1241 995 1293 lapsus
1017 1241 1070 1281 ad
1092 1242 1227 1281 undas

127 1295 320 1350 Cycnum
340 1296 614 1338 excellentem
634 1297 815 1350 pedibus
838 1298 947 1350 rapit
962 1297 1179 1351 improbus
1196 1298 1330 1339 uncis.
1499 1302 1583 1342 250

125 1351 342 1393 Arrexere
363 1354 521 1393 animos
542 1352 651 1400 Itali,
679 1360 928 1405 cunctaeque
948 1352 1138 1394 volucres

125 1407 388 1448 Convertunt
407 1408 587 1450 clamore
609 1408 752 1462 fugam
772 1408 976 1461 (mirabile
998 1409 1117 1461 visu),
1375 1461 1378 1463 Β

123 1464 395 1517 AEtheraque
417 1466 644 1506 obscurant
664 1466 825 1518 pennis,
846 1464 1094 1518 hostemque
1116 1479 1194 1518 per
1211 1479 1335 1506 auras

123 1519 256 1560 Facta
277 1523 388 1562 nube
409 1528 628 1574 premunt:
660 1522 795 1561 donec
816 1521 856 1560 vi
876 1520 1024 1569 victus,
1046 1528 1088 1561 et
1108 1521 1200 1574 ipso

121 1575 319 1618 Pondere
341 1577 508 1626 defecit,
534 1577 806 1631 praedamque
827 1591 881 1617 ex
900 1577 1113 1631 unguibus
1135 1576 1220 1618 ales
1493 1583 1578 1623 255

1511 457 1538 496 20

1541 456 1595 497 a

121 1702 232 1736 dirum,
256 1707 376 1738 tetrum,
399 1703 534 1733 exitiale.
576 1704 740 1734 Molestius
769 1707 826 1738 est,
906 1704 964 1732 244
985 1712 1030 1741 sq.
1072 1704 1108 1732 In
1125 1704 1170 1732 his
1185 1703 1343 1733 manifesta
1354 1706 1485 1744 vestigia
1509 1708 1575 1738 Ho-

124 1742 149 1769 si
176 1742 259 1771 dicas
280 1742 454 1780 respexisse
476 1743 530 1771 lib.
554 1743 650 1776 vul,
670 1744 739 1771 497.
761 1752 828 1780 sqq.

121 1784 173 1808 aut
195 1790 262 1808 esse
286 1781 355 1808 fatis
386 1781 531 1815 debitum,
565 1785 598 1808 ut
616 1781 694 1818 fatis
718 1780 829 1809 debitus

122 1819 240 1847 Arruns
265 1822 326 1847 erat
353 1818 415 1853 XI,
448 1820 517 1848 759.
556 1819 677 1856 Inseusa
705 1822 830 1857 propter

123 1861 279 1894 receptum
310 1867 326 1884 a
355 1857 454 1885 Turno
487 1858 606 1895 hospite
642 1858 829 1886 Mezentium

121 1894 196 1923 ibid.
218 1905 246 1923 v.
266 1896 324 1923 492
347 1896 510 1933 sqq.—233
542 1895 597 1925 Vix
616 1896 739 1924 hostem:
761 1896 829 1923 bre-

100 1932 199 1964 ,viter
223 1933 376 1970 exposuit,
402 1933 482 1970 quod
513 1934 665 1963 Homerus
692 1938 826 1962 ornatum

119 1970 247 2000 dederat
270 1971 310 1999 ll.
331 1976 362 2007 β,
388 1972 444 2000 123
469 1973 612 2010 sq.-—·2:34
627 1972 765 2009 Augusta
786 1971 828 1999 rei

120 2009 255 2046 species:
277 2019 407 2048 superos,
423 2020 543 2047 quorum
560 2020 591 2039 se
611 2010 725 2039 devovet
744 2009 826 2037 aris.-

121 2047 272 2076 sententia
287 2052 385 2076 tamen
408 2048 575 2077 obscurior.
616 2048 692 2076 Aris
709 2048 826 2076 deorum

120 2085 244 2123 proprie
269 2095 299 2114 se
330 2087 464 2115 devovere
493 2086 606 2114 dicitur
631 2087 668 2120 is,
698 2086 749 2123 qui
777 2089 828 2114 aut

123 2124 220 2152 sacris
233 2125 384 2158 curandis,
397 2125 523 2162 ideoque
539 2124 707 2153 sacerdotio
723 2134 827 2152 conse-

121 2165 233 2196 cratur,
254 2166 306 2191 aut
328 2162 422 2190 saeris
448 2163 628 2200 templisque
650 2163 770 2191 tuendis
796 2171 827 2191 se

120 2204 278 2227 consecrat
302 2210 335 2229 ac
349 2200 500 2236 devovet3
522 2206 556 2230 ut
578 2201 642 2235 XI,
666 2202 734 2229 440.
750 2200 828 2229 vobis

117 2237 244 2265 animam
267 2237 339 2266 hauc
365 2248 519 2277 soceroque
543 2239 651 2268 Latino
676 2239 820 2273 Dwoveo,

119 2275 208 2304 vobis
243 2276 375 2311 tuendis,
404 2276 534 2315 ideoque
563 2287 618 2314 pro
647 2277 743 2311 vobis,
767 2287 821 2315 pro

120 2318 225 2342 vestra
238 2314 345 2343 salute.
384 2314 535 2344 Neutrum
549 2315 596 2344 hic
609 2315 708 2344 locum
721 2316 822 2344 habet.

120 2352 262 2380 Devovet
283 2352 335 2381 ille
357 2362 401 2386 se,
424 2353 517 2382 vitam
539 2363 635 2387 suam,
657 2354 746 2382 morti
767 2363 822 2391 pro

121 2390 248 2424 Latinis,
263 2391 324 2418 aris
336 2390 463 2425 deorum,
478 2392 508 2420 in
523 2393 593 2426 aris,
608 2392 636 2421 11.
649 2402 676 2420 e.
690 2392 728 2420 ad
743 2401 821 2425 aras,

116 2428 230 2457 foedere
255 2428 333 2457 facto
357 2436 424 2457 aute
439 2439 504 2458 aras
517 2441 522 2457 :
545 2440 577 2459 re
592 2430 671 2458 omni
683 2430 712 2458 in
726 2432 822 2468 majus

117 2468 314 2495 aucta.--⁶235
338 2466 472 2505 vivusque
489 2478 544 2505 per
565 2478 618 2496 ora
634 2470 764 2506 feretur,
784 2469 822 2496 ad

117 2508 219 2533 notum
242 2505 317 2534 illud
342 2505 530 2534 Ennianum:
563 2506 649 2534 volito
672 2506 752 2534 vivus
767 2517 823 2545 per

118 2552 173 2571 ora
186 2543 280 2571 virum
291 2553 300 2571 .·
321 2543 433 2572 feretur
442 2544 639 2578 sermonibus,
652 2545 740 2573 etiam
755 2549 825 2583 post

117 2584 245 2610 mortem
260 2582 523 2620 superstes.--238
528 2582 665 2620 juvenum
673 2584 824 2616 sententia.

119 2622 154 2647 ut
181 2622 285 2654 γνώμη,
314 2628 370 2659 pro
398 2619 602 2650 animm—241
642 2621 825 2660 Comparant

119 2656 223 2696 Intpp.
235 2657 326 2689 Iliad.
340 2662 371 2695 β,
385 2658 460 2688 453:
483 2672 509 2693 7„
523 2659 590 2688 112.

868 1742 973 1770 merici
987 1742 1118 1780 prodigii
1145 1742 1180 1770 [1.
1200 1756 1230 1775 μ,
1252 1744 1311 1770 200
1330 1753 1396 1781 sqq.
1422 1746 1501 1782 quod
1518 1757 1574 1775 ex-

868 1790 1005 1817 pressum
1026 1784 1072 1808 est
1094 1791 1110 1808 a
1132 1780 1277 1809 Cicerone
1299 1781 1326 1809 in
1350 1782 1467 1812 Mario:
1488 1794 1518 1811 v.
1535 1785 1573 1813 de

870 1819 943 1846 Div.
964 1819 992 1851 Ι,
1020 1819 1068 1847 47.
1090 1823 1120 1847 et
1146 1822 1171 1851 θ,
1195 1820 1250 1847 247
1281 1829 1347 1857 sqq.
1380 1830 1448 1849 cum
1477 1822 1572 1851 altero

869 1857 986 1893 Odyss.
1001 1870 1026 1889 ο,
1057 1858 1121 1890 160,
1147 1861 1180 1885 ut
1199 1860 1296 1885 tamen
1319 1860 1574 1889 accommodatum

869 1895 944 1923 illud
975 1895 1014 1922 sit
1041 1895 1078 1923 ad
1105 1898 1242 1923 eventum
1271 1900 1572 1931 praesentem—245

862 1933 1046 1970 Ρναῖερηίἱιιε,
1064 1933 1227 1961 efficacius.
1268 1934 1408 1972 Intellige
1422 1940 1572 1965 ostentum

867 1972 992 2005 clarum,
1009 1971 1209 2004 manifestum,
1234 1973 1353 2006 ἐναργὲς,
1374 1982 1432 2010 quo
1450 1974 1573 2004 deorum

867 2009 1005 2037 voluntas
1027 2013 1085 2037 tau]
1102 2009 1259 2037 manifesta
1275 2010 1320 2045 fit,
1341 2014 1374 2038 ut
1387 2011 1518 2040 dubitari
1534 2013 1574 2042 de

867 2057 902 2075 ea
922 2048 1156 2084 nequeat.—2-16
1181 2047 1308 2075 turbavit
1338 2053 1443 2077 mentes
1469 2050 1574 2080 Italus.

867 2085 980 2113 Ornate
996 2085 1150 2122 expressit
1163 2086 1262 2122 poeta,
1287 2087 1368 2123 quod
1383 2087 1474 2125 vulgo
1496 2089 1573 2117 dici-

866 2133 949 2151 mus:
973 2123 1104 2159 signum,
1129 2132 1188 2160 quo
1214 2123 1327 2151 nullum
1355 2124 1436 2152 aliud
1461 2125 1572 2155 clarius

867 2161 955 2190 Italis
975 2160 1011 2189 h.
1024 2160 1135 2189 Latinis
1148 2161 1242 2189 visum
1258 2166 1337 2189 erat:
1359 2172 1412 2191 seu
1442 2163 1572 2194 clarissi-

867 2209 959 2232 mum,
984 2200 1062 2236 quod
1085 2209 1212 2236 unquam
1234 2199 1388 2227 vidissent.
1430 2200 1496 2230 Nec
1508 2212 1571 2231 eul-

861 2238 965 2276 phasis
976 2238 1136 2274 quaerenda
1151 2242 1197 2265 est
1209 2238 1237 2265 in
1255 2242 1358 2265 mentes
1372 2237 1476 2267 Italas.
1493 2250 1573 2268 mou-

862 2281 944 2309 stro,¹
970 2276 998 2303 li.
1023 2275 1042 2303 l.
1064 2280 1192 2308 ostento,
1217 2275 1343 2313 augurio
1366 2276 1570 2313 ipso.-—-24S

863 2314 962 2342 Fuere
984 2313 1082 2351 cygni,
1105 2317 1138 2341 ut
1152 2323 1189 2341 ex
1206 2323 1272 2351 sqq.
1293 2318 1394 2351 patet:
1415 2314 1469 2343 hos
1481 2326 1570 2353 quam

863 2356 965 2381 ornate
980 2351 1164 2389 designavit!
1187 2351 1296 2380 litoreae²
1308 2361 1385 2385 aves,
1401 2362 1456 2390 pro
1472 2353 1571 2383 flumi-

863 2391 938 2424 neis,
953 2390 1150 2427 palustribus.
1171 2390 1317 2427 improbus
1329 2390 1392 2418 11.1.
1413 2391 1523 2420 audax.
1541 2402 1570 2420 v.

864 2429 929 2462 XI,
954 2429 1010 2457 767
1035 2432 1065 2456 et
1089 2428 1226 2456 sih—252
1246 2428 1423 2457 convertunt
1447 2428 1570 2459 clamore

854 2469 979 2505 suyam:
1010 2466 1135 2495 redeunt
1155 2476 1221 2494 cum
1243 2466 1381 2501 clamore,
1409 2466 1450 2495 ait
1471 2468 1571 2502 Serv„

862 2505 942 2543 quod
964 2505 992 2532 in
1013 2504 1151 2532 exercitu
1163 2503 1226 2533 fieri
1245 2503 1332 2532 solet.
1371 2504 1500 2542 Accepit
1514 2507 1569 2534 ita-

864 2553 922 2582 que
948 2542 1050 2581 fugam
1074 2542 1111 2570 de
1140 2541 1289 2580 dispersis
1307 2542 1416 2581 aquilae
1441 2544 1570 2572 adventu

864 2581 984 2619 cygnis,
1007 2585 1039 2609 ut
1053 2581 1092 2608 sit
1105 2590 1178 2618 pro:
1199 2584 1377 2609 convertunt
1399 2591 1431 2609 se
1451 2591 1467 2609 a
1488 2582 1568 2619 fuga.

864 2618 1004 2648 Penitns:
1032 2619 1062 2648 in
1083 2618 1224 2648 interiora
1250 2619 1383 2648 nubium.
1434 2619 1512 2647 vide
1539 2629 1572 2649 v.

1100 2709 1116 2741 l
