1796 3077
542 203 830 242 BUCOLICA.

879 205 992 244 ECL.
1025 206 1074 243 v.
1521 215 1584 260 35

127 323 189 366 Et
206 323 336 366 multo
351 325 394 366 in
408 324 551 379 primis
569 324 750 368 hilarans
767 327 954 368 convivia
971 326 1157 377 Baccho,

126 380 241 423 Ante
259 381 410 432 focum,
429 382 463 423 si
482 382 614 438 frigus
632 384 723 433 erit,
742 385 775 424 si
790 386 947 434 messis,
963 385 1005 425 in
1027 386 1189 434 umbra,

1530 386 1584 426 70

128 438 240 479 Vina
258 454 412 481 novum
432 439 606 481 fundam
621 440 796 481 calathis
813 441 984 482 Ariusia
999 450 1158 483 nectar.

129 495 372 537 Cantabunt
387 496 488 537 mihi
510 497 730 537 Damoetas
748 505 790 538 et
810 498 985 552 Lyctius
1011 499 1185 552 AEgon3

126 552 336 594 Saltantes
359 553 532 607 Satyros
548 554 778 596 imitabitur
814 554 1134 609 Alphesiboeus.

126 609 234 651 Haec
251 611 327 651 tibi
343 625 507 665 semper
526 619 660 660 erunt,
682 618 724 652 et
744 626 873 665 quum
890 611 1103 652 sollemnia
1122 619 1220 653 vota

124 665 375 708 Reddemus
394 667 619 722 Nymphis,
638 675 681 708 et
696 683 825 722 quum
842 668 1109 710 lustrabimus
1130 684 1267 723 agros.

1557 669 1582 708 ει

126 722 243 764 Dum
257 725 363 778 juga
379 725 530 765 montis
547 739 662 779 aper,
680 724 829 765 fluvios
850 726 951 766 dum
970 727 1096 780 piscis
1117 726 1286 775 amabit,

125 780 327 834 Dumque
344 781 488 834 thymo
508 788 736 835 pascentur
755 797 869 835 apes,
888 783 988 822 dum
1008 797 1102 823 rore
1120 782 1290 831 cicadae,

122 837 302 891 Semper
316 837 450 878 honos
467 852 703 891 nomenque
719 845 839 878 tuum
857 837 1088 892 laudesque
1109 839 1352 879 manebunt.

124 894 186 935 Ut
202 893 375 936 Baccho
394 895 635 949 Cererique,
652 894 730 935 tibi
745 896 803 936 sic
820 902 917 936 vota
937 903 1041 949 quot
1056 896 1173 936 annis

121 949 336 1006 Agricolae
353 950 507 993 facient
523 969 532 1001 3
564 951 783 992 damnabis
800 959 845 992 tu
867 967 1035 1006 quoque
1052 953 1174 993 votis.

1526 953 1582 994 80

180 1008 301 1049 Mon
333 1007 445 1055 Quae
464 1009 552 1057 tibi,
574 1022 669 1062 quae
690 1008 762 1049 tali
779 1009 954 1050 reddam
973 1024 1051 1063 pro
1071 1010 1254 1050 carmine
1270 1008 1411 1050 dona?

122 1065 238 1106 Nam
257 1080 394 1119 neque
410 1079 477 1106 me
497 1072 660 1106 tantum
679 1066 880 1106 venientis
902 1065 1046 1107 sibilus
1062 1066 1223 1114 Austri,

122 1121 218 1163 Nec
238 1137 438 1177 percussa
450 1123 601 1177 juvant
617 1122 749 1163 fluctu
769 1130 854 1164 tam
869 1122 1003 1172 litora,
1022 1138 1098 1164 nec
1118 1138 1214 1177 quae

121 1179 305 1220 Saxosas
324 1180 433 1220 inter
453 1180 686 1220 decurrunt
702 1179 873 1220 flumina
892 1179 1033 1220 valles.

177 1235 306 1277 ΜΕΝ.
340 1236 436 1278 Hac
457 1244 498 1277 te
518 1251 594 1277 nos
610 1235 748 1291 fragili
765 1236 1014 1277 donabimus
1036 1244 1132 1277 ante
1153 1237 1302 1278 cicuta.

121 1292 230 1335 Haec
245 1308 334 1343 nos,
357 1293 605 1334 Formosum
625 1293 826 1347 Corydon
847 1293 1021 1334 ardebat
1037 1293 1206 1343 Alexin,

120 1349 229 1392 Haec
246 1351 395 1392 eadem
416 1351 572 1400 docuit,
591 1350 746 1405 Cujum
766 1352 924 1405 pecus?
958 1365 1009 1391 an
1027 1350 1221 1392 Meliboei
1239 1353 1255 1392 2

177 1407 299 1449 ΜοΡ.
330 1406 392 1448 At
412 1415 458 1448 tu
475 1422 592 1448 sume
609 1408 780 1462 pedum,
798 1407 927 1462 quod,
944 1422 1010 1448 me
1028 1423 1158 1461 quum
1178 1423 1290 1463 saepe
1312 1416 1493 1463 rogaret,

120 1464 224 1506 Non
242 1464 338 1506 tulit·
358 1464 591 1519 Antigenes
607 1482 616 1514 3
649 1472 692 1505 et
708 1472 798 1505 erat
815 1472 903 1505 tum
924 1464 1077 1519 dignus
1094 1466 1222 1505 amari
1238 1482 1246 1515 ;

120 1521 370 1564 Formosum
387 1523 560 1577 paribus
577 1522 696 1562 nodis
715 1528 842 1575 atque
864 1536 959 1570 aere,
982 1520 1192 1562 Menalca.

118 1631 259 1661 suaviore
273 1631 486 1661 loeofrheocr.
498 1631 574 1665 VII,
588 1631 626 1659 63
641 1640 708 1668 sqq.
723 1628 828 1657 adum·

118 1670 249 1699 hratum.
310 1671 410 1699 Etiam
445 1670 475 1698 in
508 1669 621 1698 ceteris
652 1668 828 1697 solennibus

119 1718 154 1737 ac
187 1708 275 1737 festis
305 1709 425 1743 diebus,
461 1718 515 1737 seu
545 1708 643 1737 hieme
679 1717 734 1736 seu
773 1716 830 1734 aes-

120 1749 182 1776 tate
211 1747 413 1782 celebrandis,
445 1746 524 1775 inter
547 1747 654 1784 epulas
675 1754 777 1774 sacras
800 1744 830 1772 in

120 1785 292 1829 Daphnidis
304 1786 448 1814 honorem
461 1785 527 1814 vino
540 1784 727 1813 libabit.—71
748 1782 828 1827 ‚Vl-'fa

119 1824 246 1854 Anusia
263 1834 302 1853 ex
316 1824 523 1862 promontorio
547 1828 578 1852 et
592 1827 690 1852 tractu
703 1824 826 1852 Ariusm

118 1863 148 1893 in
158 1863 234 1892 Chio
243 1862 493 1891 insula—nomm»
505 1866 622 1898 uectat-,⁶
637 1862 694 1890 fuit
704 1860 826 1891 scilicet

118 1902 220 1931 vinum
244 1901 346 1936 dulce,
370 1905 405 1930 ut
426 1901 527 1930 statim
549 1911 566 1930 a
584 1900 735 1929 vindemia
758 1900 824 1937 ejus

117 1950 191 1971 usus
205 1944 299 1970 esset.
339 1939 479 1969 calathus
499 1939 560 1968 h.l.
575 1939 659 1968 vasis
673 1943 704 1968 et
722 1938 829 1968 calicis

119 1980 304 2018 genus.—72
320 1978 438 2018 Isyccius
459 1989 476 2007 a
494 1979 604 2016 Lycto,
619 1979 692 2007 urbe
715 1979 829 2008 Cretae.

117 2018 246 2048 Theocr.
269 2017 290 2046 l.
313 2028 341 2047 c.
359 2019 477 2047 71—73
500 2018 585 2046 Inter
607 2017 714 2056 epulas
736 2016 827 2045 salta-

118 2057 217 2087 tiones
230 2057 356 2086 rusticae
370 2057 571 2086 habebuntur.

156 2097 196 2125 74
211 2097 280 2125 Duo
291 2096 371 2124 festa
379 2095 709 2133 insignioramemorat‚
718 2094 830 2123 festum

120 2134 327 2173 Nympharum
343 2134 570 2163 etlustrationis
581 2143 728 2172 agrorum.
764 2143 830 2161 uum

119 2173 265 2202 sollemnia
277 2173 502 2202 votaxeddemus
520 2171 676 2212 Nymphis.
718 2171 733 2200 I
769 2171 828 2214 for-

120 2216 215 2246 tasse,
237 2221 338 2241 messe
361 2212 452 2241 facta.
475 2212 513 2240 cf.
533 2222 562 2240 v.
587 2211 829 2240 70.-Lustratw

119 2259 268 2289 ayrorum,
279 2250 343 2279 sive
352 2249 546 2284 ambarvalia,
558 2250 694 2279 moribus
707 2248 829 2287 quidem

120 2288 268 2320 Romanis
291 2289 403 2318 fiebant
423 2290 478 2318 sub
498 2299 601 2317 casum
625 2288 745 2322 hiemis,
766 2288 828 2326 jain

122 2338 196 2358 vere
211 2337 328 2356 serene.
341 2338 370 2356 v.
383 2329 440 2358 Ge.
450 2328 478 2360 Ι,
493 2328 551 2357 340
564 2331 595 2356 et
607 2327 644 2356 ad
657 2326 771 2355 Tibull.
784 2326 831 2360 11,

121 2368 149 2402 l,
165 2377 212 2406 pr.
235 2365 404 2395 Fatendum
415 2371 527 2400 tamen,
542 2367 579 2395 ad
591 2366 713 2395 Siculos
728 2364 831 2403 potius

121 2406 197 2435 ritus
211 2405 276 2436 haec
291 2406 516 2434 accommodata
532 2404 637 2434 haberi
659 2409 690 2433 et
711 2403 828 2433 Siculo-

120 2455 187 2474 rum
201 2454 286 2473 sacra
298 2443 433 2481 agrestia
443 2443 573 2482 intelligi
588 2444 709 2473 debere.
751 2443 829 2471 Nam

120 2483 274 2512 Romanos
289 2482 421 2511 sollenne
437 2482 645 2520 Nympharum
659 2481 827 2511 instituisse

122 2522 302 2561 ignoramus.
325 2521 460 2550 H.-76.
483 2522 521 2549 77
550 2521 664 2550 Sensus
684 2519 826 2550 vocabuli

121 2570 230 2600 semper
249 2560 381 2600 simplici
401 2558 550 2598 imagine:
571 2560 642 2588 dum
655 2569 756 2589 rerum
774 2569 826 2588 na-

1523 1522 1579 1562 90

868 1631 936 1657 tura
950 1628 1055 1658 eadem
1077 1628 1146 1664 erit,
1161 1629 1317 1658 commode
1339 1629 1509 1658 enuntiatus
1523 1633 1582 1659 est.

868 1667 907 1695 cf.
922 1667 1034 1696 Tibull.
1058 1667 1085 1702 Ι,
1099 1669 1130 1703 4,
1146 1670 1195 1697 65.
1216 1670 1264 1698 66.
1289 1668 1336 1697 W.
1374 1669 1413 1698 77
1428 1668 1494 1696 dum
1514 1679 1580 1697 rore

869 1705 974 1734 cicadae
989 1706 1112 1744 antiqua
1127 1706 1236 1745 opinio.
1276 1707 1402 1736 Theocr.
1418 1707 1510 1745 Idyll.
1520 1707 1579 1742 IV,

871 1745 925 1773 16:
940 1744 1023 1774 Scut.
1038 1745 1134 1774 Herc.
1146 1746 1213 1774 395.
1227 1745 1271 1774 H.
1296 1747 1343 1774 De
1353 1745 1580 1784 dumque—‹Iun›

866 1782 930 1812 vid.
950 1783 1008 1818 VI,
1025 1784 1074 1812 67.
1093 1783 1141 1813 ΠΤ.
1180 1785 1229 1812 79.
1244 1785 1282 1812 ὅθ
1296 1785 1463 1813 Reseretur
1476 1785 1581 1823 Daph-

865 1822 912 1850 nis
923 1822 954 1851 in
969 1822 1095 1851 deorum
1111 1823 1278 1861 agrestium
1295 1833 1462 1852 numerum.
1477 1823 1520 1851 H.
1541 1825 1581 1853 80

864 1860 1013 1892 damnabis
1027 1866 1058 1889 Ιιι
1073 1871 1184 1904 quoque
1192 1861 1282 1898 votis3
1302 1862 1438 1891 damnare
1453 1861 1512 1889 voti
1526 1872 1579 1892 seu

864 1906 939 1935 voto,
953 1900 973 1929 i.
986 1911 1012 1929 e.
1026 1900 1177 1939 obligare3
1193 1901 1333 1930 damnare
1347 1900 1427 1930 votis
1442 1901 1581 1930 dicuntur

867 1941 908 1969 dii
923 1949 990 1968 cum
1007 1949 1042 1967 ea
1057 1939 1242 1967 coneedendo
1257 1950 1323 1978 quae
1340 1943 1411 1968 voto
1426 1943 1579 1976 petuntur,

867 1978 931 2008 voti
951 1988 1018 2006 reos
1042 1977 1156 2006 faciunt
1178 1982 1265 2016 atque
1284 1979 1430 2008 obnoxios
1452 1979 1580 2008 reddunt

867 2018 906 2046 ad
924 2027 959 2046 ea
981 2017 1164 2055 praestanda,
1188 2026 1256 2055 quae
1282 2022 1353 2047 voto
1378 2016 1580 2056 promiserint.

907 2095 946 2123 82
963 2093 1089 2123 Veniens
1102 2093 1214 2122 Auster
1228 2097 1276 2121 est
1288 2092 1399 2128 oriens,
1420 2093 1492 2122 flare
1506 2092 1580 2122 inci-

868 2133 966 2171 piens.
989 2134 1028 2162 cf.
1049 2133 1120 2162 AEn.
1142 2131 1186 2166 X,
1206 2133 1255 2160 99.
1278 2131 1392 2160 venturi
1413 2131 1579 2161 venet—83

869 2171 1006 2200 Certavit
1030 2181 1097 2200 cum
1126 2171 1253 2199 Theocr.
1275 2171 1304 2205 Ι,
1318 2171 1347 2198 7.
1372 2170 1479 2198 8.-85
1501 2175 1580 2206 ante,

869 2221 959 2248 quam
974 2215 1007 2239 tu
1021 2220 1068 2238 me
1080 2210 1159 2238 dono
1175 2219 1264 2238 ornes
1277 2219 1285 2245 3
1305 2218 1414 2237 versus
1427 2209 1463 2238 81
1480 2209 1579 2248 respi-

868 2250 955 2279 citur.
996 2248 1192 2278 Commendat
1204 2248 1346 2282 fistulam,
1357 2251 1391 2277 ut
1404 2248 1580 2285 magistram

869 2289 1031 2317 carminum
1046 2287 1091 2316 ΙΙ.
1105 2291 1136 2315 et
1154 2287 1219 2322 ΙΙΙ,
1236 2296 1362 2325 quorum
1383 2287 1509 2315 exordia
1530 2287 1580 2316 hic

869 2328 979 2364 posita.
1020 2327 1069 2355 Ita
1089 2325 1196 2354 AEneis
1218 2335 1234 2353 a
1254 2324 1396 2354 Martiale
1408 2325 1505 2360 VIII,
1528 2327 1578 2361 56,

872 2366 919 2395 19.
935 2365 1061 2395 exordio
1085 2365 1181 2394 Arma
1201 2364 1349 2402 virumque
1368 2363 1479 2402 posito,
1503 2364 1579 2394 adde

869 2405 1005 2442 ejusdem
1021 2403 1115 2437 XIV,
1136 2403 1192 2431 183
1208 2402 1358 2431 laudatur.
1400 2403 1485 2432 Unde
1507 2412 1577 2431 con-

865 2444 983 2480 jectura
995 2443 1073 2471 haud
1092 2441 1251 2470 temeraria
1278 2441 1412 2479 profecta
1428 2445 1486 2475 est,
1507 2441 1576 2470 Vir-

867 2481 971 2520 gilium
991 2481 1090 2520 ipsum
1104 2480 1160 2508 snb
1172 2479 1290 2509 nomine
1302 2479 1450 2509 Menalcae
1463 2479 1555 2527 latere
1567 2490 1575 2516 3

863 2520 904 2587 ΣΞ.
928 2520 994 2549 Ecl.
1011 2520 1078 2554 LX,
1094 2519 1223 2548 10.-88
1244 2518 1282 2547 cf·
1305 2518 1432 2548 Theocr.
1446 2518 1505 2551 w,
1527 2519 1576 2546 43.
