1796 3077
544 189 883 230 GEORGICON.

940 192 1039 231 Lm.
1071 194 1121 233 Π,
1470 194 1557 246 ‘113

118 312 350 367 Squameus
369 315 411 354 in
431 315 584 368 spiram
603 320 742 355 tractu
761 329 805 355 se
824 313 980 369 colligit
1000 318 1160 370 anguis.

116 369 245 411 Adde
265 377 327 411 tot
346 372 536 425 egregias
555 372 694 420 urbes,
725 385 983 426 operumque
1003 372 1202 423 laborem,

1477 370 1554 414 155

117 425 204 468 Tot
223 435 421 481 congesta
440 443 564 468 manu
584 429 807 482 praeruptis
828 429 985 482 oppida
1004 431 1127 480 saxis,

116 481 389 538 Fluminaque
409 485 602 538 antiquos
622 484 950 526 subterlabentia
965 501 1119 527 muros.
1178 538 1180 541 r

115 538 186 580 An
204 554 330 589 mare,
360 542 474 594 quod
491 556 631 595 supra,
660 555 896 590 memorem,
927 543 1127 596 quodque
1147 543 1263 585 alluit
1282 542 1417 585 infra?

113 594 239 637 Anne
259 596 373 638 lacus
393 600 559 639 tantos?
589 606 644 647 te,
675 597 776 638 Lari
794 599 984 648 maxime,
1014 606 1153 653 teque,

114 651 332 694 Fluctibus
353 660 395 695 et
415 654 582 695 fremitu
602 669 824 708 assurgens
846 654 1015 696 Benace
1035 658 1223 699 marino?

1476 656 1554 696 160

112 707 185 749 An
203 724 426 751 memorem
445 719 603 764 portus,
635 711 904 765 Lucrinoque
924 712 1068 753 addita
1087 713 1281 763 claustra,

113 764 257 819 Atque
277 767 538 820 indignatum
556 768 717 821 magnis
738 767 985 808 stridoribus
1005 783 1163 822 aequor,

111 821 226 862 «Iulia
245 837 328 876 qua
342 830 472 877 ponto
492 822 615 877 longe
633 829 752 862 sonat
768 823 882 863 unda
901 824 1055 873 refuso,

110 876 442 932 Tyrrhenusque
461 878 576 919 fretis
595 879 828 919 immittitur
847 886 973 920 aestus
995 879 1203 922 Avernis?

110 932 219 976 Haec
239 936 386 976 eadem
405 936 567 990 argenti
587 936 696 976 rivos
717 935 895 989 aerisque
911 936 1076 977 metalla

111 990 311 1044 Ostendit
329 993 455 1041 venis,
486 999 612 1046 atque
632 1006 735 1032 auro
754 991 933 1046 plurima
951 992 1089 1034 fluxit.

111 1046 218 1089 Haec
233 1062 365 1102 genus
385 1063 480 1091 aere
499 1047 644 1098 virum,
676 1047 858 1098 Marsos,
890 1050 1130 1104 pubemque
1152 1048 1377 1099 Sabellam,

148 1158 205 1187 155
225 1168 340 1197 operum
353 1158 488 1192 laborem,
510 1158 538 1186 h.
560 1168 661 1196 opera,
675 1158 814 1194 fabricas,

110 1196 242 1226 aedificia.
266 1198 304 1226 cf.
326 1197 395 1226 AEn.
425 1198 454 1231 Ι,
480 1197 666 1227 455,-Mox
681 1202 813 1235 congesta

108 1245 193 1263 nmnu
213 1235 310 1274 simpl.
329 1239 468 1264 extructa
488 1236 515 1264 in
536 1236 812 1274 rupibus—Fuere

109 1276 207 1302 autem
238 1274 332 1303 multa
363 1284 418 1312 per
448 1274 570 1303 Italiam
598 1275 720 1313 oppida,
754 1274 810 1303 im-

107 1311 212 1378 primis
230 1313 407 1351 antiquiora,
435 1313 462 1341 in
485 1313 576 1342 editis
598 1323 631 1341 ac
651 1313 814 1352 praeruptis

117 1350 180 1379 ocis
210 1351 278 1380 sita.
317 1351 455 1380 Flumina
480 1351 610 1389 intelligo
639 1361 739 1380 muros
771 1352 813 1380 al-

107 1388 218 1418 luentia
236 1389 366 1425 urbium,
390 1389 622 1425 subterlabentia,
648 1390 813 1428 praeterssu-

108 1427 196 1456 entia.

149 1467 206 1495 158
226 1466 313 1495 Mare
326 1477 458 1505 superum
477 1471 507 1497 et
524 1468 657 1505 inferum,
679 1466 810 1496 Adriati-

108 1513 176 1533 cum
186 1515 218 1534 ac
229 1506 425 1543 Tyrrhenum,
437 1506 520 1535 mirae
530 1505 761 1543 opportunitatis
773 1506 810 1534 ad

107 1551 207 1572 rerum
221 1543 426 1582 hominumque
439 1544 625 1576 commercia,
641 1548 728 1581 atque
743 1543 811 1571 hinc

108 1581 146 1609 ad
160 1585 303 1611 terrarum
316 1582 580 1621 imperium.——l59
594 1582 690 1610 Lacus
703 1580 813 1609 Larius

107 1620 254 1654 nummis,
274 1621 303 1649 h.
324 1631 511 1659 permagnus,
537 1620 593 1649 sub
615 1619 756 1657 Alpibus,
782 1618 812 1647 in

108 1667 180 1696 agro
194 1659 426 1693 Mediolanensi3
446 1662 540 1696 (nunc
557 1658 638 1695 Laqo
656 1657 686 1685 di
706 1657 812 1695 Come)

107 1695 204 1725 Lacus
218 1697 351 1725 Benacus
365 1697 394 1725 in
406 1696 568 1725 Veronensi
582 1697 682 1734 (Lago
692 1696 722 1725 di
733 1696 813 1724 Gar-

107 1734 172 1769 da),
193 1738 317 1773 propter
332 1735 561 1773 magnitudinem
576 1735 672 1763 ventis
692 1744 725 1763 ac
741 1744 812 1772 pro-

107 1772 191 1801 cellis
211 1773 358 1802 obnoxius
376 1782 432 1801 non
451 1774 535 1802 aliter
550 1783 584 1801 ac
598 1783 687 1801 mare.
727 1772 811 1800 Idem

108 1810 251 1840 Mincium
266 1818 379 1840 amnem
392 1812 488 1840 medio
509 1811 592 1840 alveo
614 1810 759 1839 tramittit.
783 1820 813 1839 v.

108 1843 186 1878 Pliu.
202 1849 246 1878 X.
260 1850 310 1885 22,
324 1850 401 1879 conf.
414 1849 483 1879 AEn.
498 1850 543 1885 X,
556 1850 624 1879 205.
649 1858 813 1888 assurgens,

106 1890 284 1917 tumescens.

146 1927 299 1955 161—161
312 1926 357 1955 Μ.
368 1926 513 1964 Vipsanio
521 1925 666 1965 Agrippa,
676 1926 712 1956 L.
724 1926 811 1955 Cani-

107 1962 157 1992 dio
182 1964 270 1993 Gallo
295 1965 382 1994 Coss.
403 1965 441 1994 V.
469 1966 504 1994 C.
524 1966 594 2000 717,
621 1975 688 1994 cum
711 1968 813 1994 contra

106 2002 192 2031 Sext.
212 2001 391 2041 Pompeium
409 2003 483 2032 male
503 2013 565 2032 rem
585 2003 729 2041 gessisset
751 2004 811 2032 Oc-

109 2041 245 2070 tavianus
269 2043 383 2075 Caesar,
410 2046 444 2070 ut
468 2042 635 2071 reficiendis
663 2042 812 2071 classibus

106 2077 206 2108 locum
229 2082 328 2109 tutum*
354 2080 487 2114 haberet,
514 2081 549 2117 A¹
565 2081 659 2119 rippae
689 2080 813 2109 consilio

130 2120 227 2146 ortum
246 2118 390 2147 Baianum
411 2118 441 2147 in
457 2118 524 2147 sinu
571 2119 718 2152 uteolano,
738 2118 814 2148 inter

140 2155 200 2184 aias
215 2159 247 2184 et
260 2156 415 2193 Puteolos,
433 2157 664 2186 commodiorem
679 2161 709 2186 et
722 2157 812 2186 tutio-

107 2201 169 2221 rem
183 2193 225 2222 ita
237 2195 379 2228 reddidit,
398 2202 450 2224 aut
459 2195 562 2225 verius
574 2205 683 2225 novum
694 2199 813 2234 portum

96 2231 234 2269 aperuit,
253 2233 288 2261 ut
298 2232 393 2262 lacum
408 2234 578 2269 Lucrinum,
593 2234 746 2272 interjecto
761 2243 813 2272 ag-

108 2277 178 2308 gere
199 2280 217 2298 a
237 2270 310 2299 mari
330 2271 488 2307 seclusum,
507 2282 574 2301 cum
591 2272 658 2302 lacu
680 2273 814 2307 Averno,

107 2308 159 2346 qui
184 2308 236 2337 isti
260 2309 423 2346 adjacebat,
449 2313 650 2350 conjungeret,
672 2320 813 2349 aggerem

107 2351 206 2376 autem
231 2347 319 2376 modo
341 2347 464 2383 dictum,
484 2349 535 2387 qui
553 2349 681 2387 quinque
701 2350 813 2379 stadio-

107 2394 174 2414 rum
197 2389 272 2420 erat,
299 2389 457 2424 postquam
480 2397 515 2416 eo
537 2388 672 2426 perfosso
700 2388 811 2417 aditum

108 2424 234 2453 navibus
245 2424 274 2452 'm
287 2427 406 2462 portum
419 2425 550 2459 fecerat„
569 2426 610 2455 ita
622 2426 759 2460 muniret,
780 2430 813 2455 ut

107 2471 125 2490 a
144 2462 284 2491 fluctibus
307 2462 440 2500 superari
460 2464 606 2501 nequiret,
626 2465 812 2503 navibusque

107 2503 190 2529 tutus
209 2500 285 2530 intra
297 2511 363 2529 eum
381 2505 460 2531 esset
474 2506 620 2540 receptus.
660 2503 721 2532 Hic
734 2503 812 2532 Por-

108 2542 154 2566 ms
171 2538 269 2568 Julius
294 2543 435 2576 vocatus3
456 2550 484 2568 v.
505 2540 627 2569 Sueton.
665 2542 745 2579 Aug.
766 2543 813 2571 16.

109 2576 206 2606 Locus
221 2577 363 2607 classicus
374 2582 419 2607 est
432 2578 510 2616 apud
523 2578 649 2608 Dionem
663 2578 810 2609 XLVIII

109 2616 164 2643 50:
194 2615 314 2645 Cluver.
340 2616 410 2645 Ital.
431 2621 489 2645 ant.
515 2617 573 2650 IV,
593 2618 623 2645 2.
663 2617 812 2647 Praelatus

109 2655 205 2681 tamen
230 2655 364 2692 sequenti
388 2658 520 2693 tempore

285 2694 300 2699 ..
541 2658 646 2708 portus
668 2655 812 2686 Misenus.

113 2690 216 2729 imque
243 2697 332 2729 poeta
357 2697 500 2722 memorat

531 2693 545 2722 l
559 2697 653 2721 ortum
680 2693 811 2723 Julium:

852 1158 1036 1200 Lucrinoque
1063 1161 1161 1190 addita
1186 1160 1323 1194 clam-Ira,
1356 1160 1385 1189 h.
1416 1170 1554 1198 aggerem

851 1197 934 1227 iilum
962 1210 1017 1228 non
1042 1204 1103 1228 tum
1129 1199 1255 1238 primum
1276 1200 1395 1233 sactum,
1424 1200 1475 1228 sed
1500 1209 1552 1228 no-

851 1237 897 1265 vis
917 1239 1057 1276 operibus
1078 1242 1256 1268 astructum.
1286 1247 1344 1274 quo
1364 1238 1430 1276 ipso
1451 1242 1556 1275 portus

851 1276 975 1305 effectus
1001 1281 1057 1306 est.
1097 1277 1210 1306 Eodem
1238 1277 1326 1304 modo
1353 1276 1555 1313 accipiendum

852 1317 897 1342 est
923 1314 995 1343 illud
1021 1315 1122 1349 Plinii,
1152 1325 1189 1343 ex
1213 1318 1313 1342 nostro
1337 1315 1555 1351 adumbratum,

853 1351 1021 1387 XXXVI,
1043 1355 1078 1383 15
1100 1363 1125 1381 S.
1144 1354 1193 1387 21,
1217 1354 1253 1381 12
1272 1361 1351 1381 viare
1375 1353 1554 1390 Tyrrhenum

852 1400 870 1418 a
889 1391 1017 1420 Lucrino
1036 1391 1153 1420 molibus
1173 1391 1320 1425 seclusum,
1347 1390 1459 1419 scilicet
1478 1391 1557 1420 ostio

853 1432 965 1458 tantum
980 1434 1085 1468 portus
1101 1429 1339 1468 relicto—(equor
1353 1433 1450 1457 autem
1461 1428 1554 1466 indiq-

848 1467 982 1502 mdmlur,
1012 1478 1046 1497 ea
1073 1472 1167 1506 parte,
1216 1477 1254 1495 ua
1276 1468 1352 1496 unda
1370 1467 1453 1495 Julia
1472 1471 1554 1496 sonat

845 1510 933 1542 ponto
957 1506 1036 1545 Imtye
1060 1508 1168 1543 refusa,
1219 1527 1225 1533 .
1246 1515 1304 1543 qua
1327 1508 1432 1543 portus
1455 1504 1555 1534 Julius

848 1544 980 1572 immisso
1008 1544 1081 1572 mari
1109 1548 1172 1573 erat
1197 1543 1341 1579 etl'ectus3
1368 1544 1492 1580 refusus,
1520 1547 1556 1572 ut

851 1591 931 1619 saepe
946 1582 1007 1610 lieri
1024 1581 1109 1615 solet,
1129 1591 1185 1610 non
1203 1581 1378 1610 contrariam.
1395 1584 1445 1610 aut
1464 1581 1554 1610 itera-

851 1624 909 1648 tam
937 1620 1078 1648 actionem
1106 1623 1198 1654 notat,
1231 1620 1283 1648 sed
1316 1619 1458 1657 simplicis
1493 1620 1554 1649 vim

851 1658 949 1687 habet.
994 1658 1098 1687 Possit
1123 1658 1241 1695 quidem
1265 1661 1295 1686 et
1322 1658 1363 1686 ita
1387 1657 1491 1696 accipi,
1519 1662 1554 1687 ut

852 1701 962 1734 pontus
991 1706 1008 1724 a
1036 1696 1112 1724 mole
1135 1696 1253 1733 aggeris
1275 1696 1303 1725 in
1326 1705 1406 1725 mare
1429 1697 1554 1734 projecti

851 1734 977 1766 refundi.
998 1734 1128 1772 reprimi,
1149 1734 1294 1768 videatur,
1309 1738 1342 1762 ut
1353 1735 1431 1772 apud
1444 1735 1554 1764 Lucan.

852 1772 895 1805 II,
926 1771 1159 1801 517-violentos
1183 1771 1276 1800 insula
1303 1782 1385 1800 coros
1411 1772 1555 1810 Excipere

850 1811 930 1839 scaris
956 1810 1106 1849 lapsasque
1130 1811 1278 1848 refundere
1309 1810 1403 1838 undas
1428 1811 1556 1848 dicitur;

852 1850 904 1877 sed
932 1849 1007 1878 alter
1031 1856 1136 1878 versus
1164 1849 1202 1878 ad
1224 1848 1355 1877 eamdem
1382 1850 1554 1878 sententiam

850 1888 1055 1916 enuntiandam
1078 1887 1170 1917 valet.
1212 1887 1377 1925 Tyrrhenus
1400 1891 1498 1922 aestus,
1523 1887 1555 1916 h,

850 1935 931 1955 mare
955 1931 1095 1960 aestuans,
1123 1924 1293 1955 immittitur
1314 1936 1367 1964 per
1391 1935 1424 1954 os
1447 1930 1553 1964 portus

843 1965 934 2003 fretis
954 1964 1092 1999 Auernis,
1112 1964 1142 1992 h.
1166 1964 1243 1993 lacui
1268 1964 1398 1998 Averno,
1424 1964 1475 2001 qui
1498 1974 1553 2002 pro

849 2004 951 2032 intimo
970 2007 1075 2041 portus
1093 2012 1213 2031 recessu
1233 2006 1305 2037 erat,
1325 2006 1356 2031 et
1376 2002 1414 2031 ad
1434 2011 1521 2040 quem
1536 2010 1554 2032 θ’

850 2042 978 2070 Lucrino
991 2042 1071 2069 fossa
1083 2041 1172 2069 ducta
1184 2043 1257 2069 erat.

890 2080 957 2108 165.
978 2080 1036 2108 166
1056 2079 1092 2108 In
1111 2079 1215 2107 eadem
1230 2077 1353 2116 argenti,
1374 2078 1454 2113 aeris,
1475 2078 1553 2108 auri-

852 2127 910 2156 que
925 2117 1051 2146 metalla.
1090 2117 1214 2155 Copiam
1227 2116 1368 2154 exprimit
1377 2125 1430 2154 per
1440 2117 1554 2154 aryenti

851 2156 929 2185 rivos
941 2159 996 2195 (ex
1009 2156 1127 2185 Lucret.
1150 2155 1189 2189 V,
1209 2154 1300 2192 1255)
1321 2158 1352 2183 et
1372 2165 1444 2183 auro
1455 2155 1552 2193 pluri-

852 2204 900 2223 ma
913 2194 1011 2232 fluxit,
1032 2194 1150 2232 poetica
1170 2192 1280 2222 ratione
1299 2202 1370 2231 pro:
1392 2193 1553 2231 plurimum

853 2233 917 2262 auri
942 2233 972 2261 in
995 2242 1030 2261 ea
1058 2236 1123 2268 θεῖ’,
1153 2231 1272 2261 tametsi
1294 2231 1350 2261 hoc
1373 2231 1412 2260 ad
1434 2232 1552 2261 Padum

852 2271 956 2301 referri
977 2270 1092 2309 possit·⁷
1117 2279 1182 2298 nam
1202 2279 1249 2308 ap.
1273 2269 1354 2298 Plin.
1377 2268 1552 2306 XXXIII,

851 2311 871 2339 4
891 2320 915 2339 s.
940 2310 977 2338 21
1002 2309 1032 2337 in
1058 2308 1143 2337 Pado
1168 2312 1313 2346 segmenta
1339 2307 1406 2336 duri
1431 2309 1556 2346 reperiri

852 2347 1125 2377 traduntur.—-oeris
1156 2346 1272 2375 metalla
1307 2345 1439 2375 Ostendit
1464 2347 1554 2383 venis,

852 2387 933 2425 quod
958 2386 988 2415 in
1018 2385 1133 2424 vulgari
1160 2384 1289 2414 oratione
1313 2384 1437 2414 fuisset:
1467 2394 1555 2414 venas

860 2424 929 2453 aeris
937 2423 1069 2453 ostendit.
1094 2423 1163 2452 teris
1180 2422 1304 2458 metalla,
1325 2422 1356 2451 h.
1376 2433 1430 2458 aes,
1450 2428 1505 2452 osi.
1524 2424 1554 2453 in

850 2463 938 2491 venis.
979 2461 1111 2491 Ostendit
1129 2464 1226 2490 autem
1244 2471 1300 2490 non
1318 2460 1457 2497 otiosum,
1484 2463 1555 2500 quia

851 2502 940 2530 certis
953 2504 1065 2529 tantum
1079 2499 1213 2538 vestigiis
1224 2510 1272 2528 res
1286 2499 1472 2535 credebatur,
1493 2510 1553 2529 me-

853 2540 923 2568 talla
950 2543 1047 2568 autem
1075 2538 1171 2567 Italiae
1195 2548 1337 2574 exercere
1365 2538 1552 2568 Senutuicon-

850 2579 929 2607 sulto
958 2577 1083 2607 vetitum
1110 2580 1182 2605 erat.
1201 2575 1279 2606 Plin.
1307 2576 1373 2611 III,
1398 2578 1437 2605 20
1463 2586 1487 2605 s.
1513 2576 1552 2604 24

850 2621 944 2646 extu:
980 2615 1152 2650 XXXIII,
1180 2615 1199 2645 4
1229 2625 1254 2644 s-
1285 2616 1335 2644 21.
1369 2612 1552 2647 XXXVII,

851 2659 929 2686 extr.

892 2693 1044 2722 167—170
1069 2691 1162 2722 Marsi
1189 2691 1320 2721 bellicosi
1343 2701 1409 2719 cum
1436 2689 1553 2718 Sabinis

1301 2746 1328 2771 Q
