1796 3077
222 217 285 262 22
656 211 699 249 P.
731 211 961 249 vincum
993 211 1241 250 MARONIS

222 335 455 387 temporibus
473 333 544 372 viri
561 334 663 372 docti
682 336 801 373 secuti
820 344 908 373 sunt
926 335 1107 385 plerique,
1138 334 1186 371 de
1210 334 1272 371 via
1297 347 1341 372 ac
1364 334 1507 374 ratione
1526 344 1670 375 tantum

221 389 385 434 solliciti,
404 402 478 440 qua
496 388 731 426 reconditum
750 389 966 438 hujusmodi
988 388 1204 425 vaticinium
1213 388 1261 425 ad
1275 387 1465 426 Romanos
1477 391 1672 440 pervenire

220 442 398 492 potuerit.
456 443 532 480 Sed
560 442 642 478 haec
662 441 789 490 opinio
819 451 857 478 et
875 442 985 479 certis
1004 455 1130 478 rerum
1159 442 1389 491 argumentis
1415 442 1606 488 destituta,
1635 452 1673 481 et

221 496 270 532 ab
300 495 559 532 Romanorum
590 495 774 532 sentiendi
806 496 949 533 ratione
982 508 1137 545 prorsus
1163 494 1284 532 aliena
1318 504 1387 532 cst.
1454 496 1551 537 Quis
1582 510 1671 534 vcro

221 548 447 598 scriptorum
482 548 703 585 Latinorum
736 549 1021 597 superstitiones
1063 548 1254 592 Judaicas‚
1286 548 1357 584 nisi
1387 548 1471 585 illas
1501 550 1673 587 deridere

220 601 346 646 vellet,
379 601 587 638 adsciscere
617 601 677 638 vel
707 610 868 638 tractare
888 602 1064 651 dignatus
1084 602 1167 638 cst?
1211 600 1265 638 Ut
1284 601 1415 638 ordine
1430 615 1598 650 agamus,
1615 603 1671 639 vi-

220 654 376 691 deamus
395 655 515 704 primo
534 653 630 698 loco,
656 654 847 703 quodnam
875 655 1048 691 carminis
1068 663 1335 703 argumentum
1353 655 1400 690 sit
1425 667 1546 703 perse
1565 669 1671 705 spec-

221 708 299 744 tati.
354 706 515 743 Carmen
535 706 748 744 bucolicum
770 707 930 743 Pollioni
951 707 1041 743 Cos.
1063 707 1285 756 inscriptum
1298 720 1337 742 se
1350 720 1574 744 exorsurum
1590 722 1672 746 esse

218 760 411 809 professus
432 760 545 796 Maro
569 763 666 796 1-3
684 760 804 796 canit:
835 760 896 809 agi
917 773 1015 796 nunc
1029 759 1201 796 ultimam
1222 769 1376 796 aetatem
1395 773 1414 796 a
1437 760 1581 810 Sibylla
1592 775 1671 799 me·

217 822 424 857 moratam3
466 813 552 850 inde
578 813 850 862 antiqmssimae
882 827 1006 850 rerum
1027 813 1159 849 formae
1189 813 1475 858 restitutionem,
1496 823 1670 854 (irrorant-

217 884 349 910 στασιν,
380 879 520 903 novum
550 865 776 902 saeculorum
807 866 990 910 ordinem,
1023 878 1108 902 cum
1139 878 1236 902 nova
1267 866 1461 902 hominum
1492 869 1673 917 progenie

217 918 383 956 melioris
402 919 524 956 aetatis
543 919 669 963 vitam,
691 919 855 955 humano
874 919 1003 968 generi
1017 919 1221 955 redituram
1242 932 1323 955 esse
1342 921 1583 968 pronuntiat3
1614 921 1670 958 id-

217 985 292 1022 que
310 980 533 1009 eventurum
553 985 645 1016 esse,
666 985 783 1021 puero
801 972 927 1021 aliquo
947 980 1035 1009 nato
1059 972 1097 1008 in
1117 971 1298 1008 Pollionis
1315 971 1533 1016 consulatu3
1565 974 1671 1011 illum

215 1025 423 1074 ascriptum
452 1025 628 1061 heroibus
656 1025 756 1061 orbis
784 1035 967 1061 terrarum
993 1024 1117 1074 pacati
1150 1024 1229 1062 sore
1248 1029 1568 1064 rcct0rem.-—-17.
1585 1027 1673 1064 Jam

217 1091 308 1115 vero
327 1078 520 1115 meliorem
540 1078 642 1114 illam
663 1086 826 1121 aetatem,
857 1078 959 1115 aetati
989 1091 1113 1114 aurcae
1133 1091 1176 1114 ac
1197 1078 1384 1114 Saturniae
1413 1078 1584 1124 similem,
1605 1093 1673 1130 per

216 1130 358 1182 gradus
378 1144 646 1175 successuram,
669 1131 720 1167 ita
736 1139 775 1167 ut
795 1144 911 1180 puero
931 1140 1018 1168 nato
1039 1131 1314 1175 exordia—525,
1336 1132 1565 1169 incrementa
1581 1147 1673 1170 vero

216 1197 285 1222 sua
315 1183 489 1221 habitura
511 1184 570 1227 sit,
604 1184 755 1233 quando
776 1184 837 1220 illc
857 1184 1183 1227 adoleverit—36,
1215 1184 1405 1222 cumulata
1422 1194 1548 1222 auten]
1568 1186 1617 1222 sit
1635 1195 1673 1223 et

214 1236 382 1288 perfecta
405 1239 451 1274 ab
471 1237 645 1274 omnibus
665 1237 847 1286 partibus,
879 1238 943 1275 ubi
962 1237 1024 1273 illc
1047 1236 1095 1275 ad
1119 1237 1265 1274 virilem
1289 1246 1439 1275 aetatem
1458 1240 1673 1288 pervenerit

215 1293 335 1327 —46.
379 1289 541 1340 Reliqua
575 1298 662 1327 sunt
699 1290 923 1328 exsultantis
961 1300 998 1327 et
1034 1299 1123 1327 vota
1159 1290 1329 1328 facientis
1366 1304 1410 1328 ac
1447 1292 1671 1341 gratulantis

213 1352 356 1392 poetae.

267 1395 354 1433 Jam
371 1396 409 1432 in
439 1395 497 1432 his
518 1395 624 1432 facile
650 1409 845 1446 agnoscas,
861 1400 1011 1446 poetam
1030 1396 1292 1446 phantasmata
1313 1397 1462 1446 poe'tica
1479 1399 1526 1434 ab
1545 1410 1671 1435 aureae

215 1449 338 1486 aetatis
367 1449 643 1486 narrationibus
675 1450 792 1499 petita
811 1450 1020 1486 cumulasse
1052 1451 1088 1486 in
1120 1459 1221 1486 certo
1251 1450 1378 1498 aliquo
1405 1451 1584 1500 temporis
1613 1451 1671 1488 sui

215 1511 354 1538 eventu
379 1501 616 1545 declarando,
648 1516 759 1552 quem
786 1502 914 1552 paullo
944 1502 1139 1539 obscurius
1170 1503 1394 1552 designavit,
1425 1504 1602 1552 quoniam
1633 1505 1670 1542 in

215 1554 434 1591 vaticinium
450 1568 529 1590 rem
548 1556 721 1599 mutavit,
740 1564 844 1604 atqu*
881 1555 1116 1592 vaticinantis
1136 1556 1260 1592 verbis
1287 1565 1323 1592 ct
1345 1557 1670 1606 phantasmatibus

216 1620 325 1644 sensa
351 1622 417 1645 sua
434 1608 623 1656 exposuit.
678 1607 807 1644 Solent
826 1617 952 1644 autem
982 1613 1106 1657 poetae
1126 1608 1261 1657 cupide
1293 1618 1329 1646 ct
1352 1609 1550 1646 ambitiose
1574 1611 1669 1647 vati-

216 1661 314 1697 cinia
342 1670 565 1710 argumenta
590 1661 797 1697 carminum
817 1661 950 1705 facere,
972 1675 1057 1697 cum
1085 1661 1133 1697 ad
1162 1662 1456 1699 enthusiasmum
1476 1663 1669 1712 poeticum

215 1713 307 1750 nihil
328 1714 376 1751 sit
406 1714 737 1757 accommodatius,
759 1715 862 1762 quod
886 1714 1015 1750 multis
1035 1714 1218 1763 exemplis
1249 1715 1376 1752 doceri
1401 1725 1539 1764 posset,
1569 1716 1600 1752 si
1630 1716 1670 1753 id

216 1779 315 1804 nunc
342 1775 528 1815 ageretur.
563 1766 620 1802 cf:
662 1765 800 1802 Horat.
832 1766 958 1810 Od.1,
994 1770 1052 1803 15.
1111 1767 1267 1804 Summa
1294 1769 1562 1805 sententiarum
1586 1770 1669 1806 haee

216 1827 296 1855 est:
343 1820 590 1856 adventuram
627 1831 710 1855 esse.
746 1818 928 1867 paulatim
965 1832 1139 1867 magnam
1177 1828 1390 1869 temporum
1426 1821 1665 1867 felicitate-,113

216 1884 375 1920 eamque
391 1885 483 1908 mox
502 1871 648 1908 initium
667 1871 880 1907 habituram
899 1884 921 1907 a
935 1871 1122 1907 natalibus
1137 1873 1244 1920 pueri
1262 1873 1332 1908 hoc
1353 1873 1435 1921 ipso
1448 1887 1545 1910 anno
1564 1878 1668 1919 714„

216 1924 388 1961 Pollione
407 1924 572 1968 consule,
593 1924 786 1960 nascituri.
837 1923 860 1959 J
864 1937 922 1960 am
943 1924 1106 1973 primum
1125 1924 1215 1972 quid
1230 1924 1433 1973 Virgilium
1453 1926 1667 1971 adduxerit,

217 1986 260 2014 ut
289 1986 430 2014 tantam
460 1990 586 2014 rerum
612 1977 895 2013 conversionem
922 1977 1173 2013 insecuturam
1204 1977 1371 2026 polliceri
1390 1988 1529 2027 posset,
1561 1993 1666 2028 quae-

215 2030 376 2067 rendum
395 2043 477 2067 esse
492 2030 655 2067 videtur.
713 2029 866 2066 Scilicet
892 2029 988 2065 inter
1008 2043 1138 2066 omnes
1167 2030 1341 2079 populos,
1366 2044 1504 2079 magna
1522 2031 1559 2068 in
1588 2033 1666 2081 pri-

215 2083 286 2120 mis
319 2083 444 2133 aliqua
476 2083 686 2121 calamitate
714 2082 915 2132 oppressis,
946 2082 1122 2119 vaticinia
1151 2083 1383 2120 circumferri
1413 2083 1546 2128 solent,
1579 2098 1666 2134 quae

216 2136 295 2173 sive
314 2136 490 2186 graviora
519 2137 708 2173 minantur
740 2136 818 2172 sive
842 2135 989 2172 laetiora
1008 2135 1255 2185 pollicentur3
1297 2149 1425 2185 eaque,
1455 2138 1668 2175 necessaria

215 2201 343 2225 rerum
361 2189 630 2234 vicissitudine,
657 2188 874 2226 melioribus
893 2188 1094 2236 aliquando
1113 2188 1399 2225 succedentibus
1420 2191 1666 2238 temporibus,

217 2254 366 2291 semper
386 2242 464 2278 fere
496 2253 670 2278 eventum
696 2242 848 2278 habent.
912 2240 1030 2277 Nullo
1053 2250 1177 2278 tamen
1203 2250 1372 2290 tempore
1403 2242 1668 2281 vaticiniorum

216 2294 384 2331 insanius
403 2295 474 2332 fuit
492 2295 671 2339 studium,
704 2308 815 2344 quam
835 2295 905 2331 sub
935 2293 1119 2331 libertatis
1139 2294 1322 2330 Romanae
1343 2294 1453 2331 finem
1469 2304 1506 2332 et
1523 2296 1665 2345 primo-

215 2360 301 2384 rum
320 2347 597 2397 Imperatorum
627 2356 808 2398 tempora,
837 2359 921 2384 cum
952 2346 1137 2383 bellorum
1157 2347 1320 2384 civilium
1338 2347 1568 2386 calamitates
1585 2349 1665 2385 ani-

215 2412 311 2444 mos,
333 2401 539 2438 terroribus
571 2401 692 2437 omnis
716 2400 863 2450 generis
883 2399 1057 2449 agitatos,
1088 2400 1136 2436 ad
1154 2399 1257 2436 varia
1281 2410 1552 2450 portentorum,
1575 2415 1665 2451 pro-

216 2452 407 2502 digiorum
434 2467 477 2490 ac
508 2454 770 2491 vaticiniorum
798 2453 962 2490 ludibria
987 2452 1271 2490 convertissent.
1326 2453 1371 2490 In
1389 2454 1519 2504 primis
1537 2463 1665 2492 autem

217 2505 488 2555 Sibyllinorum
508 2506 756 2551 oraculorum,
787 2519 948 2555 quorum
967 2518 1083 2554 quum
1102 2514 1188 2542 ante
1208 2505 1296 2542 satis
1318 2520 1457 2556 magna
1475 2515 1555 2543 tum
1573 2520 1664 2544 vero

216 2559 338 2596 multo
353 2559 473 2610 major
488 2569 567 2596 erat
580 2560 794 2604 auctoritas,
821 2560 953 2608 ingens
972 2558 1088 2608 vulgo
1107 2559 1316 2596 habebatur
1334 2560 1465 2610 copia3
1492 2559 1542 2596 cf.
1568 2559 1663 2597 Sue-

218 2620 299 2649 ton.
320 2611 457 2651 Octav.
487 2615 549 2650 31.
604 2612 689 2650 Jarn
708 2613 746 2650 in
772 2624 911 2661 magno
930 2611 995 2648 illo
1020 2624 1177 2648 numero
1195 2612 1456 2649 vaticiniorum
1476 2619 1514 2648 et
1530 2625 1664 2649 oracu-

216 2665 353 2711 lorum,
372 2665 509 2716 partim
524 2665 789 2715 superstitione
801 2665 938 2715 partim
957 2663 1152 2701 fraudibus
1167 2665 1362 2703 hominum
1375 2664 1663 2710 celebratorum,

218 2731 336 2757 unum
360 2719 443 2765 fuit,
476 2718 579 2768 quod.
597 2731 772 2768 magnam
791 2718 954 2768 aliquam
974 2717 1191 2757 felicitatem
1221 2718 1387 2757 futuram
1414 2718 1662 2769 promitteret,

948 2773 975 2808 S
