1796 3077
555 210 824 248 AENEIDOS.

882 211 985 251 Llss.
1016 213 1093 253 ΙΙΙ.

138 326 167 368 J
171 330 362 384 ungimus
378 329 560 385 hospitio
581 331 765 380 dextras,
788 340 830 374 et
850 339 960 374 tecta
976 333 1176 374 subimus.

140 385 320 441 Templa
338 388 405 428 dei
426 403 527 428 saxo
547 390 779 430 venerabar
798 398 957 430 structa
976 398 1141 431 vetusto
1157 406 1166 431 :

139 442 211 484 Da
229 445 453 498 propriam,
475 445 746 499 Thymbraee,
768 447 959 496 domum3
992 447 1047 488 da
1066 448 1220 488 moenia
1240 447 1372 498 fessis,
1521 450 1577 491 85

138 499 197 540 Et
217 516 365 555 genus,
387 510 429 543 et
449 517 686 543 mansuram
704 504 866 544 urbem.

929 503 1060 544 Serva
1080 503 1210 545 altera
1227 504 1371 559 Trojae

136 556 356 611 Pergama,
378 559 571 613 reliquias
595 559 790 600 Danaum
810 567 936 614 atque
956 561 1121 601 immitis
1142 561 1313 603 Achilli.

138 613 278 660 Quem
299 617 540 670 sequimur?
571 631 706 670 quove
726 618 786 658 ire
799 618 955 671 jubes?
986 619 1059 658 ubi
1079 633 1236 672 ponere
1257 619 1407 661 sedes?

137 670 222 719 Da,
244 680 377 726 pater,
400 674 631 727 augurium,
655 682 781 728 atque
802 675 947 714 animis
968 674 1140 716 illabere
1159 677 1323 717 nostris.

193 728 279 769 Vix
301 744 351 770 ea
371 732 479 770 latus
500 745 625 780 eram,
648 739 825 772 tremere
847 732 983 772 onmia
1005 731 1091 772 visa
1110 741 1297 787 repente,
1520 732 1576 773 90

138 783 403 840 Liminaque,
423 786 649 841 laurusque
671 788 751 836 dei,
774 796 971 841 totusque
992 790 1148 829 moveri

135 840 264 883 BIons
283 844 450 892 circum,
468 851 511 884 et
529 845 691 898 mugire
709 844 845 897 adytis
865 845 1026 884 cortina
1045 845 1231 886 reclusis.

136 898 342 940 Submissi
360 901 540 953 petimus
561 909 726 949 terram,
749 908 791 941 et
810 915 893 941 vox
910 900 1044 941 fertur
1064 902 1118 941 ad
1138 917 1260 944 aures
1285 918 1294 943 z

135 954 396 997 Dardanidae
417 957 524 1006 duri,
554 973 649 1011 quae
669 972 742 998 vos
763 973 788 997 a
809 958 937 1011 stirpe
957 966 1179 1012 parentum

135 1011 276 1053 Prima
296 1012 389 1053 tulit
408 1013 543 1063 tellus,
565 1015 712 1055 eadem
733 1029 804 1055 vos
828 1015 956 1055 ubere
975 1014 1072 1056 laeto
1524 1016 1580 1057 95

132 1067 329 1123 Accipiet
348 1070 539 1111 reduces.

597 1071 830 1125 Antiquam
850 1073 1057 1125 exquirite
1077 1079 1267 1114 matrem.

134 1124 219 1167 Hic
240 1127 387 1167 domus
408 1127 561 1168 AEneae
580 1129 739 1169 cunctis
761 1129 1044 1169 dominabitur
1065 1129 1162 1178 orie,

135 1182 194 1222 Et
214 1183 301 1223 nati
320 1191 526 1233 natorum,
550 1193 592 1225 et
611 1185 683 1238 qui
703 1192 927 1225 nascentur
948 1186 1001 1225 ab
1021 1185 1115 1225 illis.

132 1238 241 1280 Haec
262 1239 454 1280 Phoebus
472 1257 480 1290 3
513 1241 730 1296 mixtoque
750 1241 896 1295 ingens
917 1249 1065 1282 exorta
1084 1241 1266 1283 tumultu

136 1295 319 1346 Laetitia,
341 1304 384 1337 et
404 1299 555 1347 cuncti,
575 1313 670 1352 quae
692 1298 773 1338 sint
794 1313 843 1339 ea
862 1299 1028 1348 moenia,
1045 1307 1255 1353 quaerunt,

132 1431 253 1470 antiqua
265 1432 366 1461 fabula
382 1434 587 1472 repetendum,
606 1435 691 1472 cujus
707 1434 837 1473 vestigia

130 1471 266 1499 servavit
279 1471 404 1500 Servius
417 1483 422 1499 :
438 1472 603 1501 AdAm'um
618 1473 760 1502 Anchises
771 1478 837 1502 ante

134 1509 264 1537 Troicum
277 1509 376 1538 bellum
387 1511 545 1540 consultum
561 1516 685 1546 venerat,
702 1522 739 1540 αιι
750 1512 836 1540 Sala-

131 1548 207 1576 mina
218 1552 338 1586 peteret,
352 1558 442 1577 comes
454 1549 598 1585 Priumo5
615 1550 686 1579 uncle
695 1554 722 1578 et
732 1560 836 1588 aquos-

131 1586 218 1653 citmgi,
241 1596 285 1654 {ci
303 1596 381 1616 nunc
402 1588 439 1616 ab
456 1588 546 1618 Anio.
565 1589 678 1617 Eadem
700 1589 837 1627 sequitur

133 1625 194 1653 Ovi
222 1646 228 1653 .
256 1645 262 1652 .
291 1646 297 1653 .

169 1664 286 1692 84-89
300 1664 435 1693 Notabili
448 1675 515 1693 cum
526 1665 674 1694 brevitate
691 1665 838 1702 significat

133 1704 234 1740 poeta,
257 1702 384 1732 AEueam
402 1714 469 1732 esse
491 1704 658 1742 ingressum
680 1704 835 1741 templum,

133 1741 274 1770 adorasse
289 1743 377 1770 deum
395 1747 425 1771 et
445 1752 553 1780 preces
573 1743 690 1772 secisse.
731 1743 837 1771 Latius

132 1779 273 1808 evolvere
281 1780 403 1819 Virgilii
411 1782 607 1810 narrationem
614 1782 734 1810 videtur
746 1782 837 1810 Ovid.

133 1818 209 1847 Met.
226 1818 328 1853 X111,
342 1821 508 1848 633-637.
526 1821 576 1849 79.
594 1819 760 1854 venerabar,
775 1820 837 1848 adi-

131 1856 210 1891 bam,
225 1858 328 1896 templa
341 1869 410 1887 saxo
423 1862 534 1887 structa
550 1863 678 1894 ταμείῳ·
701 1859 768 1896 quis
782 1859 836 1887 du-

130 1894 208 1924 bitet
235 1906 302 1925 esse
328 1901 468 1926 vetustum
491 1897 641 1935 templum!
668 1898 837 1934 Argutatur

130 1936 229 1963 tamen
254 1935 282 1963 in
305 1935 361 1964 hoc
380 1936 514 1965 Macrob.
537 1936 603 1965 111.
629 1936 693 1964 Sat.
711 1936 834 1970 6—Da,

128 1971 236 2007 indica,
259 1973 326 2002 data
342 1976 423 2012 fata,
444 1984 510 2012 sup.
532 1974 560 2009 I,
582 1975 650 2003 382.
672 1975 750 2012 (Sed
771 1974 832 2003 vid.

132 2010 206 2040 Not.
228 2013 266 2040 ad
286 2012 344 2047 VI,
368 2014 417 2042 66.
445 2013 705 2052 W.)—pr0pria1n,
727 2024 836 2052 perpe-

129 2052 220 2083 tuam,
243 2051 392 2086 stabilem,
414 2051 538 2086 firmam,
561 2052 684 2081 Servius
700 2053 836 2090 exponit.

129 2088 209 2116 conf.
224 2088 298 2118 Not.
313 2090 351 2118 ad
368 2090 433 2119 Ecl.
446 2091 523 2125 VII,
539 2091 833 2128 3l.—T]1ymbroeum

130 2126 160 2154 h.
171 2126 192 2154 l.
208 2127 348 2164 appellat,
367 2129 436 2167 quia
447 2129 562 2167 patrius
575 2134 639 2158 erat
650 2130 742 2165 deus;
756 2129 836 2158 nulla

129 2164 189 2193 alia
203 2174 288 2202 quam
302 2168 419 2202 poetica
429 2169 555 2201 ratione,
568 2168 625 2197 etsi
635 2169 722 2197 aliter
731 2169 835 2197 Gram-

130 2203 243 2232 matici.
284 2204 427 2242 Thymbra
447 2212 511 2235 erat
523 2207 649 2235 Troadis
664 2207 745 2236 vicus
767 2217 836 2236 cum

129 2240 261 2279 Apollini
280 2241 350 2271 luco
370 2253 405 2272 ac
425 2245 547 2283 templo.
562 2246 616 2274 Ge.
629 2246 686 2280 IV,
708 2246 778 2274 323.
793 2256 834 2274 'v-

130 2281 230 2309 Strab.
246 2280 347 2315 XIII,
361 2291 392 2319 p.
408 2283 466 2312 598
485 2284 523 2312 A.
544 2283 665 2313 B.—Et
683 2295 772 2322 genus
790 2285 834 2312 in-

130 2323 178 2347 ter
199 2324 314 2348 cetera:
340 2319 463 2355 domum,
486 2322 600 2357 moenia,
619 2322 726 2356 urbem,
754 2322 834 2352 aliud

127 2367 196 2386 esse
224 2359 340 2397 nequit,
370 2368 457 2396 quam
481 2359 566 2388 locus
593 2362 697 2399 generi
720 2362 833 2395 futuro,

128 2397 291 2434 posteritas
327 2397 474 2434 originem
503 2399 604 2427 ducat.
657 2400 835 2438 Respondet

128 2435 220 2473 igitur
234 2435 302 2464 voci
317 2435 424 2468 domem,
440 2446 507 2473 quae
521 2437 583 2465 sine
595 2442 677 2467 certa
686 2440 757 2467 sede
767 2449 834 2467 esse

152 2477 230 2503 otest
256 2474 345 2503 nulla.
388 2474 506 2503 Eadem
539 2475 632 2513 stirps
665 2487 731 2505 cum
763 2477 834 2506 sede

128 2482 264 2541 Eabenda
284 2523 340 2551 pro
360 2512 453 2541 altera
474 2512 749 2553 Tr‹1ju.—reliquicm
770 2516 835 2544 Da-

131 2560 226 2585 naum,
248 2552 300 2589 qui
318 2551 502 2580 Achivorum
515 2552 574 2580 vim
596 2552 775 2590 effugerunt.
796 2554 835 2582 cf.

131 2596 197 2627 sup.
211 2590 240 2623 1,
255 2590 384 2619 30.—89
394 2590 445 2618 Da
456 2594 542 2628 puter
552 2591 712 2628 cuyurium.
727 2593 838 2621 “Pater

133 2626 164 2654 h.
183 2627 204 2655 l.
226 2628 350 2666 Apollo,
372 2633 406 2658 ut
429 2629 544 2658 omnino
562 2630 691 2666 majores
711 2630 764 2658 dii.
785 2641 837 2658 αιι-

128 2665 256 2703 yurium,
284 2676 340 2705 pro
368 2668 498 2702 oraculo,
526 2672 559 2696 ut
584 2667 666 2696 alibi.
705 2668 838 2697 Oraculo

129 2707 239 2739 autem,
267 2709 402 2735 veterum
424 2716 518 2739 more,
540 2716 612 2735 suus
625 2705 711 2735 locus
726 2710 789 2735 erat
809 2707 838 2736 in

1504 1300 1583 1341 100

875 1434 962 1463 novis
977 1435 1100 1463 sedibus
1113 1434 1294 1473 quaerendis.
1306 1435 1345 1464 cf.
1360 1445 1427 1473 quae
1440 1435 1477 1463 de
1490 1435 1582 1463 Batto

875 1473 986 1502 tradita
1005 1474 1085 1511 apud
1099 1474 1299 1507 Herodotum,
1317 1478 1347 1502 et
1369 1473 1487 1502 Callim.
1501 1473 1583 1510 hym.

874 1511 903 1539 in
921 1511 1022 1549 Apoll.
1044 1513 1082 1540 65
1102 1512 1312 1549 sqq.—czni171is
1333 1511 1447 1540 illabere
1465 1511 1584 1541 nostris.

875 1549 1005 1588 Proprie
1033 1551 1169 1579 Phoebus
1203 1550 1358 1579 descendit
1390 1550 1419 1578 in
1454 1554 1583 1579 mentem

876 1588 953 1616 vatis
979 1588 1045 1625 sui,
1071 1588 1201 1617 insinuat
1231 1598 1276 1623 se,
1305 1588 1367 1617 vim
1394 1597 1489 1622 suam,
1516 1589 1582 1626 ejus

875 1627 988 1663 animo3
1017 1627 1045 1654 h.
1059 1627 1080 1655 l.
1093 1627 1182 1655 etiam
1195 1626 1266 1661 illis,
1289 1627 1399 1665 quibus
1414 1632 1495 1655 sorte
1511 1628 1582 1656 data

875 1675 938 1694 rem
957 1667 1115 1694 obscuram
1127 1665 1259 1704 explicat
1273 1671 1303 1694 et
1319 1666 1461 1699 illustrat,
1476 1670 1583 1702 φράζει.

912 1705 1027 1733 90-93
1040 1704 1178 1733 Solemne
1191 1708 1238 1732 est
1252 1704 1350 1742 poetis
1365 1704 1502 1737 numinis,
1515 1714 1580 1733 sor-

876 1745 937 1771 tem
958 1743 1080 1777 edituri,
1103 1743 1295 1781 praesentiam
1313 1743 1355 1771 ita
1367 1743 1529 1777 declarare,
1547 1747 1583 1772 ut

877 1785 970 1809 totam
986 1791 1085 1809 rerum
1100 1786 1234 1810 naturam
1254 1791 1362 1810 numen
1386 1786 1497 1810 sentire
1516 1791 1581 1810 mo-

877 1820 999 1857 verique
1015 1820 1135 1857 fingant.
1175 1821 1340 1849 Commune
1360 1820 1392 1848 id
1413 1823 1581 1855 ἐπιφανείαις

875 1858 999 1887 deorum
1013 1858 1043 1886 in
1059 1859 1146 1887 festis
1167 1863 1197 1887 et
1219 1858 1322 1892 sacris,
1344 1868 1411 1896 quae
1429 1858 1457 1886 in
1477 1868 1580 1887 eorum

876 1897 1015 1925 honorem
1042 1897 1280 1926 celebrabantur.
1328 1897 1441 1925 Notum
1464 1897 1513 1925 vel
1542 1907 1582 1926 ex

874 1935 1049 1964 Callimachi
1067 1936 1110 1964 H.
1132 1936 1161 1964 iu
1178 1936 1280 1974 Apoll.
1300 1945 1346 1974 pr.
1360 1936 1398 1964 cf.
1416 1935 1526 1973 Spanh.
1543 1936 1581 1964 ad

875 1985 900 2002 e.
916 1974 1071 2002 1.-οηιιιὶα
1091 1985 1145 2012 per
1165 1975 1282 2013 singula
1300 1974 1481 2003 redduntur:
1507 1973 1580 2003 limi-

873 2023 967 2051 naque
981 2013 1274 2051 laurusque—Mons
1294 2013 1409 2046 circum,
1429 2013 1581 2050 Cynthus.

874 2052 953 2080 Nam
979 2053 1121 2089 templum
1142 2053 1198 2080 sub
1216 2055 1315 2080 monte
1335 2051 1435 2080 situm.
1457 2051 1580 2086 cortina,

876 2094 973 2123 ὅλμος,
1002 2090 1176 2128 operculum
1203 2090 1343 2128 tripodis,
1370 2089 1470 2126 muyit,
1492 2093 1580 2118 vento

876 2129 1069 2158 subterraneo
1089 2139 1104 2157 e
1135 2138 1240 2165 specu,
1266 2128 1315 2155 cui
1339 2127 1478 2165 imposita
1506 2132 1582 2163 erat,

877 2172 1035 2205 surgente3
1050 2167 1075 2195 si
1087 2167 1208 2205 quidem
1223 2166 1344 2195 eredere
1358 2166 1442 2199 licet,
1459 2166 1494 2194 ad
1507 2167 1580 2195 Del-

876 2206 957 2244 phici
986 2206 1113 2244 tripodis
1137 2205 1231 2234 instar
1261 2204 1326 2233 haec
1352 2203 1446 2232 fuisse
1474 2205 1579 2234 adum-

873 2246 968 2273 brata.
989 2245 1026 2273 cf.
1049 2243 1207 2281 Spanhem.
1233 2243 1270 2271 ad
1293 2242 1335 2271 H.
1359 2242 1390 2270 in
1413 2243 1453 2271 D.
1478 2253 1507 2271 v.
1529 2244 1580 2272 90.

874 2283 970 2321 adytis
993 2282 1122 2316 'reclus-is,
1147 2282 1213 2319 ipso
1234 2281 1338 2319 templi
1361 2281 1506 2318 penetrali
1526 2291 1580 2320 per

873 2328 985 2351 motum
1003 2325 1091 2350 terrae
1105 2319 1579 2358 patefact0.—Submissipetimns

872 2365 992 2393 terram,
1019 2359 1183 2397 exquisite,
1208 2358 1435 2396 provolvimur,
1465 2359 1579 2388 Lucre-

874 2400 953 2428 tiano
975 2398 1116 2436 loquendi
1133 2397 1380 2426 more.—94—98
1402 2396 1579 2431 Graculum,

874 2437 1024 2476 ambiguis
1048 2435 1245 2473 obscurisque
1262 2435 1362 2464 verbis
1382 2445 1491 2473 magna
1510 2446 1579 2465 cum

875 2484 937 2505 arte
955 2479 1144 2512 conceptum,
1165 2474 1298 2509 Italiam,
1319 2474 1399 2503 unde
1420 2474 1579 2504 Dardanus

875 2515 1019 2553 originem
1034 2514 1143 2542 habere
1154 2513 1320 2546 ferebatur,
1332 2512 1468 2551 respicit.
1482 2523 1511 2541 v.
1527 2514 1580 2542 inf.

876 2555 932 2582 163
954 2563 1020 2590 sqq.
1060 2551 1148 2580 Unde
1169 2561 1276 2580 nomen
1296 2551 1478 2580 Dardmzidae
1498 2561 1579 2580 com-

874 2592 960 2620 mode
983 2591 1039 2619 hoc
1059 2590 1127 2618 loco
1148 2594 1326 2628 usurpatum
1338 2589 1439 2618 visum
1451 2595 1497 2619 est
1511 2591 1578 2618 Ma-

876 2630 979 2659 crobio
992 2631 1021 2657 l.
1034 2629 1063 2657 in
1081 2629 1184 2657 Somn.
1205 2629 1288 2667 Scip.
1302 2628 1449 2662 7.——duri,
1472 2632 1516 2656 tot
1536 2627 1579 2655 la-

877 2670 966 2697 bores
980 2668 1110 2705 experti,
1121 2669 1338 2702 πολυτλὴμονες.
1346 2667 1415 2696 uber
1424 2675 1478 2704 pro
1489 2667 1579 2694 uber-

877 2711 950 2741 late,
966 2716 1002 2735 ex
1018 2706 1100 2740 οὖθαρ
1115 2709 1236 2741 ἐιρούρης,
1256 2710 1290 2736 ut
1310 2707 1339 2740 I,
1359 2706 1428 2738 531,
1448 2704 1477 2733 h.
1491 2705 1512 2733 l.
1527 2713 1581 2741 pro

1341 2760 1412 2798 Qq
