<?xml version="1.0" encoding="UTF-8"?>
<!DOCTYPE html PUBLIC "-//W3C//DTD XHTML 1.0 Transitional//EN"
    "http://www.w3.org/TR/xhtml1/DTD/xhtml1-transitional.dtd">
<html xmlns="http://www.w3.org/1999/xhtml" xml:lang="en" lang="en">
 <head>
  <title>
</title>
<meta http-equiv="Content-Type" content="text/html;charset=utf-8" />
  <meta name='ocr-system' content='tesseract 3.04.00' />
  <meta name='ocr-capabilities' content='ocr_page ocr_carea ocr_par ocr_line ocrx_word'/>
</head>
<body>
  <div class='ocr_page' id='page_1' title='image "./operahey00virguoft_0209.png"; bbox 0 0 1796 3077; ppageno 0'>
   <div class='ocr_carea' id='block_1_1' title="bbox 575 247 1177 299">
    <p class='ocr_par' dir='ltr' id='par_1_1' title="bbox 575 247 1177 299">
     <span class='ocr_line' id='line_1_1' title="bbox 575 247 1177 299; baseline 0.01 -6"><span class='ocrx_word' id='word_1_1' title='bbox 575 255 915 295; x_wconf 72' lang='lat' dir='ltr'>Gssossclcon.</span> <span class='ocrx_word' id='word_1_2' title='bbox 973 259 1076 299; x_wconf 75' lang='lat' dir='ltr'>Lis.</span> <span class='ocrx_word' id='word_1_3' title='bbox 1099 247 1177 299; x_wconf 70' lang='lat' dir='ltr'>¹1v2</span> 
     </span>
    </p>
   </div>
   <div class='ocr_carea' id='block_1_2' title="bbox 1510 268 1599 312">
    <p class='ocr_par' dir='ltr' id='par_1_2' title="bbox 1510 268 1599 312">
     <span class='ocr_line' id='line_1_2' title="bbox 1510 268 1599 312; baseline 0.034 -3"><span class='ocrx_word' id='word_1_4' title='bbox 1510 268 1599 312; x_wconf 80' lang='lat'>:201</span> 
     </span>
    </p>
   </div>
   <div class='ocr_carea' id='block_1_3' title="bbox 145 371 1290 430">
    <p class='ocr_par' dir='ltr' id='par_1_3' title="bbox 145 371 1290 430">
     <span class='ocr_line' id='line_1_3' title="bbox 145 371 1290 430; baseline 0.006 -16"><span class='ocrx_word' id='word_1_5' title='bbox 145 371 419 423; x_wconf 84' lang='lat' dir='ltr'><strong>Eumenides,</strong></span> <span class='ocrx_word' id='word_1_6' title='bbox 442 375 661 430; x_wconf 85' lang='lat' dir='ltr'>tenuitque</span> <span class='ocrx_word' id='word_1_7' title='bbox 683 376 845 418; x_wconf 82' lang='lat' dir='ltr'>inhians</span> <span class='ocrx_word' id='word_1_8' title='bbox 868 378 948 418; x_wconf 87' lang='lat' dir='ltr'>tria</span> <span class='ocrx_word' id='word_1_9' title='bbox 969 378 1181 420; x_wconf 83' lang='lat' dir='ltr'>Cerberus</span> <span class='ocrx_word' id='word_1_10' title='bbox 1203 394 1290 430; x_wconf 88' lang='lat' dir='ltr'>ora,</span> 
     </span>
    </p>
   </div>
   <div class='ocr_carea' id='block_1_4' title="bbox 142 429 1237 543">
    <p class='ocr_par' dir='ltr' id='par_1_4' title="bbox 142 429 1237 543">
     <span class='ocr_line' id='line_1_4' title="bbox 143 429 1075 485; baseline 0.006 -14"><span class='ocrx_word' id='word_1_11' title='bbox 143 429 290 485; x_wconf 88' lang='lat' dir='ltr'>Atque</span> <span class='ocrx_word' id='word_1_12' title='bbox 312 431 465 472; x_wconf 87' lang='lat' dir='ltr'>Ixionii</span> <span class='ocrx_word' id='word_1_13' title='bbox 484 440 609 474; x_wconf 87' lang='lat' dir='ltr'>vento</span> <span class='ocrx_word' id='word_1_14' title='bbox 629 440 722 474; x_wconf 83' lang='lat' dir='ltr'>rota</span> <span class='ocrx_word' id='word_1_15' title='bbox 743 435 929 476; x_wconf 90' lang='lat' dir='ltr'>constitit</span> <span class='ocrx_word' id='word_1_16' title='bbox 948 436 1075 477; x_wconf 89' lang='lat' dir='ltr'>orbis.</span> 
     </span>
     <span class='ocr_line' id='line_1_5' title="bbox 142 486 1237 543; baseline 0.006 -16"><span class='ocrx_word' id='word_1_17' title='bbox 142 486 325 541; x_wconf 83' lang='lat' dir='ltr'>Jamque</span> <span class='ocrx_word' id='word_1_18' title='bbox 347 489 501 543; x_wconf 89' lang='lat' dir='ltr'>pedem</span> <span class='ocrx_word' id='word_1_19' title='bbox 522 490 708 531; x_wconf 84' lang='lat' dir='ltr'>referens</span> <span class='ocrx_word' id='word_1_20' title='bbox 725 506 846 532; x_wconf 81' lang='lat' dir='ltr'>casus</span> <span class='ocrx_word' id='word_1_21' title='bbox 868 501 1059 533; x_wconf 84' lang='lat' dir='ltr'>evaserat</span> <span class='ocrx_word' id='word_1_22' title='bbox 1080 508 1237 543; x_wconf 85' lang='lat' dir='ltr'>omnes,</span> 
     </span>
    </p>
   </div>
   <div class='ocr_carea' id='block_1_5' title="bbox 1512 494 1596 536">
    <p class='ocr_par' dir='ltr' id='par_1_5' title="bbox 1512 494 1596 536">
     <span class='ocr_line' id='line_1_6' title="bbox 1512 494 1596 536; baseline 0.024 -2"><span class='ocrx_word' id='word_1_23' title='bbox 1512 494 1596 536; x_wconf 80' lang='lat'>485</span> 
     </span>
    </p>
   </div>
   <div class='ocr_carea' id='block_1_6' title="bbox 138 542 1523 773">
    <p class='ocr_par' dir='ltr' id='par_1_6' title="bbox 138 542 1523 773">
     <span class='ocr_line' id='line_1_7' title="bbox 142 542 1304 602; baseline 0.006 -18"><span class='ocrx_word' id='word_1_24' title='bbox 142 542 418 600; x_wconf 87' lang='lat' dir='ltr'>Redditaque</span> <span class='ocrx_word' id='word_1_25' title='bbox 442 545 658 601; x_wconf 84' lang='lat' dir='ltr'>Eurydice</span> <span class='ocrx_word' id='word_1_26' title='bbox 681 562 856 602; x_wconf 87' lang='lat' dir='ltr'>superas</span> <span class='ocrx_word' id='word_1_27' title='bbox 878 550 1072 590; x_wconf 87' lang='lat' dir='ltr'>veniebat</span> <span class='ocrx_word' id='word_1_28' title='bbox 1092 551 1146 591; x_wconf 86' lang='lat' dir='ltr'>ad</span> <span class='ocrx_word' id='word_1_29' title='bbox 1167 565 1304 600; x_wconf 84' lang='lat' dir='ltr'>auras,</span> 
     </span>
     <span class='ocr_line' id='line_1_8' title="bbox 142 599 1523 663; baseline 0.007 -23"><span class='ocrx_word' id='word_1_30' title='bbox 142 599 262 642; x_wconf 90' lang='lat' dir='ltr'>Pone</span> <span class='ocrx_word' id='word_1_31' title='bbox 282 617 701 658; x_wconf 85' lang='lat' dir='ltr'>sequens—namque</span> <span class='ocrx_word' id='word_1_32' title='bbox 724 606 832 646; x_wconf 74' lang='lat' dir='ltr'>hanc</span> <span class='ocrx_word' id='word_1_33' title='bbox 855 605 1033 647; x_wconf 82' lang='lat' dir='ltr'>dederat</span> <span class='ocrx_word' id='word_1_34' title='bbox 1054 606 1310 662; x_wconf 86' lang='lat' dir='ltr'>Proserpina</span> <span class='ocrx_word' id='word_1_35' title='bbox 1329 607 1523 663; x_wconf 82' lang='lat' dir='ltr'>legem—-</span> 
     </span>
     <span class='ocr_line' id='line_1_9' title="bbox 141 656 1283 718; baseline 0.007 -20"><span class='ocrx_word' id='word_1_36' title='bbox 141 656 287 704; x_wconf 85' lang='lat' dir='ltr'>Quum</span> <span class='ocrx_word' id='word_1_37' title='bbox 308 660 449 701; x_wconf 86' lang='lat' dir='ltr'>subita</span> <span class='ocrx_word' id='word_1_38' title='bbox 468 660 682 702; x_wconf 89' lang='lat' dir='ltr'>incautum</span> <span class='ocrx_word' id='word_1_39' title='bbox 703 662 912 703; x_wconf 80' lang='lat' dir='ltr'>dementia</span> <span class='ocrx_word' id='word_1_40' title='bbox 931 664 1044 718; x_wconf 86' lang='lat' dir='ltr'>cepit</span> <span class='ocrx_word' id='word_1_41' title='bbox 1064 671 1283 715; x_wconf 85' lang='lat' dir='ltr'>amantem,</span> 
     </span>
     <span class='ocr_line' id='line_1_10' title="bbox 138 713 1281 773; baseline 0.008 -19"><span class='ocrx_word' id='word_1_42' title='bbox 138 713 406 768; x_wconf 84' lang='lat' dir='ltr'>Ignoscenda</span> <span class='ocrx_word' id='word_1_43' title='bbox 425 717 608 771; x_wconf 89' lang='lat' dir='ltr'>quidem,</span> <span class='ocrx_word' id='word_1_44' title='bbox 631 719 785 760; x_wconf 84' lang='lat' dir='ltr'>scirent</span> <span class='ocrx_word' id='word_1_45' title='bbox 809 720 842 759; x_wconf 86' lang='lat' dir='ltr'>si</span> <span class='ocrx_word' id='word_1_46' title='bbox 863 719 1080 773; x_wconf 80' lang='lat' dir='ltr'>ignoscere</span> <span class='ocrx_word' id='word_1_47' title='bbox 1100 721 1254 763; x_wconf 90' lang='lat' dir='ltr'>Manes</span> <span class='ocrx_word' id='word_1_48' title='bbox 1271 737 1281 762; x_wconf 77' lang='lat' dir='ltr'>t</span> 
     </span>
    </p>
   </div>
   <div class='ocr_carea' id='block_1_7' title="bbox 137 770 1260 833">
    <p class='ocr_par' dir='ltr' id='par_1_7' title="bbox 137 770 1260 833">
     <span class='ocr_line' id='line_1_11' title="bbox 137 770 1260 833; baseline 0.007 -22"><span class='ocrx_word' id='word_1_49' title='bbox 137 770 327 822; x_wconf 83' lang='lat' dir='ltr'>Restitit,</span> <span class='ocrx_word' id='word_1_50' title='bbox 350 773 680 829; x_wconf 86' lang='lat' dir='ltr'>Eurydicenque</span> <span class='ocrx_word' id='word_1_51' title='bbox 701 790 818 816; x_wconf 83' lang='lat' dir='ltr'>suam</span> <span class='ocrx_word' id='word_1_52' title='bbox 833 776 921 829; x_wconf 81' lang='lat' dir='ltr'>jain</span> <span class='ocrx_word' id='word_1_53' title='bbox 942 776 1035 818; x_wconf 90' lang='lat' dir='ltr'>luce</span> <span class='ocrx_word' id='word_1_54' title='bbox 1057 778 1136 819; x_wconf 90' lang='lat' dir='ltr'>sub</span> <span class='ocrx_word' id='word_1_55' title='bbox 1157 779 1260 833; x_wconf 86' lang='lat' dir='ltr'>ipsa,</span> 
     </span>
    </p>
   </div>
   <div class='ocr_carea' id='block_1_8' title="bbox 1507 779 1589 820">
    <p class='ocr_par' dir='ltr' id='par_1_8' title="bbox 1507 779 1589 820">
     <span class='ocr_line' id='line_1_12' title="bbox 1507 779 1589 820; baseline 0.012 -1"><span class='ocrx_word' id='word_1_56' title='bbox 1507 779 1589 820; x_wconf 77' lang='lat'>490</span> 
     </span>
    </p>
   </div>
   <div class='ocr_carea' id='block_1_9' title="bbox 134 827 1413 1000">
    <p class='ocr_par' dir='ltr' id='par_1_9' title="bbox 134 827 1413 1000">
     <span class='ocr_line' id='line_1_13' title="bbox 136 827 1413 887; baseline 0.006 -18"><span class='ocrx_word' id='word_1_57' title='bbox 136 827 362 870; x_wconf 86' lang='lat' dir='ltr'>Immemor</span> <span class='ocrx_word' id='word_1_58' title='bbox 382 829 491 871; x_wconf 85' lang='lat' dir='ltr'>heu!</span> <span class='ocrx_word' id='word_1_59' title='bbox 524 831 743 885; x_wconf 90' lang='lat' dir='ltr'>victusque</span> <span class='ocrx_word' id='word_1_60' title='bbox 764 833 902 880; x_wconf 84' lang='lat' dir='ltr'>animi,</span> <span class='ocrx_word' id='word_1_61' title='bbox 933 835 1136 887; x_wconf 82' lang='lat' dir='ltr'>respexit.</span> <span class='ocrx_word' id='word_1_62' title='bbox 1195 835 1261 877; x_wconf 87' lang='lat' dir='ltr'>Ibi</span> <span class='ocrx_word' id='word_1_63' title='bbox 1282 836 1413 877; x_wconf 83' lang='lat' dir='ltr'>onmis</span> 
     </span>
     <span class='ocr_line' id='line_1_14' title="bbox 135 884 1136 943; baseline 0.006 -18"><span class='ocrx_word' id='word_1_64' title='bbox 135 884 313 926; x_wconf 81' lang='lat' dir='ltr'>Effusus</span> <span class='ocrx_word' id='word_1_65' title='bbox 334 886 465 936; x_wconf 88' lang='lat' dir='ltr'>labor,</span> <span class='ocrx_word' id='word_1_66' title='bbox 488 894 615 941; x_wconf 86' lang='lat' dir='ltr'>atque</span> <span class='ocrx_word' id='word_1_67' title='bbox 636 888 804 928; x_wconf 84' lang='lat' dir='ltr'>immitis</span> <span class='ocrx_word' id='word_1_68' title='bbox 826 896 952 942; x_wconf 83' lang='lat' dir='ltr'>rupta</span> <span class='ocrx_word' id='word_1_69' title='bbox 971 891 1136 943; x_wconf 84' lang='lat' dir='ltr'>tyranni</span> 
     </span>
     <span class='ocr_line' id='line_1_15' title="bbox 134 940 1250 1000; baseline 0.006 -18"><span class='ocrx_word' id='word_1_70' title='bbox 134 940 331 992; x_wconf 84' lang='lat' dir='ltr'>Foedera,</span> <span class='ocrx_word' id='word_1_71' title='bbox 352 950 502 999; x_wconf 85' lang='lat' dir='ltr'>terque</span> <span class='ocrx_word' id='word_1_72' title='bbox 522 943 666 999; x_wconf 82' lang='lat' dir='ltr'>fragor</span> <span class='ocrx_word' id='word_1_73' title='bbox 687 945 844 1000; x_wconf 82' lang='lat' dir='ltr'>stagnis</span> <span class='ocrx_word' id='word_1_74' title='bbox 866 946 1035 987; x_wconf 81' lang='lat' dir='ltr'>auditus</span> <span class='ocrx_word' id='word_1_75' title='bbox 1055 946 1250 989; x_wconf 88' lang='lat' dir='ltr'>Avernis.</span> 
     </span>
    </p>
   </div>
   <div class='ocr_carea' id='block_1_10' title="bbox 107 1078 840 2820">
    <p class='ocr_par' dir='ltr' id='par_1_10' title="bbox 107 1078 840 2820">
     <span class='ocr_line' id='line_1_16' title="bbox 131 1078 839 1117; baseline 0.001 -11"><span class='ocrx_word' id='word_1_76' title='bbox 131 1078 319 1108; x_wconf 85' lang='lat' dir='ltr'>conveniunt.</span> <span class='ocrx_word' id='word_1_77' title='bbox 344 1087 374 1105; x_wconf 91' lang='lat' dir='ltr'>v.</span> <span class='ocrx_word' id='word_1_78' title='bbox 400 1079 468 1106; x_wconf 84' lang='lat'>555.</span> <span class='ocrx_word' id='word_1_79' title='bbox 498 1078 681 1117; x_wconf 72' lang='lat' dir='ltr'>sqq.—483</span> <span class='ocrx_word' id='word_1_80' title='bbox 716 1078 839 1114; x_wconf 72' lang='lat' dir='ltr'>inhians,</span> 
     </span>
     <span class='ocr_line' id='line_1_17' title="bbox 131 1116 840 1156; baseline 0.001 -10"><span class='ocrx_word' id='word_1_81' title='bbox 131 1117 232 1156; x_wconf 74' lang='lat' dir='ltr'>simpl,</span> <span class='ocrx_word' id='word_1_82' title='bbox 254 1117 457 1145; x_wconf 76' lang='lat' dir='ltr'>hians.—4S4</span> <span class='ocrx_word' id='word_1_83' title='bbox 479 1116 631 1146; x_wconf 81' lang='lat' dir='ltr'>Sententia</span> <span class='ocrx_word' id='word_1_84' title='bbox 655 1121 701 1147; x_wconf 87' lang='lat' dir='ltr'>est</span> <span class='ocrx_word' id='word_1_85' title='bbox 727 1121 840 1155; x_wconf 79' lang='lat' dir='ltr'>aperta,</span> 
     </span>
     <span class='ocr_line' id='line_1_18' title="bbox 130 1155 840 1194; baseline 0 -10"><span class='ocrx_word' id='word_1_86' title='bbox 130 1157 248 1188; x_wconf 81' lang='lat' dir='ltr'>Ixionis</span> <span class='ocrx_word' id='word_1_87' title='bbox 262 1159 368 1189; x_wconf 85' lang='lat' dir='ltr'>rotam,</span> <span class='ocrx_word' id='word_1_88' title='bbox 391 1156 440 1185; x_wconf 86' lang='lat' dir='ltr'>cui</span> <span class='ocrx_word' id='word_1_89' title='bbox 458 1156 508 1185; x_wconf 91' lang='lat' dir='ltr'>ille</span> <span class='ocrx_word' id='word_1_90' title='bbox 528 1155 660 1194; x_wconf 76' lang='lat' dir='ltr'>illigatus</span> <span class='ocrx_word' id='word_1_91' title='bbox 674 1160 747 1190; x_wconf 81' lang='lat' dir='ltr'>erat,</span> <span class='ocrx_word' id='word_1_92' title='bbox 769 1157 840 1185; x_wconf 86' lang='lat' dir='ltr'>sub-</span> 
     </span>
     <span class='ocr_line' id='line_1_19' title="bbox 131 1194 838 1235; baseline -0.006 -8"><span class='ocrx_word' id='word_1_93' title='bbox 131 1199 258 1232; x_wconf 83' lang='lat' dir='ltr'>stitisse,</span> <span class='ocrx_word' id='word_1_94' title='bbox 280 1194 403 1235; x_wconf 80' lang='lat' dir='ltr'>Orpheo</span> <span class='ocrx_word' id='word_1_95' title='bbox 425 1198 559 1224; x_wconf 85' lang='lat' dir='ltr'>canente·</span> <span class='ocrx_word' id='word_1_96' title='bbox 609 1196 770 1225; x_wconf 63' lang='lat' dir='ltr'>Hau-emus</span> <span class='ocrx_word' id='word_1_97' title='bbox 795 1199 838 1223; x_wconf 47' lang='lat' dir='ltr'>taa</span> 
     </span>
     <span class='ocr_line' id='line_1_20' title="bbox 130 1232 840 1276; baseline -0.008 -10"><span class='ocrx_word' id='word_1_98' title='bbox 130 1247 195 1266; x_wconf 87' lang='lat' dir='ltr'>men</span> <span class='ocrx_word' id='word_1_99' title='bbox 223 1237 253 1266; x_wconf 89' lang='lat' dir='ltr'>in</span> <span class='ocrx_word' id='word_1_100' title='bbox 278 1233 399 1265; x_wconf 83' lang='lat' dir='ltr'>verbis:</span> <span class='ocrx_word' id='word_1_101' title='bbox 422 1232 602 1276; x_wconf 39' lang='lat' dir='ltr'>primum-in</span> <span class='ocrx_word' id='word_1_102' title='bbox 626 1240 692 1264; x_wconf 71' lang='lat' dir='ltr'>rom</span> <span class='ocrx_word' id='word_1_103' title='bbox 712 1232 790 1261; x_wconf 71' lang='lat' dir='ltr'>orbis</span> <span class='ocrx_word' id='word_1_104' title='bbox 810 1238 840 1263; x_wconf 75' lang='lat' dir='ltr'>et</span> 
     </span>
     <span class='ocr_line' id='line_1_21' title="bbox 128 1272 837 1312; baseline -0.003 -8"><span class='ocrx_word' id='word_1_105' title='bbox 128 1279 191 1304; x_wconf 85' lang='lat' dir='ltr'>tum</span> <span class='ocrx_word' id='word_1_106' title='bbox 206 1276 235 1305; x_wconf 89' lang='lat' dir='ltr'>in</span> <span class='ocrx_word' id='word_1_107' title='bbox 250 1274 377 1304; x_wconf 80' lang='lat' dir='ltr'>constitit</span> <span class='ocrx_word' id='word_1_108' title='bbox 389 1279 482 1304; x_wconf 75' lang='lat' dir='ltr'>vento.</span> <span class='ocrx_word' id='word_1_109' title='bbox 514 1273 606 1302; x_wconf 69' lang='lat' dir='ltr'>Prius</span> <span class='ocrx_word' id='word_1_110' title='bbox 621 1275 716 1312; x_wconf 86' lang='lat' dir='ltr'>primo</span> <span class='ocrx_word' id='word_1_111' title='bbox 730 1272 837 1302; x_wconf 86' lang='lat' dir='ltr'>obtutu</span> 
     </span>
     <span class='ocr_line' id='line_1_22' title="bbox 127 1310 836 1353; baseline -0.004 -11"><span class='ocrx_word' id='word_1_112' title='bbox 127 1324 182 1352; x_wconf 89' lang='lat' dir='ltr'>per</span> <span class='ocrx_word' id='word_1_113' title='bbox 197 1313 386 1353; x_wconf 82' lang='lat' dir='ltr'>periphrasin</span> <span class='ocrx_word' id='word_1_114' title='bbox 411 1323 465 1353; x_wconf 89' lang='lat' dir='ltr'>pro</span> <span class='ocrx_word' id='word_1_115' title='bbox 485 1316 552 1341; x_wconf 90' lang='lat' dir='ltr'>rota</span> <span class='ocrx_word' id='word_1_116' title='bbox 567 1310 683 1343; x_wconf 88' lang='lat' dir='ltr'>dictum</span> <span class='ocrx_word' id='word_1_117' title='bbox 706 1321 772 1341; x_wconf 70' lang='lat' dir='ltr'>esse</span> <span class='ocrx_word' id='word_1_118' title='bbox 792 1311 836 1339; x_wconf 89' lang='lat' dir='ltr'>vi-</span> 
     </span>
     <span class='ocr_line' id='line_1_23' title="bbox 127 1350 836 1394; baseline 0 -13"><span class='ocrx_word' id='word_1_119' title='bbox 127 1353 229 1388; x_wconf 86' lang='lat' dir='ltr'>detur,</span> <span class='ocrx_word' id='word_1_120' title='bbox 253 1354 334 1383; x_wconf 89' lang='lat' dir='ltr'>nullo</span> <span class='ocrx_word' id='word_1_121' title='bbox 356 1356 452 1384; x_wconf 85' lang='lat' dir='ltr'>tamen</span> <span class='ocrx_word' id='word_1_122' title='bbox 472 1353 531 1382; x_wconf 89' lang='lat' dir='ltr'>alio</span> <span class='ocrx_word' id='word_1_123' title='bbox 557 1353 698 1391; x_wconf 78' lang='lat' dir='ltr'>exemplo</span> <span class='ocrx_word' id='word_1_124' title='bbox 725 1350 836 1394; x_wconf 69' lang='lat' dir='ltr'>firmari</span> 
     </span>
     <span class='ocr_line' id='line_1_24' title="bbox 126 1391 836 1430; baseline 0.003 -10"><span class='ocrx_word' id='word_1_125' title='bbox 126 1395 248 1430; x_wconf 81' lang='lat' dir='ltr'>potest3</span> <span class='ocrx_word' id='word_1_126' title='bbox 269 1393 326 1422; x_wconf 89' lang='lat' dir='ltr'>nisi</span> <span class='ocrx_word' id='word_1_127' title='bbox 349 1397 437 1430; x_wconf 89' lang='lat' dir='ltr'>putes</span> <span class='ocrx_word' id='word_1_128' title='bbox 468 1402 537 1421; x_wconf 90' lang='lat' dir='ltr'>esse</span> <span class='ocrx_word' id='word_1_129' title='bbox 565 1391 679 1421; x_wconf 85' lang='lat' dir='ltr'>dictum</span> <span class='ocrx_word' id='word_1_130' title='bbox 707 1394 750 1426; x_wconf 66' lang='lat' dir='ltr'>ut,</span> <span class='ocrx_word' id='word_1_131' title='bbox 772 1399 836 1418; x_wconf 65' lang='lat'><em>“³018</em></span> 
     </span>
     <span class='ocr_line' id='line_1_25' title="bbox 125 1429 835 1472; baseline -0.006 -13"><span class='ocrx_word' id='word_1_132' title='bbox 125 1431 214 1466; x_wconf 74' lang='lat' dir='ltr'>orbis,</span> <span class='ocrx_word' id='word_1_133' title='bbox 236 1436 267 1460; x_wconf 92' lang='lat' dir='ltr'>et</span> <span class='ocrx_word' id='word_1_134' title='bbox 278 1436 343 1460; x_wconf 83' lang='lat' dir='ltr'>rota</span> <span class='ocrx_word' id='word_1_135' title='bbox 356 1431 466 1461; x_wconf 77' lang='lat' dir='ltr'>rhombi</span> <span class='ocrx_word' id='word_1_136' title='bbox 476 1429 618 1460; x_wconf 75' lang='lat' dir='ltr'>staminea</span> <span class='ocrx_word' id='word_1_137' title='bbox 633 1441 680 1469; x_wconf 86' lang='lat' dir='ltr'>ap.</span> <span class='ocrx_word' id='word_1_138' title='bbox 695 1430 835 1472; x_wconf 63' lang='lat' dir='ltr'>Propert3</span> 
     </span>
     <span class='ocr_line' id='line_1_26' title="bbox 126 1469 834 1509; baseline -0.001 -11"><span class='ocrx_word' id='word_1_139' title='bbox 126 1469 193 1505; x_wconf 89' lang='lat' dir='ltr'>III,</span> <span class='ocrx_word' id='word_1_140' title='bbox 208 1471 238 1505; x_wconf 86' lang='grc'>4,</span> <span class='ocrx_word' id='word_1_141' title='bbox 255 1472 303 1500; x_wconf 84' lang='grc'>26.</span> <span class='ocrx_word' id='word_1_142' title='bbox 327 1470 411 1509; x_wconf 89' lang='lat' dir='ltr'>(III,</span> <span class='ocrx_word' id='word_1_143' title='bbox 433 1472 463 1505; x_wconf 81' lang='lat'>6,</span> <span class='ocrx_word' id='word_1_144' title='bbox 483 1470 538 1508; x_wconf 82' lang='lat'>26)</span> <span class='ocrx_word' id='word_1_145' title='bbox 558 1480 614 1507; x_wconf 86' lang='lat' dir='ltr'>pro</span> <span class='ocrx_word' id='word_1_146' title='bbox 628 1470 764 1502; x_wconf 79' lang='lat' dir='ltr'>rliomb0‚</span> <span class='ocrx_word' id='word_1_147' title='bbox 786 1477 834 1495; x_wconf 81' lang='lat' dir='ltr'>cui</span> 
     </span>
     <span class='ocr_line' id='line_1_27' title="bbox 125 1509 834 1545; baseline 0.003 -9"><span class='ocrx_word' id='word_1_148' title='bbox 125 1509 252 1538; x_wconf 83' lang='lat' dir='ltr'>stamina</span> <span class='ocrx_word' id='word_1_149' title='bbox 274 1519 326 1538; x_wconf 86' lang='lat' dir='ltr'>seu</span> <span class='ocrx_word' id='word_1_150' title='bbox 351 1509 421 1545; x_wconf 84' lang='lat' dir='ltr'>filia,</span> <span class='ocrx_word' id='word_1_151' title='bbox 443 1509 522 1543; x_wconf 87' lang='lat' dir='ltr'>licia,</span> <span class='ocrx_word' id='word_1_152' title='bbox 544 1509 729 1538; x_wconf 88' lang='lat' dir='ltr'>circumdata</span> <span class='ocrx_word' id='word_1_153' title='bbox 756 1510 834 1535; x_wconf 67' lang='lat' dir='ltr'>Sunt·</span> 
     </span>
     <span class='ocr_line' id='line_1_28' title="bbox 126 1544 832 1583; baseline 0 -8"><span class='ocrx_word' id='word_1_154' title='bbox 126 1547 270 1577; x_wconf 84' lang='lat' dir='ltr'>Occurrit</span> <span class='ocrx_word' id='word_1_155' title='bbox 283 1552 384 1577; x_wconf 85' lang='lat' dir='ltr'>contra</span> <span class='ocrx_word' id='word_1_156' title='bbox 397 1548 476 1578; x_wconf 80' lang='lat' dir='ltr'>orbis</span> <span class='ocrx_word' id='word_1_157' title='bbox 489 1552 571 1583; x_wconf 64' lang='lat' dir='ltr'>rom,</span> <span class='ocrx_word' id='word_1_158' title='bbox 592 1552 625 1576; x_wconf 87' lang='lat' dir='ltr'>ut</span> <span class='ocrx_word' id='word_1_159' title='bbox 643 1548 670 1576; x_wconf 92' lang='lat' dir='ltr'>in</span> <span class='ocrx_word' id='word_1_160' title='bbox 692 1544 813 1576; x_wconf 80' lang='lat' dir='ltr'>Tibullo</span> <span class='ocrx_word' id='word_1_161' title='bbox 827 1555 832 1572; x_wconf 76' lang='lat'>1</span> 
     </span>
     <span class='ocr_line' id='line_1_29' title="bbox 124 1583 834 1621; baseline -0.001 -7"><span class='ocrx_word' id='word_1_162' title='bbox 124 1585 153 1619; x_wconf 91' lang='lat' dir='ltr'>I,</span> <span class='ocrx_word' id='word_1_163' title='bbox 168 1588 198 1621; x_wconf 89' lang='lat'>5,</span> <span class='ocrx_word' id='word_1_164' title='bbox 219 1588 267 1615; x_wconf 82' lang='lat'>70.</span> <span class='ocrx_word' id='word_1_165' title='bbox 303 1587 446 1616; x_wconf 68' lang='lat' dir='ltr'>Versatur</span> <span class='ocrx_word' id='word_1_166' title='bbox 467 1586 553 1616; x_wconf 73' lang='lat' dir='ltr'>celeri</span> <span class='ocrx_word' id='word_1_167' title='bbox 580 1586 658 1615; x_wconf 79' lang='lat' dir='ltr'>Fors</span> <span class='ocrx_word' id='word_1_168' title='bbox 680 1586 750 1615; x_wconf 79' lang='lat' dir='ltr'>levis</span> <span class='ocrx_word' id='word_1_169' title='bbox 767 1583 834 1611; x_wconf 66' lang='lat' dir='ltr'>orbe</span> 
     </span>
     <span class='ocr_line' id='line_1_30' title="bbox 123 1625 832 1661; baseline 0 -9"><span class='ocrx_word' id='word_1_170' title='bbox 123 1629 206 1661; x_wconf 66' lang='grc' dir='ltr'><em>τοίω,</em></span> <span class='ocrx_word' id='word_1_171' title='bbox 228 1630 259 1654; x_wconf 84' lang='lat' dir='ltr'>et</span> <span class='ocrx_word' id='word_1_172' title='bbox 283 1636 322 1655; x_wconf 83' lang='lat' dir='ltr'>ex</span> <span class='ocrx_word' id='word_1_173' title='bbox 350 1626 448 1655; x_wconf 83' lang='lat' dir='ltr'>Plinio</span> <span class='ocrx_word' id='word_1_174' title='bbox 468 1625 628 1655; x_wconf 76' lang='lat' dir='ltr'>laudantur</span> <span class='ocrx_word' id='word_1_175' title='bbox 651 1625 733 1654; x_wconf 76' lang='lat' dir='ltr'>orbes</span> <span class='ocrx_word' id='word_1_176' title='bbox 753 1626 832 1652; x_wconf 77' lang='lat' dir='ltr'>rota-</span> 
     </span>
     <span class='ocr_line' id='line_1_31' title="bbox 122 1662 833 1702; baseline 0 -11"><span class='ocrx_word' id='word_1_177' title='bbox 122 1673 195 1692; x_wconf 79' lang='lat' dir='ltr'>rum.</span> <span class='ocrx_word' id='word_1_178' title='bbox 238 1664 337 1702; x_wconf 73' lang='lat' dir='ltr'>Igitur</span> <span class='ocrx_word' id='word_1_179' title='bbox 355 1665 413 1694; x_wconf 89' lang='lat' dir='ltr'>alio</span> <span class='ocrx_word' id='word_1_180' title='bbox 435 1665 523 1694; x_wconf 87' lang='lat' dir='ltr'>modo</span> <span class='ocrx_word' id='word_1_181' title='bbox 544 1665 580 1693; x_wconf 88' lang='lat' dir='ltr'>ab</span> <span class='ocrx_word' id='word_1_182' title='bbox 597 1663 664 1692; x_wconf 78' lang='lat' dir='ltr'>aliis</span> <span class='ocrx_word' id='word_1_183' title='bbox 687 1662 833 1701; x_wconf 81' lang='lat' dir='ltr'>accipitur</span> 
     </span>
     <span class='ocr_line' id='line_1_32' title="bbox 122 1700 833 1743; baseline 0.003 -14"><span class='ocrx_word' id='word_1_184' title='bbox 122 1706 187 1731; x_wconf 74' lang='lat' dir='ltr'>rota</span> <span class='ocrx_word' id='word_1_185' title='bbox 198 1702 276 1731; x_wconf 77' lang='lat' dir='ltr'>orbis</span> <span class='ocrx_word' id='word_1_186' title='bbox 290 1714 344 1741; x_wconf 90' lang='lat' dir='ltr'>pro</span> <span class='ocrx_word' id='word_1_187' title='bbox 358 1704 505 1732; x_wconf 85' lang='lat' dir='ltr'>rotatione</span> <span class='ocrx_word' id='word_1_188' title='bbox 516 1702 600 1731; x_wconf 85' lang='lat' dir='ltr'>orbis</span> <span class='ocrx_word' id='word_1_189' title='bbox 616 1712 668 1731; x_wconf 86' lang='lat' dir='ltr'>seu</span> <span class='ocrx_word' id='word_1_190' title='bbox 684 1706 768 1731; x_wconf 76' lang='lat' dir='ltr'>rotae.</span> <span class='ocrx_word' id='word_1_191' title='bbox 790 1700 833 1743; x_wconf 58' lang='lat' dir='ltr'>At</span> 
     </span>
     <span class='ocr_line' id='line_1_33' title="bbox 122 1741 831 1780; baseline 0.001 -12"><span class='ocrx_word' id='word_1_192' title='bbox 122 1741 199 1769; x_wconf 86' lang='lat' dir='ltr'>enim</span> <span class='ocrx_word' id='word_1_193' title='bbox 216 1742 357 1780; x_wconf 85' lang='lat' dir='ltr'>exempla</span> <span class='ocrx_word' id='word_1_194' title='bbox 369 1742 458 1779; x_wconf 84' lang='lat' dir='ltr'>hujus</span> <span class='ocrx_word' id='word_1_195' title='bbox 473 1752 544 1770; x_wconf 83' lang='lat' dir='ltr'>usus</span> <span class='ocrx_word' id='word_1_196' title='bbox 559 1751 614 1770; x_wconf 89' lang='lat' dir='ltr'>non</span> <span class='ocrx_word' id='word_1_197' title='bbox 628 1742 726 1770; x_wconf 76' lang='lat' dir='ltr'>minus</span> <span class='ocrx_word' id='word_1_198' title='bbox 752 1742 831 1769; x_wconf 53' lang='lat' dir='ltr'>‹le-21-</span> 
     </span>
     <span class='ocr_line' id='line_1_34' title="bbox 120 1779 832 1818; baseline 0 -11"><span class='ocrx_word' id='word_1_199' title='bbox 120 1779 276 1815; x_wconf 83' lang='lat' dir='ltr'>derantur3</span> <span class='ocrx_word' id='word_1_200' title='bbox 292 1790 359 1818; x_wconf 70' lang='lat' dir='ltr'>qua·</span> <span class='ocrx_word' id='word_1_201' title='bbox 368 1781 619 1813; x_wconf 81' lang='lat' dir='ltr'>eniinlaudantur,</span> <span class='ocrx_word' id='word_1_202' title='bbox 633 1790 737 1818; x_wconf 88' lang='lat' dir='ltr'>parum</span> <span class='ocrx_word' id='word_1_203' title='bbox 749 1780 832 1808; x_wconf 62' lang='lat' dir='ltr'>firma</span> 
     </span>
     <span class='ocr_line' id='line_1_35' title="bbox 123 1815 830 1857; baseline 0 -12"><span class='ocrx_word' id='word_1_204' title='bbox 123 1822 203 1847; x_wconf 82' lang='lat' dir='ltr'>sunt.</span> <span class='ocrx_word' id='word_1_205' title='bbox 245 1819 337 1857; x_wconf 87' lang='lat' dir='ltr'>Apud</span> <span class='ocrx_word' id='word_1_206' title='bbox 363 1819 505 1857; x_wconf 86' lang='lat' dir='ltr'>Propert.</span> <span class='ocrx_word' id='word_1_207' title='bbox 533 1819 581 1853; x_wconf 88' lang='grc' dir='ltr'>ΙΙ,</span> <span class='ocrx_word' id='word_1_208' title='bbox 602 1820 631 1851; x_wconf 86' lang='lat'>7,</span> <span class='ocrx_word' id='word_1_209' title='bbox 651 1819 698 1847; x_wconf 73' lang='lat'>32.</span> <span class='ocrx_word' id='word_1_210' title='bbox 723 1820 768 1852; x_wconf 71' lang='lat'>(8.</span> <span class='ocrx_word' id='word_1_211' title='bbox 784 1815 830 1851; x_wconf 69' lang='grc' dir='ltr'>Β.)</span> 
     </span>
     <span class='ocr_line' id='line_1_36' title="bbox 124 1855 825 1893; baseline -0.001 -9"><span class='ocrx_word' id='word_1_212' title='bbox 124 1855 258 1886; x_wconf 75' lang='lat' dir='ltr'>Vim-eris</span> <span class='ocrx_word' id='word_1_213' title='bbox 269 1862 319 1886; x_wconf 78' lang='grc' dir='ltr'>(ιιιὶ</span> <span class='ocrx_word' id='word_1_214' title='bbox 333 1857 443 1893; x_wconf 72' lang='lat' dir='ltr'>vincis‚·</span> <span class='ocrx_word' id='word_1_215' title='bbox 466 1858 525 1886; x_wconf 69' lang='lat' dir='ltr'>Izaec</span> <span class='ocrx_word' id='word_1_216' title='bbox 539 1857 568 1885; x_wconf 82' lang='lat' dir='ltr'>in</span> <span class='ocrx_word' id='word_1_217' title='bbox 581 1867 680 1885; x_wconf 68' lang='lat' dir='ltr'>amora</span> <span class='ocrx_word' id='word_1_218' title='bbox 694 1861 758 1885; x_wconf 72' lang='lat' dir='ltr'>rota</span> <span class='ocrx_word' id='word_1_219' title='bbox 772 1862 825 1891; x_wconf 67' lang='lat' dir='ltr'>est,</span> 
     </span>
     <span class='ocr_line' id='line_1_37' title="bbox 119 1896 824 1933; baseline 0.001 -10"><span class='ocrx_word' id='word_1_220' title='bbox 119 1904 175 1923; x_wconf 88' lang='lat' dir='ltr'>non</span> <span class='ocrx_word' id='word_1_221' title='bbox 189 1900 236 1925; x_wconf 85' lang='lat' dir='ltr'>est</span> <span class='ocrx_word' id='word_1_222' title='bbox 248 1897 366 1931; x_wconf 78' lang='lat' dir='ltr'>rotatio,</span> <span class='ocrx_word' id='word_1_223' title='bbox 382 1897 435 1925; x_wconf 86' lang='lat' dir='ltr'>sed</span> <span class='ocrx_word' id='word_1_224' title='bbox 451 1900 498 1925; x_wconf 83' lang='lat' dir='ltr'>est</span> <span class='ocrx_word' id='word_1_225' title='bbox 511 1896 646 1933; x_wconf 87' lang='lat' dir='ltr'>tropicus</span> <span class='ocrx_word' id='word_1_226' title='bbox 662 1905 735 1924; x_wconf 73' lang='lat' dir='ltr'>usus</span> <span class='ocrx_word' id='word_1_227' title='bbox 750 1900 824 1924; x_wconf 64' lang='grc' dir='ltr'>τοία)</span> 
     </span>
     <span class='ocr_line' id='line_1_38' title="bbox 119 1933 823 1973; baseline 0.003 -12"><span class='ocrx_word' id='word_1_228' title='bbox 119 1933 261 1964; x_wconf 84' lang='lat' dir='ltr'>Fortunae</span> <span class='ocrx_word' id='word_1_229' title='bbox 277 1945 331 1973; x_wconf 84' lang='lat' dir='ltr'>pro</span> <span class='ocrx_word' id='word_1_230' title='bbox 345 1934 554 1964; x_wconf 80' lang='lat' dir='ltr'>vicissitudine</span> <span class='ocrx_word' id='word_1_231' title='bbox 569 1935 658 1963; x_wconf 78' lang='lat' dir='ltr'>dicta.</span> <span class='ocrx_word' id='word_1_232' title='bbox 681 1935 738 1963; x_wconf 84' lang='lat' dir='ltr'>Inf.</span> <span class='ocrx_word' id='word_1_233' title='bbox 752 1935 823 1964; x_wconf 73' lang='lat' dir='ltr'>AEn.</span> 
     </span>
     <span class='ocr_line' id='line_1_39' title="bbox 119 1972 824 2010; baseline -0.001 -8"><span class='ocrx_word' id='word_1_234' title='bbox 119 1972 176 2006; x_wconf 83' lang='lat' dir='ltr'>VI,</span> <span class='ocrx_word' id='word_1_235' title='bbox 191 1974 260 2002; x_wconf 71' lang='grc'><strong>748.</strong></span> <span class='ocrx_word' id='word_1_236' title='bbox 274 1973 323 2002; x_wconf 82' lang='lat' dir='ltr'>ubi</span> <span class='ocrx_word' id='word_1_237' title='bbox 337 1973 414 2002; x_wconf 71' lang='lat' dir='ltr'>mille</span> <span class='ocrx_word' id='word_1_238' title='bbox 427 1978 521 2002; x_wconf 69' lang='lat' dir='ltr'>roiam</span> <span class='ocrx_word' id='word_1_239' title='bbox 540 1973 650 2001; x_wconf 65' lang='lat' dir='ltr'>volvere</span> <span class='ocrx_word' id='word_1_240' title='bbox 662 1983 715 2010; x_wconf 75' lang='lat' dir='ltr'>per</span> <span class='ocrx_word' id='word_1_241' title='bbox 734 1984 824 2002; x_wconf 64' lang='lat' dir='ltr'>annos</span> 
     </span>
     <span class='ocr_line' id='line_1_40' title="bbox 117 2010 823 2048; baseline 0.001 -9"><span class='ocrx_word' id='word_1_242' title='bbox 117 2010 184 2048; x_wconf 86' lang='lat' dir='ltr'>quis</span> <span class='ocrx_word' id='word_1_243' title='bbox 197 2011 307 2042; x_wconf 85' lang='lat' dir='ltr'>dixerit</span> <span class='ocrx_word' id='word_1_244' title='bbox 320 2023 387 2042; x_wconf 84' lang='lat' dir='ltr'>esse</span> <span class='ocrx_word' id='word_1_245' title='bbox 403 2013 523 2041; x_wconf 87' lang='lat' dir='ltr'>volvere</span> <span class='ocrx_word' id='word_1_246' title='bbox 536 2012 737 2041; x_wconf 72' lang='lat' dir='ltr'>rotationem?</span> <span class='ocrx_word' id='word_1_247' title='bbox 766 2013 823 2041; x_wconf 83' lang='lat' dir='ltr'>Est</span> 
     </span>
     <span class='ocr_line' id='line_1_41' title="bbox 116 2051 821 2090; baseline 0.004 -14"><span class='ocrx_word' id='word_1_248' title='bbox 116 2053 183 2078; x_wconf 84' lang='lat' dir='ltr'>rota</span> <span class='ocrx_word' id='word_1_249' title='bbox 204 2060 259 2088; x_wconf 87' lang='lat' dir='ltr'>pro</span> <span class='ocrx_word' id='word_1_250' title='bbox 284 2052 367 2084; x_wconf 83' lang='lat' dir='ltr'>orbe,</span> <span class='ocrx_word' id='word_1_251' title='bbox 387 2051 548 2090; x_wconf 84' lang='lat' dir='ltr'>complexu</span> <span class='ocrx_word' id='word_1_252' title='bbox 571 2055 653 2080; x_wconf 86' lang='lat' dir='ltr'>certo</span> <span class='ocrx_word' id='word_1_253' title='bbox 679 2061 821 2079; x_wconf 76' lang='lat' dir='ltr'>annornm</span> 
     </span>
     <span class='ocr_line' id='line_1_42' title="bbox 117 2087 821 2126; baseline 0.003 -11"><span class='ocrx_word' id='word_1_254' title='bbox 117 2087 243 2118; x_wconf 88' lang='lat' dir='ltr'>dictum.</span> <span class='ocrx_word' id='word_1_255' title='bbox 283 2090 376 2119; x_wconf 84' lang='lat' dir='ltr'>Caret</span> <span class='ocrx_word' id='word_1_256' title='bbox 389 2090 483 2126; x_wconf 65' lang='lat' dir='ltr'>igitur</span> <span class='ocrx_word' id='word_1_257' title='bbox 503 2093 532 2119; x_wconf 86' lang='lat' dir='ltr'>et</span> <span class='ocrx_word' id='word_1_258' title='bbox 553 2090 608 2118; x_wconf 81' lang='lat' dir='ltr'>boc</span> <span class='ocrx_word' id='word_1_259' title='bbox 627 2090 735 2118; x_wconf 84' lang='lat' dir='ltr'>idonea</span> <span class='ocrx_word' id='word_1_260' title='bbox 750 2100 821 2118; x_wconf 81' lang='lat' dir='ltr'>usus</span> 
     </span>
     <span class='ocr_line' id='line_1_43' title="bbox 116 2127 822 2166; baseline 0.004 -12"><span class='ocrx_word' id='word_1_261' title='bbox 116 2127 303 2158; x_wconf 87' lang='lat' dir='ltr'>auctoritate.</span> <span class='ocrx_word' id='word_1_262' title='bbox 352 2129 523 2158; x_wconf 80' lang='lat' dir='ltr'>Modestius</span> <span class='ocrx_word' id='word_1_263' title='bbox 546 2128 638 2166; x_wconf 78' lang='lat' dir='ltr'>igitur</span> <span class='ocrx_word' id='word_1_264' title='bbox 658 2132 705 2157; x_wconf 85' lang='lat' dir='ltr'>est</span> <span class='ocrx_word' id='word_1_265' title='bbox 727 2129 822 2157; x_wconf 81' lang='lat' dir='ltr'>conti-</span> 
     </span>
     <span class='ocr_line' id='line_1_44' title="bbox 116 2166 824 2205; baseline 0.006 -13"><span class='ocrx_word' id='word_1_266' title='bbox 116 2173 187 2193; x_wconf 85' lang='lat' dir='ltr'>nere</span> <span class='ocrx_word' id='word_1_267' title='bbox 207 2175 241 2194; x_wconf 87' lang='lat' dir='ltr'>se</span> <span class='ocrx_word' id='word_1_268' title='bbox 263 2166 292 2194; x_wconf 88' lang='lat' dir='ltr'>in</span> <span class='ocrx_word' id='word_1_269' title='bbox 315 2167 512 2202; x_wconf 82' lang='lat' dir='ltr'>dubitatione,</span> <span class='ocrx_word' id='word_1_270' title='bbox 539 2177 590 2196; x_wconf 88' lang='lat' dir='ltr'>nec</span> <span class='ocrx_word' id='word_1_271' title='bbox 616 2177 672 2205; x_wconf 86' lang='lat' dir='ltr'>pro</span> <span class='ocrx_word' id='word_1_272' title='bbox 699 2167 824 2196; x_wconf 84' lang='lat' dir='ltr'>arbitrio</span> 
     </span>
     <span class='ocr_line' id='line_1_45' title="bbox 115 2203 823 2243; baseline 0.006 -13"><span class='ocrx_word' id='word_1_273' title='bbox 115 2203 506 2241; x_wconf 60' lang='lat' dir='ltr'>pronuntiare—Alterum,</span> <span class='ocrx_word' id='word_1_274' title='bbox 517 2210 609 2240; x_wconf 75' lang='lat' dir='ltr'>vento,</span> <span class='ocrx_word' id='word_1_275' title='bbox 619 2210 735 2243; x_wconf 81' lang='lat' dir='ltr'>spectat</span> <span class='ocrx_word' id='word_1_276' title='bbox 746 2206 823 2234; x_wconf 80' lang='lat' dir='ltr'>haud</span> 
     </span>
     <span class='ocr_line' id='line_1_46' title="bbox 115 2242 821 2273; baseline 0.004 -4"><span class='ocrx_word' id='word_1_277' title='bbox 115 2242 209 2271; x_wconf 87' lang='lat' dir='ltr'>dubie</span> <span class='ocrx_word' id='word_1_278' title='bbox 231 2243 267 2271; x_wconf 84' lang='lat' dir='ltr'>ad</span> <span class='ocrx_word' id='word_1_279' title='bbox 288 2245 406 2273; x_wconf 85' lang='lat' dir='ltr'>modum</span> <span class='ocrx_word' id='word_1_280' title='bbox 430 2244 576 2273; x_wconf 86' lang='lat' dir='ltr'>cessantis</span> <span class='ocrx_word' id='word_1_281' title='bbox 598 2244 752 2273; x_wconf 81' lang='lat' dir='ltr'>rotationis</span> <span class='ocrx_word' id='word_1_282' title='bbox 769 2255 821 2273; x_wconf 72' lang='lat' dir='ltr'>seu</span> 
     </span>
     <span class='ocr_line' id='line_1_47' title="bbox 114 2282 816 2321; baseline 0.004 -13"><span class='ocrx_word' id='word_1_283' title='bbox 114 2284 215 2309; x_wconf 85' lang='lat' dir='ltr'>motus</span> <span class='ocrx_word' id='word_1_284' title='bbox 237 2285 322 2310; x_wconf 80' lang='lat' dir='ltr'>rotae.</span> <span class='ocrx_word' id='word_1_285' title='bbox 362 2282 452 2311; x_wconf 81' lang='lat' dir='ltr'>Hunc</span> <span class='ocrx_word' id='word_1_286' title='bbox 467 2292 483 2311; x_wconf 84' lang='lat' dir='ltr'>a</span> <span class='ocrx_word' id='word_1_287' title='bbox 496 2287 584 2312; x_wconf 82' lang='lat' dir='ltr'>vento</span> <span class='ocrx_word' id='word_1_288' title='bbox 623 2283 664 2311; x_wconf 82' lang='lat' dir='ltr'>eti</span> <span class='ocrx_word' id='word_1_289' title='bbox 678 2293 694 2311; x_wconf 87' lang='lat' dir='ltr'>a</span> <span class='ocrx_word' id='word_1_290' title='bbox 708 2284 816 2321; x_wconf 57' lang='lat' dir='ltr'>poetis,</span> 
     </span>
     <span class='ocr_line' id='line_1_48' title="bbox 112 2318 817 2360; baseline 0.003 -13"><span class='ocrx_word' id='word_1_291' title='bbox 112 2318 142 2347; x_wconf 88' lang='lat' dir='ltr'>in</span> <span class='ocrx_word' id='word_1_292' title='bbox 157 2319 288 2349; x_wconf 85' lang='lat' dir='ltr'>editione</span> <span class='ocrx_word' id='word_1_293' title='bbox 309 2322 420 2358; x_wconf 82' lang='lat' dir='ltr'>majore</span> <span class='ocrx_word' id='word_1_294' title='bbox 442 2321 530 2350; x_wconf 89' lang='lat' dir='ltr'>docui</span> <span class='ocrx_word' id='word_1_295' title='bbox 552 2322 654 2350; x_wconf 86' lang='lat' dir='ltr'>mutis</span> <span class='ocrx_word' id='word_1_296' title='bbox 676 2321 749 2350; x_wconf 69' lang='lat' dir='ltr'>loeis</span> <span class='ocrx_word' id='word_1_297' title='bbox 766 2332 817 2360; x_wconf 87' lang='lat' dir='ltr'>ap-</span> 
     </span>
     <span class='ocr_line' id='line_1_49' title="bbox 112 2358 817 2397; baseline 0.003 -11"><span class='ocrx_word' id='word_1_298' title='bbox 112 2358 239 2394; x_wconf 81' lang='lat' dir='ltr'>positis3</span> <span class='ocrx_word' id='word_1_299' title='bbox 261 2359 406 2397; x_wconf 81' lang='lat' dir='ltr'>quaeritur</span> <span class='ocrx_word' id='word_1_300' title='bbox 421 2369 497 2387; x_wconf 86' lang='lat' dir='ltr'>nunc</span> <span class='ocrx_word' id='word_1_301' title='bbox 511 2369 599 2388; x_wconf 87' lang='lat' dir='ltr'>casus</span> <span class='ocrx_word' id='word_1_302' title='bbox 616 2363 720 2389; x_wconf 81' lang='lat' dir='ltr'>sextus</span> <span class='ocrx_word' id='word_1_303' title='bbox 735 2365 817 2389; x_wconf 75' lang='lat' dir='ltr'>rento</span> 
     </span>
     <span class='ocr_line' id='line_1_50' title="bbox 112 2396 817 2436; baseline 0.006 -12"><span class='ocrx_word' id='word_1_304' title='bbox 112 2397 262 2434; x_wconf 84' lang='lat' dir='ltr'>quomodo</span> <span class='ocrx_word' id='word_1_305' title='bbox 272 2397 357 2435; x_wconf 85' lang='lat' dir='ltr'>jungi</span> <span class='ocrx_word' id='word_1_306' title='bbox 372 2396 471 2436; x_wconf 84' lang='lat' dir='ltr'>possit</span> <span class='ocrx_word' id='word_1_307' title='bbox 484 2408 550 2426; x_wconf 91' lang='lat' dir='ltr'>cum</span> <span class='ocrx_word' id='word_1_308' title='bbox 564 2399 699 2427; x_wconf 72' lang='lat' dir='ltr'>constitit.</span> <span class='ocrx_word' id='word_1_309' title='bbox 742 2399 817 2428; x_wconf 84' lang='lat' dir='ltr'>Dixi</span> 
     </span>
     <span class='ocr_line' id='line_1_51' title="bbox 111 2438 817 2472; baseline 0.004 -9"><span class='ocrx_word' id='word_1_310' title='bbox 111 2444 203 2472; x_wconf 86' lang='lat' dir='ltr'>posse</span> <span class='ocrx_word' id='word_1_311' title='bbox 227 2446 295 2465; x_wconf 83' lang='lat' dir='ltr'>esse</span> <span class='ocrx_word' id='word_1_312' title='bbox 319 2440 370 2465; x_wconf 89' lang='lat' dir='ltr'>aut</span> <span class='ocrx_word' id='word_1_313' title='bbox 394 2446 411 2464; x_wconf 88' lang='lat' dir='ltr'>a</span> <span class='ocrx_word' id='word_1_314' title='bbox 438 2440 529 2470; x_wconf 76' lang='lat' dir='ltr'>vento,</span> <span class='ocrx_word' id='word_1_315' title='bbox 551 2440 594 2472; x_wconf 85' lang='lat' dir='ltr'>ut,</span> <span class='ocrx_word' id='word_1_316' title='bbox 615 2441 703 2465; x_wconf 83' lang='lat' dir='ltr'>vento</span> <span class='ocrx_word' id='word_1_317' title='bbox 729 2438 817 2466; x_wconf 79' lang='lat' dir='ltr'>vehe-</span> 
     </span>
     <span class='ocr_line' id='line_1_52' title="bbox 111 2473 816 2514; baseline 0.004 -12"><span class='ocrx_word' id='word_1_318' title='bbox 111 2474 266 2509; x_wconf 82' lang='lat' dir='ltr'>mentiore,</span> <span class='ocrx_word' id='word_1_319' title='bbox 288 2485 348 2514; x_wconf 90' lang='lat' dir='ltr'>qno</span> <span class='ocrx_word' id='word_1_320' title='bbox 369 2474 440 2503; x_wconf 86' lang='lat' dir='ltr'>alias</span> <span class='ocrx_word' id='word_1_321' title='bbox 464 2473 723 2514; x_wconf 67' lang='lat' dir='ltr'>circumagebantur</span> <span class='ocrx_word' id='word_1_322' title='bbox 740 2481 816 2510; x_wconf 81' lang='lat' dir='ltr'>rota,</span> 
     </span>
     <span class='ocr_line' id='line_1_53' title="bbox 112 2513 816 2548; baseline 0.006 -9"><span class='ocrx_word' id='word_1_323' title='bbox 112 2513 299 2547; x_wconf 83' lang='lat' dir='ltr'>subsidente,</span> <span class='ocrx_word' id='word_1_324' title='bbox 330 2513 502 2543; x_wconf 85' lang='lat' dir='ltr'>subsideret</span> <span class='ocrx_word' id='word_1_325' title='bbox 527 2516 626 2542; x_wconf 79' lang='lat' dir='ltr'>motus</span> <span class='ocrx_word' id='word_1_326' title='bbox 653 2517 737 2548; x_wconf 72' lang='lat' dir='ltr'>rotoe,</span> <span class='ocrx_word' id='word_1_327' title='bbox 760 2515 816 2543; x_wconf 85' lang='lat' dir='ltr'>sic·</span> 
     </span>
     <span class='ocr_line' id='line_1_54' title="bbox 110 2551 814 2589; baseline 0.006 -12"><span class='ocrx_word' id='word_1_328' title='bbox 110 2559 168 2587; x_wconf 86' lang='lat' dir='ltr'>que</span> <span class='ocrx_word' id='word_1_329' title='bbox 188 2551 239 2581; x_wconf 85' lang='lat' dir='ltr'>illa</span> <span class='ocrx_word' id='word_1_330' title='bbox 256 2552 458 2589; x_wconf 80' lang='lat' dir='ltr'>subsisteret3</span> <span class='ocrx_word' id='word_1_331' title='bbox 482 2554 570 2589; x_wconf 83' lang='lat' dir='ltr'>atque</span> <span class='ocrx_word' id='word_1_332' title='bbox 588 2551 653 2580; x_wconf 87' lang='lat' dir='ltr'>haec</span> <span class='ocrx_word' id='word_1_333' title='bbox 677 2555 723 2581; x_wconf 83' lang='lat' dir='ltr'>est</span> <span class='ocrx_word' id='word_1_334' title='bbox 744 2553 814 2581; x_wconf 76' lang='lat' dir='ltr'>siin-</span> 
     </span>
     <span class='ocr_line' id='line_1_55' title="bbox 108 2588 815 2629; baseline 0.008 -15"><span class='ocrx_word' id='word_1_335' title='bbox 108 2588 216 2625; x_wconf 87' lang='lat' dir='ltr'>plicior</span> <span class='ocrx_word' id='word_1_336' title='bbox 241 2595 272 2619; x_wconf 88' lang='lat' dir='ltr'>et</span> <span class='ocrx_word' id='word_1_337' title='bbox 292 2591 444 2629; x_wconf 71' lang='lat' dir='ltr'>vulgatior</span> <span class='ocrx_word' id='word_1_338' title='bbox 464 2590 562 2624; x_wconf 86' lang='lat' dir='ltr'>ratio;</span> <span class='ocrx_word' id='word_1_339' title='bbox 584 2594 635 2618; x_wconf 87' lang='lat' dir='ltr'>aut</span> <span class='ocrx_word' id='word_1_340' title='bbox 657 2595 690 2619; x_wconf 90' lang='lat' dir='ltr'>ut</span> <span class='ocrx_word' id='word_1_341' title='bbox 715 2596 815 2620; x_wconf 77' lang='lat' dir='ltr'>venius</span> 
     </span>
     <span class='ocr_line' id='line_1_56' title="bbox 107 2626 812 2668; baseline 0.011 -15"><span class='ocrx_word' id='word_1_342' title='bbox 107 2626 206 2655; x_wconf 85' lang='lat' dir='ltr'>dictus</span> <span class='ocrx_word' id='word_1_343' title='bbox 229 2628 270 2658; x_wconf 90' lang='lat' dir='ltr'>sit</span> <span class='ocrx_word' id='word_1_344' title='bbox 295 2640 350 2668; x_wconf 87' lang='lat' dir='ltr'>pro</span> <span class='ocrx_word' id='word_1_345' title='bbox 371 2629 493 2663; x_wconf 77' lang='lat' dir='ltr'>turbine,</span> <span class='ocrx_word' id='word_1_346' title='bbox 517 2627 634 2662; x_wconf 71' lang='lat' dir='ltr'>vortice,</span> <span class='ocrx_word' id='word_1_347' title='bbox 655 2631 724 2660; x_wconf 74' lang='grc' dir='ltr'>δίνη.</span> <span class='ocrx_word' id='word_1_348' title='bbox 746 2640 812 2667; x_wconf 66' lang='lat' dir='ltr'>quac</span> 
     </span>
     <span class='ocr_line' id='line_1_57' title="bbox 108 2664 812 2707; baseline 0.004 -14"><span class='ocrx_word' id='word_1_349' title='bbox 108 2664 200 2693; x_wconf 85' lang='lat' dir='ltr'>tribui</span> <span class='ocrx_word' id='word_1_350' title='bbox 220 2667 297 2696; x_wconf 87' lang='lat' dir='ltr'>solet</span> <span class='ocrx_word' id='word_1_351' title='bbox 317 2672 404 2701; x_wconf 82' lang='lat' dir='ltr'>rotae,</span> <span class='ocrx_word' id='word_1_352' title='bbox 426 2667 544 2707; x_wconf 86' lang='lat' dir='ltr'>quando</span> <span class='ocrx_word' id='word_1_353' title='bbox 565 2667 617 2695; x_wconf 87' lang='lat' dir='ltr'>illa</span> <span class='ocrx_word' id='word_1_354' title='bbox 637 2666 812 2705; x_wconf 69' lang='lat' dir='ltr'>circumagi·</span> 
     </span>
     <span class='ocr_line' id='line_1_58' title="bbox 107 2703 812 2738; baseline 0.004 -7"><span class='ocrx_word' id='word_1_355' title='bbox 107 2707 177 2738; x_wconf 84' lang='lat' dir='ltr'>tur;</span> <span class='ocrx_word' id='word_1_356' title='bbox 198 2703 240 2732; x_wconf 81' lang='lat' dir='ltr'>ita</span> <span class='ocrx_word' id='word_1_357' title='bbox 259 2706 334 2735; x_wconf 84' lang='lat' dir='ltr'>crit:</span> <span class='ocrx_word' id='word_1_358' title='bbox 356 2711 422 2735; x_wconf 80' lang='lat' dir='ltr'>rota</span> <span class='ocrx_word' id='word_1_359' title='bbox 446 2705 574 2734; x_wconf 73' lang='lat' dir='ltr'>constitit</span> <span class='ocrx_word' id='word_1_360' title='bbox 599 2709 692 2738; x_wconf 67' lang='lat' dir='ltr'>rento,</span> <span class='ocrx_word' id='word_1_361' title='bbox 713 2704 741 2733; x_wconf 88' lang='lat' dir='ltr'>in</span> <span class='ocrx_word' id='word_1_362' title='bbox 764 2706 812 2735; x_wconf 74' lang='lat' dir='ltr'>vel</span> 
     </span>
     <span class='ocr_line' id='line_1_59' title="bbox 109 2742 812 2781; baseline 0.007 -12"><span class='ocrx_word' id='word_1_363' title='bbox 109 2751 126 2769; x_wconf 82' lang='lat' dir='ltr'>a</span> <span class='ocrx_word' id='word_1_364' title='bbox 146 2742 290 2772; x_wconf 81' lang='lat' dir='ltr'>rotatione</span> <span class='ocrx_word' id='word_1_365' title='bbox 310 2754 374 2780; x_wconf 88' lang='lat' dir='ltr'>sua,</span> <span class='ocrx_word' id='word_1_366' title='bbox 402 2750 485 2774; x_wconf 85' lang='lat' dir='ltr'>motu</span> <span class='ocrx_word' id='word_1_367' title='bbox 510 2749 540 2773; x_wconf 86' lang='lat' dir='ltr'>et</span> <span class='ocrx_word' id='word_1_368' title='bbox 567 2743 704 2777; x_wconf 83' lang='lat' dir='ltr'>turbine·⁷</span> <span class='ocrx_word' id='word_1_369' title='bbox 733 2745 812 2781; x_wconf 76' lang='lat' dir='ltr'>quod</span> 
     </span>
     <span class='ocr_line' id='line_1_60' title="bbox 107 2779 813 2820; baseline 0.004 -12"><span class='ocrx_word' id='word_1_370' title='bbox 107 2779 227 2817; x_wconf 78' lang='lat' dir='ltr'>quidem</span> <span class='ocrx_word' id='word_1_371' title='bbox 241 2782 358 2813; x_wconf 83' lang='lat' dir='ltr'>doctius</span> <span class='ocrx_word' id='word_1_372' title='bbox 380 2788 470 2820; x_wconf 66' lang='lat' dir='ltr'>esset,</span> <span class='ocrx_word' id='word_1_373' title='bbox 493 2788 523 2813; x_wconf 91' lang='lat' dir='ltr'>at</span> <span class='ocrx_word' id='word_1_374' title='bbox 545 2793 630 2812; x_wconf 81' lang='lat' dir='ltr'>usum</span> <span class='ocrx_word' id='word_1_375' title='bbox 651 2792 718 2812; x_wconf 84' lang='lat' dir='ltr'>voc.</span> <span class='ocrx_word' id='word_1_376' title='bbox 738 2784 813 2812; x_wconf 60' lang='lat' dir='ltr'>venii</span> 
     </span>
    </p>
   </div>
   <div class='ocr_carea' id='block_1_11' title="bbox 851 1080 1587 2821">
    <p class='ocr_par' dir='ltr' id='par_1_11' title="bbox 875 1080 1587 1426">
     <span class='ocr_line' id='line_1_61' title="bbox 882 1080 1585 1119; baseline 0.003 -10"><span class='ocrx_word' id='word_1_377' title='bbox 882 1081 936 1110; x_wconf 86' lang='lat' dir='ltr'>boc</span> <span class='ocrx_word' id='word_1_378' title='bbox 958 1089 1046 1109; x_wconf 86' lang='lat' dir='ltr'>sensu</span> <span class='ocrx_word' id='word_1_379' title='bbox 1069 1080 1121 1109; x_wconf 78' lang='lat' dir='ltr'>vix</span> <span class='ocrx_word' id='word_1_380' title='bbox 1144 1080 1259 1110; x_wconf 84' lang='lat' dir='ltr'>aliunde</span> <span class='ocrx_word' id='word_1_381' title='bbox 1282 1082 1403 1119; x_wconf 85' lang='lat' dir='ltr'>probes.</span> <span class='ocrx_word' id='word_1_382' title='bbox 1445 1081 1522 1111; x_wconf 91' lang='lat' dir='ltr'>Boni</span> <span class='ocrx_word' id='word_1_383' title='bbox 1543 1083 1585 1111; x_wconf 84' lang='lat' dir='ltr'>in·</span> 
     </span>
     <span class='ocr_line' id='line_1_62' title="bbox 882 1119 1587 1158; baseline 0.006 -11"><span class='ocrx_word' id='word_1_384' title='bbox 882 1119 1022 1158; x_wconf 82' lang='lat' dir='ltr'>terpretis</span> <span class='ocrx_word' id='word_1_385' title='bbox 1049 1123 1124 1153; x_wconf 83' lang='lat' dir='ltr'>erat,</span> <span class='ocrx_word' id='word_1_386' title='bbox 1151 1119 1267 1157; x_wconf 82' lang='lat' dir='ltr'>singula</span> <span class='ocrx_word' id='word_1_387' title='bbox 1292 1120 1398 1150; x_wconf 81' lang='lat' dir='ltr'>afferre</span> <span class='ocrx_word' id='word_1_388' title='bbox 1428 1131 1495 1149; x_wconf 87' lang='lat' dir='ltr'>cum</span> <span class='ocrx_word' id='word_1_389' title='bbox 1523 1122 1587 1151; x_wconf 81' lang='lat' dir='ltr'>suis</span> 
     </span>
     <span class='ocr_line' id='line_1_63' title="bbox 881 1158 1585 1195; baseline 0.001 -8"><span class='ocrx_word' id='word_1_390' title='bbox 881 1160 993 1189; x_wconf 87' lang='lat' dir='ltr'>causis.</span> <span class='ocrx_word' id='word_1_391' title='bbox 1040 1158 1128 1186; x_wconf 90' lang='lat' dir='ltr'>Nunc</span> <span class='ocrx_word' id='word_1_392' title='bbox 1153 1158 1178 1186; x_wconf 82' lang='lat' dir='ltr'>si</span> <span class='ocrx_word' id='word_1_393' title='bbox 1201 1159 1347 1195; x_wconf 81' lang='lat' dir='ltr'>judicium</span> <span class='ocrx_word' id='word_1_394' title='bbox 1376 1163 1511 1188; x_wconf 78' lang='lat' dir='ltr'>nostrum</span> <span class='ocrx_word' id='word_1_395' title='bbox 1533 1160 1585 1188; x_wconf 82' lang='lat' dir='ltr'>ad-</span> 
     </span>
     <span class='ocr_line' id='line_1_64' title="bbox 879 1196 1585 1233; baseline 0.001 -6"><span class='ocrx_word' id='word_1_396' title='bbox 879 1198 949 1228; x_wconf 88' lang='lat' dir='ltr'>dere</span> <span class='ocrx_word' id='word_1_397' title='bbox 976 1197 1058 1231; x_wconf 84' lang='lat' dir='ltr'>licet,</span> <span class='ocrx_word' id='word_1_398' title='bbox 1091 1196 1150 1225; x_wconf 83' lang='lat' dir='ltr'>etsi</span> <span class='ocrx_word' id='word_1_399' title='bbox 1176 1201 1282 1226; x_wconf 81' lang='lat' dir='ltr'>neutra</span> <span class='ocrx_word' id='word_1_400' title='bbox 1317 1197 1393 1226; x_wconf 86' lang='lat' dir='ltr'>ratio</span> <span class='ocrx_word' id='word_1_401' title='bbox 1428 1198 1585 1233; x_wconf 75' lang='lat' dir='ltr'>satisfacit,</span> 
     </span>
     <span class='ocr_line' id='line_1_65' title="bbox 880 1234 1585 1274; baseline 0.001 -9"><span class='ocrx_word' id='word_1_402' title='bbox 880 1237 1036 1274; x_wconf 59' lang='lat' dir='ltr'>praeferam</span> <span class='ocrx_word' id='word_1_403' title='bbox 1057 1239 1151 1263; x_wconf 78' lang='lat' dir='ltr'>rotam</span> <span class='ocrx_word' id='word_1_404' title='bbox 1174 1234 1252 1264; x_wconf 78' lang='lat' dir='ltr'>orbis</span> <span class='ocrx_word' id='word_1_405' title='bbox 1276 1235 1385 1264; x_wconf 88' lang='lat' dir='ltr'>dictam</span> <span class='ocrx_word' id='word_1_406' title='bbox 1412 1246 1466 1274; x_wconf 82' lang='lat' dir='ltr'>pro</span> <span class='ocrx_word' id='word_1_407' title='bbox 1492 1239 1585 1266; x_wconf 55' lang='lat' dir='ltr'>orbe&lt;</span> 
     </span>
     <span class='ocr_line' id='line_1_66' title="bbox 878 1274 1584 1315; baseline 0.001 -12"><span class='ocrx_word' id='word_1_408' title='bbox 878 1276 966 1310; x_wconf 72' lang='lat' dir='ltr'>orbis,</span> <span class='ocrx_word' id='word_1_409' title='bbox 989 1280 1094 1307; x_wconf 68' lang='grc' dir='ltr'>κύκλος,</span> <span class='ocrx_word' id='word_1_410' title='bbox 1115 1277 1190 1307; x_wconf 87' lang='lat' dir='ltr'>rota,</span> <span class='ocrx_word' id='word_1_411' title='bbox 1215 1274 1352 1303; x_wconf 78' lang='lat' dir='ltr'>substitit</span> <span class='ocrx_word' id='word_1_412' title='bbox 1374 1279 1466 1309; x_wconf 79' lang='lat' dir='ltr'>vento,</span> <span class='ocrx_word' id='word_1_413' title='bbox 1495 1280 1584 1315; x_wconf 62' lang='grc' dir='ltr'>ἀνέμῳ</span> 
     </span>
     <span class='ocr_line' id='line_1_67' title="bbox 877 1312 1572 1353; baseline 0.001 -10"><span class='ocrx_word' id='word_1_414' title='bbox 877 1325 932 1353; x_wconf 88' lang='lat' dir='ltr'>pro</span> <span class='ocrx_word' id='word_1_415' title='bbox 948 1317 992 1343; x_wconf 77' lang='grc' dir='ltr'>διὰ</span> <span class='ocrx_word' id='word_1_416' title='bbox 1009 1317 1119 1347; x_wconf 58' lang='grc' dir='ltr'><em>ἀνέμου,</em></span> <span class='ocrx_word' id='word_1_417' title='bbox 1133 1312 1214 1341; x_wconf 84' lang='lat' dir='ltr'>venti</span> <span class='ocrx_word' id='word_1_418' title='bbox 1229 1313 1361 1352; x_wconf 87' lang='lat' dir='ltr'>impulsu</span> <span class='ocrx_word' id='word_1_419' title='bbox 1373 1318 1518 1344; x_wconf 81' lang='lat' dir='ltr'>cessante.</span> <span class='ocrx_word' id='word_1_420' title='bbox 1539 1316 1572 1344; x_wconf 88' lang='lat' dir='ltr'><em>H</em></span> 
     </span>
     <span class='ocr_line' id='line_1_68' title="bbox 875 1352 1576 1391; baseline 0.003 -10"><span class='ocrx_word' id='word_1_421' title='bbox 875 1359 957 1382; x_wconf 69' lang='lat' dir='ltr'>vento</span> <span class='ocrx_word' id='word_1_422' title='bbox 973 1353 1091 1381; x_wconf 83' lang='lat' dir='ltr'>videtur</span> <span class='ocrx_word' id='word_1_423' title='bbox 1104 1362 1173 1380; x_wconf 87' lang='lat' dir='ltr'>esse</span> <span class='ocrx_word' id='word_1_424' title='bbox 1196 1356 1279 1381; x_wconf 81' lang='lat' dir='ltr'>vento</span> <span class='ocrx_word' id='word_1_425' title='bbox 1299 1352 1401 1391; x_wconf 79' lang='lat' dir='ltr'>sopito,</span> <span class='ocrx_word' id='word_1_426' title='bbox 1423 1353 1485 1382; x_wconf 89' lang='lat' dir='ltr'>vid.</span> <span class='ocrx_word' id='word_1_427' title='bbox 1512 1354 1576 1383; x_wconf 84' lang='lat' dir='ltr'>Not</span> 
     </span>
     <span class='ocr_line' id='line_1_69' title="bbox 875 1389 1194 1426; baseline -0.006 -5"><span class='ocrx_word' id='word_1_428' title='bbox 875 1393 911 1421; x_wconf 82' lang='lat' dir='ltr'>ad</span> <span class='ocrx_word' id='word_1_429' title='bbox 929 1392 994 1421; x_wconf 87' lang='lat' dir='ltr'>Ecl.</span> <span class='ocrx_word' id='word_1_430' title='bbox 1008 1392 1055 1426; x_wconf 92' lang='lat' dir='ltr'>II,</span> <span class='ocrx_word' id='word_1_431' title='bbox 1071 1392 1120 1419; x_wconf 82' lang='lat'>26.</span> <span class='ocrx_word' id='word_1_432' title='bbox 1146 1389 1194 1419; x_wconf 85' lang='lat' dir='ltr'>W.</span> 
     </span>
    </p>

    <p class='ocr_par' dir='ltr' id='par_1_12' title="bbox 851 1429 1585 2821">
     <span class='ocr_line' id='line_1_70' title="bbox 913 1429 1585 1468; baseline 0.001 -8"><span class='ocrx_word' id='word_1_433' title='bbox 913 1432 972 1460; x_wconf 72' lang='lat'>485</span> <span class='ocrx_word' id='word_1_434' title='bbox 993 1430 1107 1459; x_wconf 85' lang='lat' dir='ltr'>Mirum</span> <span class='ocrx_word' id='word_1_435' title='bbox 1134 1430 1163 1458; x_wconf 89' lang='lat' dir='ltr'>in</span> <span class='ocrx_word' id='word_1_436' title='bbox 1191 1439 1257 1468; x_wconf 83' lang='lat' dir='ltr'>sqq.</span> <span class='ocrx_word' id='word_1_437' title='bbox 1286 1429 1464 1460; x_wconf 80' lang='lat' dir='ltr'>narrationis</span> <span class='ocrx_word' id='word_1_438' title='bbox 1492 1431 1585 1461; x_wconf 79' lang='lat' dir='ltr'>artifi-</span> 
     </span>
     <span class='ocr_line' id='line_1_71' title="bbox 875 1468 1582 1508; baseline 0.003 -10"><span class='ocrx_word' id='word_1_439' title='bbox 875 1470 966 1504; x_wconf 80' lang='lat' dir='ltr'>cium.</span> <span class='ocrx_word' id='word_1_440' title='bbox 986 1469 1066 1508; x_wconf 87' lang='lat' dir='ltr'>quod</span> <span class='ocrx_word' id='word_1_441' title='bbox 1084 1468 1172 1497; x_wconf 81' lang='lat' dir='ltr'>facile</span> <span class='ocrx_word' id='word_1_442' title='bbox 1185 1469 1308 1503; x_wconf 84' lang='lat' dir='ltr'>sentias,</span> <span class='ocrx_word' id='word_1_443' title='bbox 1329 1469 1355 1498; x_wconf 88' lang='lat' dir='ltr'>si</span> <span class='ocrx_word' id='word_1_444' title='bbox 1375 1469 1411 1498; x_wconf 85' lang='lat' dir='ltr'>ad</span> <span class='ocrx_word' id='word_1_445' title='bbox 1430 1469 1582 1508; x_wconf 87' lang='lat' dir='ltr'>vulgarem</span> 
     </span>
     <span class='ocr_line' id='line_1_72' title="bbox 876 1508 1585 1545; baseline 0.001 -8"><span class='ocrx_word' id='word_1_446' title='bbox 876 1509 1094 1538; x_wconf 88' lang='lat' dir='ltr'>sententiarum</span> <span class='ocrx_word' id='word_1_447' title='bbox 1123 1508 1294 1545; x_wconf 85' lang='lat' dir='ltr'>juncturam</span> <span class='ocrx_word' id='word_1_448' title='bbox 1322 1518 1447 1538; x_wconf 72' lang='lat' dir='ltr'>revoces</span> <span class='ocrx_word' id='word_1_449' title='bbox 1475 1510 1585 1538; x_wconf 86' lang='lat' dir='ltr'>oratio-</span> 
     </span>
     <span class='ocr_line' id='line_1_73' title="bbox 875 1547 1583 1585; baseline 0 -9"><span class='ocrx_word' id='word_1_450' title='bbox 875 1557 953 1576; x_wconf 87' lang='lat' dir='ltr'>nem.</span> <span class='ocrx_word' id='word_1_451' title='bbox 994 1548 1086 1585; x_wconf 77' lang='lat' dir='ltr'>Legis</span> <span class='ocrx_word' id='word_1_452' title='bbox 1109 1550 1218 1581; x_wconf 84' lang='lat' dir='ltr'>autem,</span> <span class='ocrx_word' id='word_1_453' title='bbox 1239 1558 1274 1576; x_wconf 89' lang='lat' dir='ltr'>ne</span> <span class='ocrx_word' id='word_1_454' title='bbox 1296 1547 1470 1585; x_wconf 82' lang='lat' dir='ltr'>respiceret,</span> <span class='ocrx_word' id='word_1_455' title='bbox 1492 1557 1583 1576; x_wconf 77' lang='lat' dir='ltr'>exco-</span> 
     </span>
     <span class='ocr_line' id='line_1_74' title="bbox 875 1584 1584 1624; baseline 0.001 -10"><span class='ocrx_word' id='word_1_456' title='bbox 875 1586 1003 1624; x_wconf 78' lang='lat' dir='ltr'>gitandae</span> <span class='ocrx_word' id='word_1_457' title='bbox 1018 1584 1176 1615; x_wconf 88' lang='lat' dir='ltr'>consilium</span> <span class='ocrx_word' id='word_1_458' title='bbox 1193 1595 1231 1614; x_wconf 87' lang='lat' dir='ltr'>ex</span> <span class='ocrx_word' id='word_1_459' title='bbox 1255 1586 1372 1624; x_wconf 81' lang='lat' dir='ltr'>vulgari</span> <span class='ocrx_word' id='word_1_460' title='bbox 1395 1587 1584 1623; x_wconf 79' lang='lat' dir='ltr'>superstitio-</span> 
     </span>
     <span class='ocr_line' id='line_1_75' title="bbox 873 1624 1581 1658; baseline 0.001 -4"><span class='ocrx_word' id='word_1_461' title='bbox 873 1634 911 1654; x_wconf 89' lang='lat' dir='ltr'>ne</span> <span class='ocrx_word' id='word_1_462' title='bbox 920 1629 1021 1654; x_wconf 87' lang='lat' dir='ltr'>natum</span> <span class='ocrx_word' id='word_1_463' title='bbox 1032 1634 1098 1653; x_wconf 85' lang='lat' dir='ltr'>esse</span> <span class='ocrx_word' id='word_1_464' title='bbox 1111 1624 1241 1658; x_wconf 86' lang='lat' dir='ltr'>videtur,</span> <span class='ocrx_word' id='word_1_465' title='bbox 1256 1635 1324 1654; x_wconf 88' lang='lat' dir='ltr'>cum</span> <span class='ocrx_word' id='word_1_466' title='bbox 1338 1634 1386 1654; x_wconf 86' lang='lat' dir='ltr'>res</span> <span class='ocrx_word' id='word_1_467' title='bbox 1400 1627 1581 1655; x_wconf 84' lang='lat' dir='ltr'>aversandas</span> 
     </span>
     <span class='ocr_line' id='line_1_76' title="bbox 872 1662 1584 1702; baseline 0.001 -10"><span class='ocrx_word' id='word_1_468' title='bbox 872 1663 961 1693; x_wconf 87' lang='lat' dir='ltr'>etiam</span> <span class='ocrx_word' id='word_1_469' title='bbox 977 1664 1005 1692; x_wconf 90' lang='lat' dir='ltr'>in</span> <span class='ocrx_word' id='word_1_470' title='bbox 1022 1662 1116 1692; x_wconf 86' lang='lat' dir='ltr'>sacris</span> <span class='ocrx_word' id='word_1_471' title='bbox 1138 1663 1261 1702; x_wconf 82' lang='lat' dir='ltr'>magicis</span> <span class='ocrx_word' id='word_1_472' title='bbox 1284 1663 1432 1702; x_wconf 86' lang='lat' dir='ltr'>respicere</span> <span class='ocrx_word' id='word_1_473' title='bbox 1447 1668 1584 1694; x_wconf 78' lang='lat' dir='ltr'>vetaren·</span> 
     </span>
     <span class='ocr_line' id='line_1_77' title="bbox 873 1701 1579 1741; baseline 0.004 -11"><span class='ocrx_word' id='word_1_474' title='bbox 873 1706 943 1739; x_wconf 82' lang='lat' dir='ltr'>tur3</span> <span class='ocrx_word' id='word_1_475' title='bbox 965 1703 1003 1731; x_wconf 89' lang='lat' dir='ltr'>cf.</span> <span class='ocrx_word' id='word_1_476' title='bbox 1031 1712 1098 1740; x_wconf 87' lang='lat' dir='ltr'>sup.</span> <span class='ocrx_word' id='word_1_477' title='bbox 1126 1701 1193 1731; x_wconf 83' lang='lat' dir='ltr'>Ecl.</span> <span class='ocrx_word' id='word_1_478' title='bbox 1218 1702 1314 1732; x_wconf 88' lang='lat' dir='ltr'>VIII.</span> <span class='ocrx_word' id='word_1_479' title='bbox 1344 1703 1499 1733; x_wconf 73' lang='lat'>102—490</span> <span class='ocrx_word' id='word_1_480' title='bbox 1513 1705 1579 1741; x_wconf 83' lang='lat' dir='ltr'>jam</span> 
     </span>
     <span class='ocr_line' id='line_1_78' title="bbox 872 1740 1570 1779; baseline 0.007 -12"><span class='ocrx_word' id='word_1_481' title='bbox 872 1740 932 1769; x_wconf 81' lang='lat' dir='ltr'>Ince</span> <span class='ocrx_word' id='word_1_482' title='bbox 959 1741 1012 1769; x_wconf 81' lang='lat' dir='ltr'>sub</span> <span class='ocrx_word' id='word_1_483' title='bbox 1040 1741 1113 1779; x_wconf 76' lang='lat' dir='ltr'>ipsa.</span> <span class='ocrx_word' id='word_1_484' title='bbox 1146 1741 1263 1770; x_wconf 80' lang='lat' dir='ltr'>Seneca</span> <span class='ocrx_word' id='word_1_485' title='bbox 1294 1742 1387 1771; x_wconf 76' lang='lat' dir='ltr'>Hero.</span> <span class='ocrx_word' id='word_1_486' title='bbox 1423 1741 1482 1770; x_wconf 85' lang='lat' dir='ltr'>fur.</span> <span class='ocrx_word' id='word_1_487' title='bbox 1509 1743 1570 1772; x_wconf 80' lang='lat'>813</span> 
     </span>
     <span class='ocr_line' id='line_1_79' title="bbox 872 1779 1579 1818; baseline 0.004 -11"><span class='ocrx_word' id='word_1_488' title='bbox 872 1779 1035 1818; x_wconf 77' lang='lat' dir='ltr'>Postquam</span> <span class='ocrx_word' id='word_1_489' title='bbox 1054 1783 1097 1808; x_wconf 80' lang='lat' dir='ltr'>est</span> <span class='ocrx_word' id='word_1_490' title='bbox 1116 1779 1156 1808; x_wconf 82' lang='lat' dir='ltr'>ad</span> <span class='ocrx_word' id='word_1_491' title='bbox 1170 1789 1239 1808; x_wconf 85' lang='lat' dir='ltr'>oras</span> <span class='ocrx_word' id='word_1_492' title='bbox 1253 1780 1373 1809; x_wconf 66' lang='lat' dir='ltr'>Taenari</span> <span class='ocrx_word' id='word_1_493' title='bbox 1387 1784 1499 1810; x_wconf 77' lang='lat' dir='ltr'>ventum</span> <span class='ocrx_word' id='word_1_494' title='bbox 1520 1786 1579 1812; x_wconf 86' lang='lat' dir='ltr'>etc.</span> 
     </span>
     <span class='ocr_line' id='line_1_80' title="bbox 872 1818 1579 1857; baseline 0.001 -11"><span class='ocrx_word' id='word_1_495' title='bbox 872 1822 902 1846; x_wconf 83' lang='lat' dir='ltr'>et</span> <span class='ocrx_word' id='word_1_496' title='bbox 916 1828 1037 1857; x_wconf 78' lang='lat' dir='ltr'>superas·</span> <span class='ocrx_word' id='word_1_497' title='bbox 1056 1818 1186 1846; x_wconf 80' lang='lat' dir='ltr'>veniebat</span> <span class='ocrx_word' id='word_1_498' title='bbox 1206 1818 1245 1847; x_wconf 83' lang='lat' dir='ltr'>ad</span> <span class='ocrx_word' id='word_1_499' title='bbox 1264 1829 1352 1847; x_wconf 77' lang='lat' dir='ltr'>auras</span> <span class='ocrx_word' id='word_1_500' title='bbox 1368 1829 1399 1848; x_wconf 83' lang='lat' dir='ltr'>v.</span> <span class='ocrx_word' id='word_1_501' title='bbox 1412 1819 1579 1851; x_wconf 73' lang='lat'>486.—491</span> 
     </span>
     <span class='ocr_line' id='line_1_81' title="bbox 868 1856 1580 1895; baseline 0.008 -11"><span class='ocrx_word' id='word_1_502' title='bbox 868 1857 957 1885; x_wconf 74' lang='lat' dir='ltr'>victus</span> <span class='ocrx_word' id='word_1_503' title='bbox 981 1856 1082 1889; x_wconf 81' lang='lat' dir='ltr'>animi,</span> <span class='ocrx_word' id='word_1_504' title='bbox 1114 1860 1185 1885; x_wconf 90' lang='lat' dir='ltr'>noto</span> <span class='ocrx_word' id='word_1_505' title='bbox 1212 1858 1391 1891; x_wconf 81' lang='lat' dir='ltr'>Graecismo,</span> <span class='ocrx_word' id='word_1_506' title='bbox 1423 1867 1479 1895; x_wconf 90' lang='lat' dir='ltr'>pro</span> <span class='ocrx_word' id='word_1_507' title='bbox 1511 1861 1580 1890; x_wconf 79' lang='lat' dir='ltr'>vict.</span> 
     </span>
     <span class='ocr_line' id='line_1_82' title="bbox 864 1895 1577 1933; baseline 0.008 -11"><span class='ocrx_word' id='word_1_508' title='bbox 864 1896 969 1929; x_wconf 79' lang='grc' dir='ltr'><em>(ιιιίιιιο,</em></span> <span class='ocrx_word' id='word_1_509' title='bbox 992 1895 1168 1933; x_wconf 81' lang='lat' dir='ltr'>cupiditate.</span> <span class='ocrx_word' id='word_1_510' title='bbox 1190 1895 1234 1924; x_wconf 84' lang='lat' dir='ltr'>H.</span> <span class='ocrx_word' id='word_1_511' title='bbox 1258 1896 1349 1925; x_wconf 72' lang='lat' dir='ltr'>victus</span> <span class='ocrx_word' id='word_1_512' title='bbox 1371 1897 1509 1927; x_wconf 86' lang='lat' dir='ltr'>absolute</span> <span class='ocrx_word' id='word_1_513' title='bbox 1530 1899 1577 1928; x_wconf 88' lang='lat' dir='ltr'>di-</span> 
     </span>
     <span class='ocr_line' id='line_1_83' title="bbox 864 1934 1576 1978; baseline 0.007 -17"><span class='ocrx_word' id='word_1_514' title='bbox 864 1935 942 1962; x_wconf 77' lang='lat' dir='ltr'>citur</span> <span class='ocrx_word' id='word_1_515' title='bbox 957 1935 995 1967; x_wconf 84' lang='lat' dir='ltr'>is.</span> <span class='ocrx_word' id='word_1_516' title='bbox 1012 1934 1064 1972; x_wconf 87' lang='lat' dir='ltr'>qui</span> <span class='ocrx_word' id='word_1_517' title='bbox 1079 1944 1095 1963; x_wconf 95' lang='lat' dir='ltr'>a</span> <span class='ocrx_word' id='word_1_518' title='bbox 1111 1934 1268 1978; x_wconf 86' lang='lat' dir='ltr'>proposito</span> <span class='ocrx_word' id='word_1_519' title='bbox 1286 1935 1410 1969; x_wconf 77' lang='lat' dir='ltr'>recedit,</span> <span class='ocrx_word' id='word_1_520' title='bbox 1432 1946 1463 1964; x_wconf 86' lang='lat' dir='ltr'>re</span> <span class='ocrx_word' id='word_1_521' title='bbox 1477 1936 1576 1975; x_wconf 88' lang='lat' dir='ltr'>aliqua</span> 
     </span>
     <span class='ocr_line' id='line_1_84' title="bbox 863 1973 1572 2011; baseline 0.007 -10"><span class='ocrx_word' id='word_1_522' title='bbox 863 1977 1030 2011; x_wconf 83' lang='lat' dir='ltr'>permotus.</span> <span class='ocrx_word' id='word_1_523' title='bbox 1078 1973 1128 2002; x_wconf 91' lang='lat' dir='ltr'>Ita</span> <span class='ocrx_word' id='word_1_524' title='bbox 1148 1978 1240 2002; x_wconf 77' lang='lat' dir='ltr'>metus</span> <span class='ocrx_word' id='word_1_525' title='bbox 1262 1984 1344 2011; x_wconf 62' lang='lat' dir='ltr'>saepe</span> <span class='ocrx_word' id='word_1_526' title='bbox 1366 1985 1404 2003; x_wconf 75' lang='lat' dir='ltr'>ex</span> <span class='ocrx_word' id='word_1_527' title='bbox 1429 1979 1572 2006; x_wconf 78' lang='lat' dir='ltr'>contextu</span> 
     </span>
     <span class='ocr_line' id='line_1_85' title="bbox 862 2011 1575 2049; baseline 0.004 -9"><span class='ocrx_word' id='word_1_528' title='bbox 862 2011 1082 2049; x_wconf 72' lang='lat' dir='ltr'>explicandum.</span> <span class='ocrx_word' id='word_1_529' title='bbox 1115 2011 1185 2040; x_wconf 85' lang='lat' dir='ltr'>AEn.</span> <span class='ocrx_word' id='word_1_530' title='bbox 1214 2012 1272 2046; x_wconf 89' lang='lat' dir='ltr'>IV,</span> <span class='ocrx_word' id='word_1_531' title='bbox 1305 2013 1374 2041; x_wconf 78' lang='lat'><strong>370.</strong></span> <span class='ocrx_word' id='word_1_532' title='bbox 1420 2012 1501 2042; x_wconf 72' lang='lat' dir='ltr'>Num</span> <span class='ocrx_word' id='word_1_533' title='bbox 1529 2015 1575 2044; x_wconf 82' lang='lat' dir='ltr'>la-</span> 
     </span>
     <span class='ocr_line' id='line_1_86' title="bbox 862 2048 1574 2090; baseline 0.007 -13"><span class='ocrx_word' id='word_1_534' title='bbox 862 2050 969 2078; x_wconf 62' lang='lat' dir='ltr'>crimus</span> <span class='ocrx_word' id='word_1_535' title='bbox 987 2051 1079 2078; x_wconf 73' lang='lat' dir='ltr'>victus</span> <span class='ocrx_word' id='word_1_536' title='bbox 1101 2048 1202 2078; x_wconf 78' lang='lat' dir='ltr'>dedit?</span> <span class='ocrx_word' id='word_1_537' title='bbox 1223 2050 1251 2078; x_wconf 91' lang='lat' dir='ltr'>h.</span> <span class='ocrx_word' id='word_1_538' title='bbox 1267 2060 1294 2078; x_wconf 90' lang='lat' dir='ltr'>e.</span> <span class='ocrx_word' id='word_1_539' title='bbox 1308 2055 1461 2088; x_wconf 87' lang='lat' dir='ltr'>permotus</span> <span class='ocrx_word' id='word_1_540' title='bbox 1475 2054 1574 2090; x_wconf 85' lang='lat' dir='ltr'>preci-</span> 
     </span>
     <span class='ocr_line' id='line_1_87' title="bbox 862 2088 1572 2123; baseline 0.006 -7"><span class='ocrx_word' id='word_1_541' title='bbox 862 2089 918 2117; x_wconf 87' lang='lat' dir='ltr'>bus</span> <span class='ocrx_word' id='word_1_542' title='bbox 940 2093 971 2117; x_wconf 87' lang='lat' dir='ltr'>et</span> <span class='ocrx_word' id='word_1_543' title='bbox 991 2088 1205 2117; x_wconf 79' lang='lat' dir='ltr'>misericordia.</span> <span class='ocrx_word' id='word_1_544' title='bbox 1233 2089 1304 2117; x_wconf 86' lang='lat' dir='ltr'>AEn.</span> <span class='ocrx_word' id='word_1_545' title='bbox 1326 2089 1372 2123; x_wconf 91' lang='lat' dir='ltr'>II,</span> <span class='ocrx_word' id='word_1_546' title='bbox 1400 2091 1468 2118; x_wconf 83' lang='lat'><strong>699.</strong></span> <span class='ocrx_word' id='word_1_547' title='bbox 1508 2092 1572 2120; x_wconf 67' lang='lat' dir='ltr'>Hie</span> 
     </span>
     <span class='ocr_line' id='line_1_88' title="bbox 861 2126 1573 2164; baseline 0.006 -9"><span class='ocrx_word' id='word_1_548' title='bbox 861 2137 928 2156; x_wconf 70' lang='lat' dir='ltr'>vero</span> <span class='ocrx_word' id='word_1_549' title='bbox 949 2127 1041 2155; x_wconf 76' lang='lat' dir='ltr'>victus</span> <span class='ocrx_word' id='word_1_550' title='bbox 1063 2126 1177 2164; x_wconf 71' lang='lat' dir='ltr'>qenitor</span> <span class='ocrx_word' id='word_1_551' title='bbox 1198 2127 1226 2155; x_wconf 83' lang='lat' dir='ltr'>h.</span> <span class='ocrx_word' id='word_1_552' title='bbox 1247 2137 1273 2160; x_wconf 82' lang='lat' dir='ltr'>e.</span> <span class='ocrx_word' id='word_1_553' title='bbox 1297 2128 1422 2156; x_wconf 87' lang='lat' dir='ltr'>ostentis</span> <span class='ocrx_word' id='word_1_554' title='bbox 1443 2128 1573 2160; x_wconf 85' lang='lat' dir='ltr'>evictus.</span> 
     </span>
     <span class='ocr_line' id='line_1_89' title="bbox 863 2165 1569 2198; baseline 0.004 -4"><span class='ocrx_word' id='word_1_555' title='bbox 863 2166 925 2195; x_wconf 85' lang='lat' dir='ltr'>Hic</span> <span class='ocrx_word' id='word_1_556' title='bbox 940 2166 1031 2194; x_wconf 76' lang='lat' dir='ltr'>victus</span> <span class='ocrx_word' id='word_1_557' title='bbox 1044 2169 1126 2194; x_wconf 87' lang='lat' dir='ltr'>notat</span> <span class='ocrx_word' id='word_1_558' title='bbox 1141 2169 1242 2194; x_wconf 90' lang='lat' dir='ltr'>motus</span> <span class='ocrx_word' id='word_1_559' title='bbox 1257 2165 1410 2195; x_wconf 83' lang='lat' dir='ltr'>desiderio</span> <span class='ocrx_word' id='word_1_560' title='bbox 1425 2170 1455 2194; x_wconf 89' lang='lat' dir='ltr'>et</span> <span class='ocrx_word' id='word_1_561' title='bbox 1468 2177 1569 2198; x_wconf 83' lang='lat' dir='ltr'>amore</span> 
     </span>
     <span class='ocr_line' id='line_1_90' title="bbox 862 2203 1571 2236; baseline 0.004 -3"><span class='ocrx_word' id='word_1_562' title='bbox 862 2205 977 2233; x_wconf 70' lang='lat' dir='ltr'>uxoris.</span> <span class='ocrx_word' id='word_1_563' title='bbox 993 2203 1094 2232; x_wconf 79' lang='lat' dir='ltr'>animi.</span> <span class='ocrx_word' id='word_1_564' title='bbox 1135 2203 1292 2232; x_wconf 86' lang='lat' dir='ltr'>Genitivus</span> <span class='ocrx_word' id='word_1_565' title='bbox 1307 2204 1409 2233; x_wconf 83' lang='lat' dir='ltr'>sedem</span> <span class='ocrx_word' id='word_1_566' title='bbox 1426 2204 1571 2236; x_wconf 85' lang='lat' dir='ltr'>desiderii</span> 
     </span>
     <span class='ocr_line' id='line_1_91' title="bbox 863 2242 1569 2278; baseline 0.004 -7"><span class='ocrx_word' id='word_1_567' title='bbox 863 2244 1019 2277; x_wconf 59' lang='lat' dir='ltr'>significat.</span> <span class='ocrx_word' id='word_1_568' title='bbox 1052 2246 1086 2270; x_wconf 88' lang='lat' dir='ltr'>ut</span> <span class='ocrx_word' id='word_1_569' title='bbox 1111 2242 1141 2271; x_wconf 88' lang='lat' dir='ltr'>in</span> <span class='ocrx_word' id='word_1_570' title='bbox 1171 2242 1386 2278; x_wconf 78' lang='lat' dir='ltr'>compositione</span> <span class='ocrx_word' id='word_1_571' title='bbox 1412 2243 1482 2272; x_wconf 89' lang='lat' dir='ltr'>AEn.</span> <span class='ocrx_word' id='word_1_572' title='bbox 1509 2244 1569 2274; x_wconf 85' lang='lat' dir='ltr'>IV.</span> 
     </span>
     <span class='ocr_line' id='line_1_92' title="bbox 857 2280 1568 2316; baseline 0.004 -7"><span class='ocrx_word' id='word_1_573' title='bbox 857 2283 925 2311; x_wconf 78' lang='lat'>203.</span> <span class='ocrx_word' id='word_1_574' title='bbox 946 2291 1042 2310; x_wconf 78' lang='lat' dir='ltr'>amens</span> <span class='ocrx_word' id='word_1_575' title='bbox 1055 2280 1156 2314; x_wconf 82' lang='lat' dir='ltr'>animi,</span> <span class='ocrx_word' id='word_1_576' title='bbox 1177 2285 1208 2309; x_wconf 84' lang='lat' dir='ltr'>et</span> <span class='ocrx_word' id='word_1_577' title='bbox 1222 2280 1318 2309; x_wconf 81' lang='lat' dir='ltr'>Tacit.</span> <span class='ocrx_word' id='word_1_578' title='bbox 1331 2282 1415 2311; x_wconf 90' lang='lat' dir='ltr'>Hist.</span> <span class='ocrx_word' id='word_1_579' title='bbox 1429 2282 1496 2316; x_wconf 89' lang='grc' dir='ltr'>ΙΙΙ,</span> <span class='ocrx_word' id='word_1_580' title='bbox 1516 2284 1568 2314; x_wconf 82' lang='grc'>73.</span> 
     </span>
     <span class='ocr_line' id='line_1_93' title="bbox 857 2319 1566 2358; baseline 0.004 -10"><span class='ocrx_word' id='word_1_581' title='bbox 857 2325 957 2358; x_wconf 76' lang='lat' dir='ltr'>captus</span> <span class='ocrx_word' id='word_1_582' title='bbox 969 2319 1069 2348; x_wconf 76' lang='lat' dir='ltr'>animi.</span> <span class='ocrx_word' id='word_1_583' title='bbox 1092 2319 1296 2355; x_wconf 61' lang='lat' dir='ltr'>IV.—-effusus‚</span> <span class='ocrx_word' id='word_1_584' title='bbox 1310 2319 1423 2355; x_wconf 83' lang='lat' dir='ltr'>irritus,</span> <span class='ocrx_word' id='word_1_585' title='bbox 1444 2325 1478 2349; x_wconf 88' lang='lat' dir='ltr'>ut</span> <span class='ocrx_word' id='word_1_586' title='bbox 1491 2324 1566 2351; x_wconf 81' lang='grc' dir='ltr'>ἐκκε-</span> 
     </span>
     <span class='ocr_line' id='line_1_94' title="bbox 857 2357 1567 2394; baseline 0.006 -7"><span class='ocrx_word' id='word_1_587' title='bbox 857 2359 1079 2393; x_wconf 71' lang='grc' dir='ltr'>χυμένος.-493</span> <span class='ocrx_word' id='word_1_588' title='bbox 1094 2357 1230 2389; x_wconf 75' lang='lat' dir='ltr'>Foedera.</span> <span class='ocrx_word' id='word_1_589' title='bbox 1251 2358 1363 2393; x_wconf 83' lang='lat' dir='ltr'>foedus,</span> <span class='ocrx_word' id='word_1_590' title='bbox 1386 2360 1528 2394; x_wconf 86' lang='lat' dir='ltr'>conditio,</span> <span class='ocrx_word' id='word_1_591' title='bbox 1549 2372 1567 2391; x_wconf 74' lang='lat' dir='ltr'>a</span> 
     </span>
     <span class='ocr_line' id='line_1_95' title="bbox 858 2396 1563 2437; baseline 0.003 -11"><span class='ocrx_word' id='word_1_592' title='bbox 858 2399 987 2427; x_wconf 86' lang='lat' dir='ltr'>Plutone</span> <span class='ocrx_word' id='word_1_593' title='bbox 1006 2396 1158 2435; x_wconf 87' lang='lat' dir='ltr'>imposita.</span> <span class='ocrx_word' id='word_1_594' title='bbox 1206 2396 1270 2425; x_wconf 89' lang='lat' dir='ltr'>Hic</span> <span class='ocrx_word' id='word_1_595' title='bbox 1296 2406 1368 2425; x_wconf 89' lang='lat' dir='ltr'>vero</span> <span class='ocrx_word' id='word_1_596' title='bbox 1390 2399 1563 2437; x_wconf 84' lang='lat' dir='ltr'>exemplum</span> 
     </span>
     <span class='ocr_line' id='line_1_96' title="bbox 858 2435 1565 2473; baseline 0.003 -8"><span class='ocrx_word' id='word_1_597' title='bbox 858 2435 1050 2465; x_wconf 83' lang='lat' dir='ltr'>memorabile</span> <span class='ocrx_word' id='word_1_598' title='bbox 1063 2436 1166 2469; x_wconf 82' lang='lat' dir='ltr'>habes,</span> <span class='ocrx_word' id='word_1_599' title='bbox 1179 2435 1328 2473; x_wconf 87' lang='lat' dir='ltr'>quomodo</span> <span class='ocrx_word' id='word_1_600' title='bbox 1340 2435 1458 2465; x_wconf 86' lang='lat' dir='ltr'>incauta</span> <span class='ocrx_word' id='word_1_601' title='bbox 1471 2448 1565 2467; x_wconf 79' lang='lat' dir='ltr'>aemu-</span> 
     </span>
     <span class='ocr_line' id='line_1_97' title="bbox 857 2473 1563 2506; baseline 0.004 -3"><span class='ocrx_word' id='word_1_602' title='bbox 857 2475 967 2503; x_wconf 83' lang='lat' dir='ltr'>latione</span> <span class='ocrx_word' id='word_1_603' title='bbox 981 2484 1030 2502; x_wconf 86' lang='lat' dir='ltr'>res</span> <span class='ocrx_word' id='word_1_604' title='bbox 1047 2474 1084 2502; x_wconf 85' lang='lat' dir='ltr'>ad</span> <span class='ocrx_word' id='word_1_605' title='bbox 1105 2474 1237 2502; x_wconf 86' lang='lat' dir='ltr'>insanam</span> <span class='ocrx_word' id='word_1_606' title='bbox 1258 2473 1453 2504; x_wconf 85' lang='lat' dir='ltr'>subtilitatem</span> <span class='ocrx_word' id='word_1_607' title='bbox 1478 2477 1563 2506; x_wconf 91' lang='lat' dir='ltr'>evehi</span> 
     </span>
     <span class='ocr_line' id='line_1_98' title="bbox 856 2511 1563 2551; baseline 0.004 -10"><span class='ocrx_word' id='word_1_608' title='bbox 856 2514 982 2551; x_wconf 82' lang='lat' dir='ltr'>possint.</span> <span class='ocrx_word' id='word_1_609' title='bbox 1023 2511 1085 2541; x_wconf 87' lang='lat' dir='ltr'>Hic</span> <span class='ocrx_word' id='word_1_610' title='bbox 1099 2512 1413 2550; x_wconf 73' lang='lat' dir='ltr'>ainlitussrayor—-At</span> <span class='ocrx_word' id='word_1_611' title='bbox 1426 2514 1563 2544; x_wconf 82' lang='lat' dir='ltr'>Lucanus</span> 
     </span>
     <span class='ocr_line' id='line_1_99' title="bbox 856 2550 1562 2589; baseline 0.001 -8"><span class='ocrx_word' id='word_1_612' title='bbox 856 2552 963 2581; x_wconf 87' lang='lat' dir='ltr'>Servio</span> <span class='ocrx_word' id='word_1_613' title='bbox 983 2551 1121 2580; x_wconf 82' lang='lat' dir='ltr'>laudatus</span> <span class='ocrx_word' id='word_1_614' title='bbox 1142 2550 1220 2579; x_wconf 87' lang='lat' dir='ltr'>ultra</span> <span class='ocrx_word' id='word_1_615' title='bbox 1240 2551 1329 2580; x_wconf 86' lang='lat' dir='ltr'>etiam</span> <span class='ocrx_word' id='word_1_616' title='bbox 1350 2558 1562 2589; x_wconf 83' lang='lat' dir='ltr'>processerat:</span> 
     </span>
     <span class='ocr_line' id='line_1_100' title="bbox 851 2588 1561 2628; baseline 0.004 -10"><span class='ocrx_word' id='word_1_617' title='bbox 851 2591 988 2628; x_wconf 72' lang='lat' dir='ltr'>yamlent,</span> <span class='ocrx_word' id='word_1_618' title='bbox 997 2601 1016 2618; x_wconf 81' lang='grc' dir='ltr'>(ι</span> <span class='ocrx_word' id='word_1_619' title='bbox 1022 2588 1082 2617; x_wconf 81' lang='lat' dir='ltr'>luce</span> <span class='ocrx_word' id='word_1_620' title='bbox 1097 2589 1227 2617; x_wconf 81' lang='lat' dir='ltr'>relictum</span> <span class='ocrx_word' id='word_1_621' title='bbox 1235 2590 1330 2627; x_wconf 81' lang='lat' dir='ltr'>(sorte</span> <span class='ocrx_word' id='word_1_622' title='bbox 1342 2591 1504 2626; x_wconf 89' lang='lat' dir='ltr'>reductam,</span> <span class='ocrx_word' id='word_1_623' title='bbox 1515 2602 1561 2620; x_wconf 84' lang='lat' dir='ltr'>re-</span> 
     </span>
     <span class='ocr_line' id='line_1_101' title="bbox 853 2628 1561 2668; baseline 0.001 -11"><span class='ocrx_word' id='word_1_624' title='bbox 853 2634 979 2663; x_wconf 84' lang='lat' dir='ltr'>vectam,</span> <span class='ocrx_word' id='word_1_625' title='bbox 1011 2632 1168 2656; x_wconf 78' lang='lat' dir='ltr'>retractam</span> <span class='ocrx_word' id='word_1_626' title='bbox 1194 2628 1278 2662; x_wconf 84' lang='lat' dir='ltr'>esse)</span> <span class='ocrx_word' id='word_1_627' title='bbox 1309 2628 1486 2668; x_wconf 73' lang='lat' dir='ltr'>Eurydicen,</span> <span class='ocrx_word' id='word_1_628' title='bbox 1509 2630 1561 2659; x_wconf 81' lang='lat' dir='ltr'>ite-</span> 
     </span>
     <span class='ocr_line' id='line_1_102' title="bbox 853 2665 1560 2705; baseline 0.003 -10"><span class='ocrx_word' id='word_1_629' title='bbox 853 2678 918 2695; x_wconf 83' lang='lat' dir='ltr'>rum</span> <span class='ocrx_word' id='word_1_630' title='bbox 939 2670 1088 2705; x_wconf 74' lang='lat' dir='ltr'>sperantes</span> <span class='ocrx_word' id='word_1_631' title='bbox 1113 2665 1240 2704; x_wconf 76' lang='lat' dir='ltr'>Orphea,</span> <span class='ocrx_word' id='word_1_632' title='bbox 1262 2666 1378 2696; x_wconf 73' lang='lat' dir='ltr'>Manes.</span> <span class='ocrx_word' id='word_1_633' title='bbox 1418 2669 1477 2697; x_wconf 85' lang='lat' dir='ltr'>Illo</span> <span class='ocrx_word' id='word_1_634' title='bbox 1499 2668 1560 2696; x_wconf 88' lang='lat' dir='ltr'>Lu-</span> 
     </span>
     <span class='ocr_line' id='line_1_103' title="bbox 851 2705 1558 2744; baseline 0.001 -11"><span class='ocrx_word' id='word_1_635' title='bbox 851 2706 914 2734; x_wconf 87' lang='lat' dir='ltr'>cani</span> <span class='ocrx_word' id='word_1_636' title='bbox 936 2706 1004 2735; x_wconf 91' lang='lat' dir='ltr'>loco</span> <span class='ocrx_word' id='word_1_637' title='bbox 1026 2715 1098 2733; x_wconf 85' lang='lat' dir='ltr'>usus</span> <span class='ocrx_word' id='word_1_638' title='bbox 1115 2705 1239 2734; x_wconf 85' lang='lat' dir='ltr'>Servius</span> <span class='ocrx_word' id='word_1_639' title='bbox 1255 2706 1331 2735; x_wconf 84' lang='lat' dir='ltr'>male</span> <span class='ocrx_word' id='word_1_640' title='bbox 1346 2707 1558 2744; x_wconf 82' lang='lat' dir='ltr'>interpretatus</span> 
     </span>
     <span class='ocr_line' id='line_1_104' title="bbox 854 2744 1558 2782; baseline 0.001 -10"><span class='ocrx_word' id='word_1_641' title='bbox 854 2748 917 2773; x_wconf 82' lang='lat' dir='ltr'>est:</span> <span class='ocrx_word' id='word_1_642' title='bbox 948 2744 1032 2782; x_wconf 75' lang='lat' dir='ltr'>quasi</span> <span class='ocrx_word' id='word_1_643' title='bbox 1059 2744 1243 2773; x_wconf 70' lang='lat' dir='ltr'>exsultarent</span> <span class='ocrx_word' id='word_1_644' title='bbox 1267 2746 1380 2773; x_wconf 75' lang='lat' dir='ltr'>umbrae</span> <span class='ocrx_word' id='word_1_645' title='bbox 1410 2744 1558 2774; x_wconf 83' lang='lat' dir='ltr'>redditam</span> 
     </span>
     <span class='ocr_line' id='line_1_105' title="bbox 854 2782 1558 2821; baseline -0.003 -9"><span class='ocrx_word' id='word_1_646' title='bbox 854 2782 1044 2821; x_wconf 79' lang='lat' dir='ltr'>Eurydicem.</span> <span class='ocrx_word' id='word_1_647' title='bbox 1085 2783 1127 2813; x_wconf 90' lang='lat' dir='ltr'>At</span> <span class='ocrx_word' id='word_1_648' title='bbox 1141 2793 1282 2821; x_wconf 86' lang='lat' dir='ltr'>quorsum</span> <span class='ocrx_word' id='word_1_649' title='bbox 1290 2785 1395 2821; x_wconf 32' lang='lat' dir='ltr'>srafyor</span> <span class='ocrx_word' id='word_1_650' title='bbox 1411 2787 1457 2811; x_wconf 72' lang='lat' dir='ltr'>ter</span> <span class='ocrx_word' id='word_1_651' title='bbox 1475 2782 1558 2811; x_wconf 81' lang='lat' dir='ltr'>audi-</span> 
     </span>
    </p>
   </div>
   <div class='ocr_carea' id='block_1_12' title="bbox 1256 2823 1332 2864">
    <p class='ocr_par' dir='ltr' id='par_1_13' title="bbox 1256 2823 1332 2864">
     <span class='ocr_line' id='line_1_106' title="bbox 1256 2823 1332 2864; baseline -0.013 0"><span class='ocrx_word' id='word_1_652' title='bbox 1256 2823 1332 2864; x_wconf 84' lang='lat' dir='ltr'>Dd</span> 
     </span>
    </p>
   </div>
  </div>
 </body>
</html>
