1796 3077
178 236 274 280 240

609 231 650 268 P.
685 228 914 267 VIRGILII
949 227 1198 265 MARONIS

176 351 262 393 Per
282 351 454 401 medios,
471 352 630 392 instans
652 349 768 403 operi
790 349 1014 403 regnisque
1036 350 1201 392 futuris.

176 408 290 449 Tum
306 409 466 450 foribus
483 409 602 456 divae,
626 406 762 447 media
785 407 996 446 testudine
1019 406 1176 459 templi,

177 465 321 520 Saepta
342 465 464 505 armis
487 464 675 517 solioque
697 462 778 502 alte
800 463 991 512 subnixa,
1014 463 1183 503 resedit.

173 521 281 562 ‹Jura
302 522 432 562 dabat
449 520 649 574 legesque
671 519 767 560 viris
788 533 1047 573 operumque
1068 518 1257 562 laborem

175 577 373 618 Partibus
395 578 591 630 aequabat
607 577 746 631 justis,
768 585 840 617 aut
862 584 973 617 sorte
995 575 1215 626 trahebat3

175 635 320 681 Quum
342 635 480 674 subito
496 633 659 674 AEneas
681 647 892 673 concursu
912 633 1114 674 accedere
1135 648 1289 687 magno

173 691 346 732 Anthea
368 691 694 744 Sergestumque
713 689 827 730 videt
848 689 1083 743 fortemque
1102 689 1371 740 Cloanthum,
1544 693 1628 734 510

175 747 525 800 Teucrorumque
546 746 662 795 alios,
685 754 775 787 ater
792 761 896 799 quos
913 761 1082 799 aequore
1109 747 1234 789 turbo

175 803 436 858 Dispulerat‚
457 804 710 857 penitusque
732 802 832 843 alias
849 810 1048 843 avexerat
1069 818 1175 843 oras.

176 860 415 914 Obstupuit
435 860 556 901 simul
579 861 682 914 ipse,
706 859 826 900 simul
848 874 1075 912 percussus
1098 859 1287 900 Achates

174 917 429 971 Laetitiaque
450 926 649 970 metuque
668 934 677 966 3
710 917 819 957 avidi
840 916 1095 970 conjungere
1117 917 1289 957 dextras

174 973 413 1022 Ardebant,
435 974 510 1014 sed
540 989 605 1014 res
627 973 783 1013 animos
804 973 1015 1026 incognita
1036 974 1192 1013 turbat.
1548 975 1630 1014 515

175 1030 462 1079 Dissimulant,
486 1037 528 1070 et
548 1031 659 1070 nube
681 1043 784 1069 cava
804 1028 1073 1082 speculantur
1094 1030 1247 1077 amicti,

175 1086 286 1133 Quae
304 1087 471 1127 fortuna
492 1087 586 1126 viris
602 1104 610 1135 ;
644 1085 817 1127 classem
836 1100 919 1138 quo
936 1085 1057 1126 litore
1074 1085 1263 1139 linquant
1281 1103 1290 1135 3

177 1143 295 1190 Quid
317 1144 499 1184 veniant.

561 1143 735 1183 Cunctis
752 1157 846 1181 nam
867 1141 965 1181 lecti
993 1142 1168 1182 navibus
1188 1144 1318 1191 ibant,

177 1200 362 1240 Orantes
379 1200 554 1247 veniam,
576 1207 618 1239 et
636 1198 839 1251 templum
859 1197 1041 1238 clamore
1062 1199 1275 1251 petebant.

233 1256 465 1309 Postquam
485 1256 744 1309 introgressi,
767 1261 809 1294 et
830 1268 970 1294 coram
992 1254 1090 1294 data
1113 1256 1235 1308 copia
1252 1255 1382 1301 fandi,

175 1312 391 1353 {Maximus
421 1312 602 1352 Ilioneus
618 1311 785 1365 placido
807 1311 863 1350 sic
884 1318 1058 1363 pectore
1080 1312 1232 1365 coepit:

177 1369 218 1410 O
237 1369 417 1423 Regina,
439 1383 588 1408 novam
609 1368 675 1408 cui
698 1367 880 1408 condere
898 1367 1070 1420 Jupiter
1086 1369 1233 1408 urbem

175 1425 205 1465 J
209 1426 433 1479 ustitiaque
450 1425 567 1465 dedit
581 1439 656 1478 ger
669 1432 728 1464 tes
750 1423 913 1463 frenare
937 1425 1158 1477 superbas,

177 1481 315 1523 Troes
336 1489 377 1522 te
398 1481 548 1531 miseri,
571 1481 703 1522 ventis
724 1480 853 1520 maria
875 1480 1010 1521 omnia
1029 1481 1149 1530 vecti,

176 1645 234 1674 604
254 1644 368 1674 Urbem
381 1644 565 1674 condendam
579 1644 724 1683 praeclare
736 1654 806 1682 opus
819 1654 882 1682 req-

175 1694 298 1721 numque
306 1685 442 1721 saturum
457 1684 708 1721 appellat.—505.
724 1685 782 1712 506
818 1684 882 1712 Me-

175 1721 224 1750 dia
239 1722 377 1751 testudine
399 1722 506 1760 templi,
528 1723 557 1751 h.
582 1732 609 1750 e.
635 1723 732 1750 medio
759 1723 882 1759 templO‚

177 1761 284 1789 Latino
298 1771 365 1795 usu,
381 1766 527 1798 quatenus
543 1760 620 1788 intra
639 1760 718 1788 sores
741 1761 882 1788 consede-

175 1804 242 1834 rat;
264 1809 332 1827 cum
348 1799 444 1826 omnia
459 1798 598 1826 dicantur
611 1798 711 1830 media,
733 1808 799 1834 quae
815 1802 883 1825 sunt

199 1842 246 1865 ost
259 1837 416 1875 principia.
430 1840 521 1873 soepta
534 1846 635 1867 armtS,
650 1837 781 1868 armatis,
795 1836 883 1863 satel-

175 1846 293 1908 litibus,
310 1874 391 1912 quod
405 1873 530 1910 vulgare
554 1878 621 1905 est;
644 1873 735 1901 illud:
750 1874 823 1910 jura
845 1874 883 1901 le-

174 1923 282 1950 yesque
295 1913 363 1940 clare
386 1910 546 1940 nihilesse
568 1911 647 1940 aliud
673 1921 774 1939 moneo
797 1922 883 1949 quam

168 1952 222 1988 jus
237 1951 340 1979 dicere.
374 1950 409 1978 In
419 1950 529 1987 templa
542 1955 641 1978 autem
658 1955 788 1978 senatum
805 1951 883 1987 cogi,

177 1989 220 2017 ibi
233 1989 391 2017 tribunalia
400 1989 479 2026 poni,
494 1993 580 2017 notus
595 1989 797 2017 Romanorum
810 1998 884 2022 mos,

177 2028 215 2055 ad
243 2038 331 2065 quem
360 2028 424 2056 haec
445 2028 559 2055 relicta.
586 2026 656 2055 solio
676 2026 732 2054 alle
752 2026 883 2060 subnixa,

177 2066 283 2094 resedit
297 2070 417 2101 ornate3
437 2070 519 2094 erant
535 2070 633 2093 autem
648 2064 744 2093 throni
761 2065 884 2099 excelsi,

176 2104 302 2142 ideoque
325 2104 451 2141 pedibus
475 2104 609 2141 subjecta
633 2103 883 2133 scabella—507.

177 2144 235 2171 505
257 2143 346 2180 Opus
373 2142 579 2170 aedificationis
605 2141 788 2179 partiebatur
810 2142 885 2171 inter

178 2182 259 2210 cives
277 2191 347 2209 suos
363 2181 411 2209 vel
427 2180 463 2208 de
481 2181 625 2208 sententia
640 2180 687 2208 vel
702 2184 792 2209 sorte.
808 2186 884 2209 sorte

178 2219 309 2248 trahebat
320 2229 390 2256 opus
402 2219 531 2253 doctius,
542 2228 629 2257 quani
645 2219 763 2247 trahere
773 2224 884 2247 sortem

179 2258 216 2286 ad
242 2258 449 2295 assignandum
476 2267 562 2295 opus,
592 2264 672 2286 sorte
692 2258 781 2286 ducta
808 2267 883 2295 opus

178 2296 340 2333 assignare.
356 2312 394 2316 —
410 2297 484 2325 Mox
523 2306 660 2324 concursu
687 2306 790 2334 magne
816 2306 884 2324 cum

179 2335 309 2372 plurium
322 2334 559 2362 concursatione.
573 2336 621 2368 (ut
639 2345 667 2362 v.
680 2336 747 2363 519.
762 2333 883 2363 clamore

178 2373 216 2400 ad
230 2372 450 2400 multitudinem
466 2373 668 2401 comitantium
684 2373 883 2402 referendum.

178 2415 235 2439 est.
252 2409 412 2447 W.)—.‘›10
432 2411 509 2439 Sunt
531 2420 597 2448 sup.
623 2412 692 2439 220.
720 2422 785 2449 sqq.
809 2411 884 2439 inter

179 2449 305 2477 amissos
323 2449 584 2478 memorati.—-516
604 2449 801 2478 Dissimulunt
827 2459 882 2487 pro

180 2487 296 2525 vulgari
310 2496 318 2521 ·‚
340 2487 487 2515 continent
504 2497 545 2520 se,
561 2498 619 2525 quo
635 2488 730 2516 minus
746 2497 882 2525 prorum-

180 2529 262 2564 pant,
277 2524 347 2562 quia
362 2535 460 2553 rerum
482 2531 606 2554 eventus
634 2531 665 2554 et
685 2526 883 2555 conditionem

179 2573 237 2592 non
258 2563 331 2592 satis
353 2568 467 2592 norant.
482 2581 520 2585 —
533 2566 591 2592 519
619 2565 746 2593 Orunles
772 2565 883 2593 veniam

178 2602 278 2640 simpl.
293 2601 452 2639 propitiam
464 2607 494 2630 et
502 2602 674 2632 benevolam
688 2603 881 2637 voluntatem,

180 2645 213 2670 ut
225 2651 259 2669 ne
272 2639 433 2670 escendere
446 2649 479 2668 ac
494 2640 565 2668 litus
577 2646 675 2670 tenere
690 2642 883 2680 prohiberen-

179 2683 239 2708 tur.
278 2678 411 2713 Scilicet,
433 2682 466 2706 ut
490 2687 618 2716 sequens
640 2681 735 2710 oratio
759 2690 788 2710 v.
814 2681 883 2709 525.

924 1654 989 1683 sqq.
1006 1644 1042 1674 ad
1056 1643 1282 1683 intelligendum
1303 1643 1445 1682 expedita
1471 1643 1523 1677 sit,
1546 1643 1629 1682 cogi¹

924 1684 1053 1715 tandum,
1083 1694 1175 1712 naves
1195 1684 1262 1712 illas
1288 1683 1324 1711 ad
1351 1683 1432 1716 litus,
1454 1682 1535 1720 quod
1559 1692 1629 1711 raro

924 1722 998 1750 adiri
1020 1722 1146 1755 solebat,
1174 1722 1314 1760 appulsae
1348 1731 1403 1759 pro
1431 1720 1629 1759 praedatoriis,

925 1764 1091 1794 ληστρικαῖς,
1124 1760 1217 1789 fuisse
1251 1760 1379 1788 habitas.
1430 1761 1632 1789 Aecum-erant

925 1798 1024 1830 Poeni,
1058 1799 1248 1835 prohibentes
1277 1800 1425 1835 Trojanos
1461 1799 1630 1831 escendere,

925 1836 969 1863 sin
984 1836 1134 1870 fecissent,
1156 1837 1216 1874 igni
1232 1847 1323 1866 naves
1337 1838 1513 1866 comburere
1529 1836 1630 1864 minati

925 1878 1017 1901 erant.

962 1913 1018 1939 521
1042 1911 1198 1947 Maximus,
1216 1923 1258 1941 sc.
1274 1917 1354 1945 natu,
1369 1916 1401 1940 ut
1414 1913 1482 1940 654.
1496 1916 1628 1940 natarum

926 1949 1062 1983 maxima,
1078 1951 1213 1979 absolute
1226 1961 1233 1985 ;
1255 1951 1312 1978 nisi
1326 1950 1492 1987 intelligere
1516 1950 1610 1978 mavis
1623 1960 1630 1986 3

926 1989 1064 2026 princeps
1091 1989 1192 2017 interi
1216 1998 1276 2022 sos,
1302 1993 1333 2017 et
1357 1989 1534 2016 auctoritate
1558 1989 1630 2016 emi-

925 2036 1007 2055 nens.
1048 2027 1097 2054 Ita
1111 2027 1187 2065 simp
1202 2028 1288 2055 ieiter
1312 2026 1383 2055 alibi
1397 2027 1466 2055 AEn.
1481 2026 1548 2060 III,
1564 2028 1631 2055 107.

926 2065 1076 2093 Maximis
1099 2066 1170 2093 mule
1193 2070 1291 2104 pater,
1328 2065 1629 2102 Teuc1·us.—-placido

920 2108 1047 2141 pectore,
1062 2103 1091 2132 b.
1103 2104 1360 2141 placide,placida
1372 2108 1402 2132 et
1415 2103 1475 2132 leni
1487 2104 1631 2133 oratione.

925 2142 1063 2179 (Placido
1091 2153 1138 2170 ore
1164 2142 1279 2181 legatos
1314 2142 1475 2180 alloquitur
1503 2143 1628 2171 Latinus

924 2181 1002 2214 VH,
1020 2181 1084 2208 194.
1107 2180 1267 2218 W.)—522
1282 2191 1347 2219 sqq.
1389 2179 1495 2209 Oratio
1509 2182 1630 2220 egregie

925 2219 962 2247 ad
977 2219 1135 2247 consilinm
1150 2224 1180 2248 et
1193 2221 1229 2248 ad
1247 2220 1385 2248 affectum
1399 2219 1530 2247 dicentis
1544 2221 1630 2249 audi-

924 2258 1059 2295 entisque
1089 2264 1270 2296 comparata,
1298 2268 1366 2286 cum
1394 2267 1453 2296 qua
1479 2267 1536 2286 non
1566 2258 1629 2287 sine

924 2296 1024 2324 fructu
1039 2306 1194 2333 compares
1218 2297 1339 2325 alteram
1365 2297 1402 2325 ad
1427 2296 1567 2325 Latinum
1587 2297 1629 2324 R.

924 2334 1055 2362 habitam
1072 2335 1139 2363 AEn.
1154 2335 1232 2369 VII,
1253 2336 1322 2364 213.
1337 2346 1403 2373 sqq.
1443 2334 1627 2363 Praeclarnm

923 2373 998 2401 hoc:
1022 2383 1121 2401 novum
1142 2374 1187 2401 cui
1211 2374 1330 2402 condere
1351 2372 1470 2412 Jupiter
1489 2372 1629 2400 urbem—-

925 2421 1015 2449 grave
1042 2412 1077 2439 ad
1099 2411 1288 2442 humanitatis
1309 2412 1404 2441 officia
1425 2416 1627 2448 argumentum

924 2450 1002 2487 apud
1025 2450 1185 2478 Didonem.
1226 2451 1373 2480 Similiter
1398 2449 1534 2486 expende
1557 2448 1627 2477 reli·

924 2489 1089 2525 quae—523
1102 2494 1200 2526 gentes
1213 2490 1361 2528 superba-5,
1382 2489 1506 2520 feroceS,
1534 2487 1628 2515 int.—

924 2527 1027 2557 Afros.
1056 2537 1113 2555 non
1137 2528 1258 2556 Poenos.
1299 2526 1451 2556 Justitiam
1471 2525 1509 2553 ad
1530 2529 1627 2554 totum

925 2565 1072 2594 mitiorem
1082 2566 1151 2594 xitae
1166 2567 1280 2595 cultum
1295 2566 1423 2604 legesque
1434 2563 1544 2600 acjura
1558 2564 1627 2592 data

924 2604 1014 2638 refer,
1045 2604 1153 2642 quibus
1179 2606 1329 2634 feritatem
1354 2612 1456 2631 eorum
1475 2602 1626 2645 mitigavit

925 2642 1018 2670 Dido.
1059 2646 1135 2681 (veel
1152 2653 1239 2677 mar.,
1254 2653 1308 2682 per
1319 2641 1421 2674 maria,
1443 2647 1475 2670 ut
1491 2650 1627 2678 uavzyare

923 2689 1021 2719 oequor
1044 2692 1073 2711 v.
1095 2682 1144 2711 67.
1160 2682 1282 2716 dicitur,
1304 2684 1333 2708 et
1354 2679 1465 2715 iuuare,
1494 2678 1627 2709 {innatare
