1796 3077
156 257 252 304 544

580 251 622 289 P.
652 249 885 288 VIRGILII
916 249 1168 289 MARONIS

151 376 385 425 Pandarus,
406 382 452 417 ut
471 373 566 415 fuso
587 386 832 427 germanum
854 385 1033 426 corpore
1053 372 1200 422 cernit,

150 434 210 475 Et
231 449 315 488 quo
338 434 388 474 sit
405 433 573 473 fortuna
587 430 694 479 loco,
714 430 787 484 qui
807 443 929 471 casus
948 436 1048 484 agat
1064 444 1153 470 res:

148 491 321 532 Portam
340 491 379 530 vi
399 487 528 530 multa
549 502 751 528 converso
771 487 942 528 cardine
963 494 1146 541 torquet,

147 548 345 588 Obnixus
364 545 459 587 latis
480 544 680 593 humeris,
696 544 934 598 multosque
951 558 1125 585 suorum
1529 554 1606 584 1¹5..)
1622 550 1635 555 ”

146 605 365 646 Moenibus
386 601 580 645 exclusos
602 602 709 642 duro
730 602 772 642 in
794 601 1021 643 certamine
1042 600 1192 655 linquit
1210 617 1219 650 ;
1643 605 1645 607 ’

146 661 229 703 Ast
249 661 351 701 alios
372 675 515 701 secum
543 657 719 700 includit
739 659 973 713 recipitque
995 666 1180 708 ruentes,

146 719 347 766 Demens,
369 718 441 771 qui
461 715 670 757 Rutulum
691 717 732 757 in
752 716 892 757 medio
913 730 997 756 non
1018 716 1184 769 agmine
1205 729 1347 770 regem

146 775 314 817 Viderit
330 776 643 828 irrumpentem,
666 772 861 828 ultroque
882 772 1097 814 incluserit
1119 773 1236 814 urbi:

144 832 371 873 Immanem
392 830 520 872 veluti
541 845 695 885 pecora
715 832 824 872 inter
844 831 995 871 inertia
1014 830 1167 885 tigrim.

146 889 358 930 Continuo
374 904 482 929 nova
501 887 575 929 lux
595 887 725 930 oculis
743 886 917 937 offulsit,
939 894 981 928 et
1002 902 1117 928 arma

144 946 422 988 Horrendum
442 959 646 995 sonuere3
681 952 865 987 tremunt
885 946 926 985 in
947 944 1107 986 vertice
1127 944 1266 985 cristae

144 1004 413 1058 Sanguineas,
438 1002 658 1058 clipeoque
679 1003 876 1044 micantia
896 1001 1070 1042 fulmina
1089 1002 1274 1042 mittunt.

144 1060 398 1115 Agnoscunt
419 1060 567 1101 faciem
589 1061 763 1100 invisam
783 1066 910 1113 atque
930 1058 1126 1099 immania
1145 1058 1331 1098 membra

792 1116 908 1157 Tum
924 1115 1147 1156 Pandarus
1167 1116 1315 1170 ingens
1525 1129 1557 1154 at

142 1118 326 1159 Turbati
347 1118 485 1159 subito
507 1116 732 1158 AEneadae.

144 1175 325 1224 Emicat,
347 1182 389 1216 et
409 1176 554 1216 mortis
575 1174 772 1215 fraternae
789 1174 975 1215 fervidus
996 1173 1058 1213 ira

147 1232 318 1273 Estatur
335 1247 344 1273 ε
378 1231 481 1271 Non
498 1231 592 1272 haec
613 1230 765 1271 dotalis
785 1231 903 1284 regia
922 1230 1111 1276 Amatoe;

141 1289 238 1330 Nec
259 1289 386 1329 muris
407 1288 579 1329 cohibet
597 1287 744 1342 patriis
764 1288 903 1328 media
924 1285 1072 1327 Ardea
1091 1284 1299 1327 Turnum.

143 1346 295 1386 Castra
313 1345 478 1386 inimica
498 1345 638 1394 vides;
670 1343 784 1385 nulla
801 1344 900 1385 hinc
921 1344 1039 1384 exire
1058 1350 1264 1396 potestas.

144 1402 232 1443 Olli
253 1402 475 1443 subridens
496 1402 645 1442 sedato
664 1408 837 1454 pectore
860 1400 1035 1441 Turnus
1056 1414 1065 1439 ε

1523 1398 1608 1440 ἨΟ

143 1459 301 1513 Incipe,
324 1460 358 1499 si
378 1474 462 1512 qua
482 1459 620 1498 animo
641 1458 785 1507 virtus,
806 1464 849 1498 et
865 1470 1041 1498 consere
1063 1456 1285 1506 dcxtram3

145 1516 231 1557 Hic
256 1516 382 1557 etiam
402 1517 617 1556 inventum
639 1513 810 1556 Priamo
830 1514 1021 1555 narrabis
1043 1512 1268 1554 Achillem.

146 1572 343 1615 Dixerat.

402 1572 478 1614 Ille
500 1572 649 1613 rudem
665 1572 786 1613 nodis
803 1579 844 1613 et
865 1572 1023 1613 cortice
1041 1570 1176 1612 crudo

144 1630 368 1685 Intorquet
389 1631 558 1672 summis
578 1630 759 1671 adnixus
781 1630 939 1671 viribus
963 1628 1142 1669 hastam.

144 1688 372 1743 Excepere
389 1702 505 1728 aurae
525 1687 675 1728 vulnus
697 1704 706 1737 3
742 1687 942 1728 Saturnia
961 1685 1077 1726 Juno

1525 1684 1551 1724 7
1555 1684 1610 1724 45

143 1745 339 1787 Detorsit
355 1746 524 1786 veniens
542 1762 552 1794 3
582 1751 804 1799 portaeque
825 1744 1016 1799 infigitur
1028 1742 1165 1783 hasta.

145 1803 206 1843 At
226 1817 311 1844 non
331 1802 411 1844 hoc
434 1802 575 1851 telum,
605 1816 699 1843 mea
718 1802 835 1856 quod
856 1802 895 1842 vi
917 1802 1094 1842 dextera
1115 1805 1271 1847 versat,

144 1859 364 1914 Effugies3
397 1873 535 1912 neque
555 1859 665 1899 enim
685 1859 719 1899 is
742 1858 813 1900 teli
833 1873 910 1899 nec
928 1857 1112 1898 vulneris
1133 1864 1297 1898 auctor.

146 1917 217 1958 Sic
248 1917 319 1964 ait,
342 1924 384 1957 et
405 1915 616 1956 sublatum
637 1915 719 1956 alte
742 1915 960 1969 consurgit
980 1915 1021 1954 in
1043 1928 1198 1963 ensem,

146 1973 205 2013 Et
224 1973 404 2014 mediam
426 1972 538 2013 ferro
558 1973 726 2026 gemina
751 1973 861 2012 inter
881 1980 1071 2026 tempora
1092 1970 1275 2012 frontem

1526 1970 1610 2011 750

144 2030 322 2080 Dividit,
350 2029 630 2085 impubesque
650 2029 821 2070 immani
840 2029 1012 2070 vulnere
1032 2027 1179 2069 malas.

183 2159 242 2189 728
263 2160 371 2194 Νὴπιος.
391 2162 451 2189 ele.
479 2158 517 2187 Il.
544 2162 575 2194 β.
595 2161 634 2189 38
654 2163 685 2188 et
706 2159 765 2193 VI,
786 2159 855 2187 590.

147 2198 283 2232 Demens,
308 2198 358 2236 qui
377 2197 486 2226 nimbos
506 2201 534 2225 et
552 2198 670 2236 fulmen
683 2197 857 2226 simularat:

144 2238 158 2265 1
167 2239 192 2271 Ι,
208 2238 374 2266 :Mla-730
383 2247 491 2275 pecora
504 2236 622 2273 inertia,
643 2247 717 2267 oves
731 2237 772 2266 ait
784 2237 857 2266 Cer-

146 2277 184 2304 da
200 2286 207 2309 3
229 2276 337 2304 saltem
351 2275 554 2314 potissimum.
738 2284 743 2287 “

183 2316 338 2344 731-735
363 2315 513 2343 Praeclare
527 2314 592 2344 liaec
607 2314 634 2343 in
649 2315 746 2353 majus
760 2317 857 2342 aucta.

146 2353 269 2382 Scilicet
290 2353 481 2391 cogitandum
503 2357 562 2387 est,
584 2353 755 2392 principum
777 2352 857 2381 vixo-

145 2402 212 2420 rum
228 2403 262 2420 ac
284 2402 385 2421 renum
407 2402 488 2420 arma
508 2394 663 2430 praecipuo
685 2393 785 2430 aliquo
804 2392 857 2420 lae-

147 2441 219 2459 vore
234 2441 268 2460 ac
285 2417 402 2469 fulgore
418 2431 619 2470 splenduisse,
643 2431 751 2459 cristas
765 2429 858 2458 fuisse

148 2469 280 2503 altiores,
299 2473 328 2498 et
342 2469 386 2497 sic
400 2479 502 2508 porro.
542 2470 645 2499 Turno
666 2477 766 2498 autem
780 2468 860 2497 intra

147 2512 247 2537 castra
275 2509 441 2546 intercepto
467 2509 582 2538 crescit
606 2509 750 2538 audacia:
785 2517 862 2536 nova

145 2547 196 2576 lux·
205 2546 425 2584 oculis‹›fful.s·it,
447 2547 579 2576 accessit
598 2548 647 2581 iis,
670 2551 733 2576 tum
759 2551 860 2575 autem

148 2596 205 2614 nec
226 2585 324 2614 minus
345 2586 459 2614 ess'ulsit
479 2586 586 2615 oculis.
636 2587 780 2616 Ceterum
801 2585 862 2614 sin-

148 2624 218 2663 gula
231 2624 261 2658 iu
282 2623 417 2652 Homero
438 2625 550 2662 passim
573 2629 644 2654 sunt
664 2625 764 2660 obvia,
790 2634 859 2662 quae

149 2668 245 2692 lamen
259 2662 297 2691 ad
311 2662 505 2691 imilationem
520 2664 597 2692 trahi
612 2668 774 2703 nequeunt.
807 2663 859 2692 Sic

148 2705 193 2730 ἐπὶ
216 2704 346 2736 στήθεσσι
369 2704 398 2729 δὲ
415 2706 517 2734 χαλκὸς
540 2707 713 2736 Σμερὸηλέυν
733 2706 860 2738 κονάβιζε

148 2741 186 2769 ll.
201 2742 458 2777 4›,25-1.ctAewi·u
472 2743 604 2776 iS'k-'sspnxn
623 2746 725 2775 χαλκὸς
737 2745 779 2770 ἐπὶ
793 2755 859 2772 στη-

896 2159 990 2185 θεσσιυ
1004 2161 1117 2187 ἄνακτος
1134 2157 1173 2187 Il.
1188 2162 1213 2192 δ,
1232 2158 1301 2186 410.
1324 2160 1357 2185 ut
1379 2156 1427 2185 hic
1446 2166 1529 2185 arma
1543 2157 1612 2186 hor-

897 2196 1016 2224 rendum
1035 2207 1166 2230 sonuere,
1190 2201 1220 2226 et
1236 2196 1274 2224 Il.
1290 2210 1318 2230 χ.
1342 2196 1410 2224 133.
1433 2197 1488 2224 134
1505 2200 1610 2230 χαλκός

898 2236 1042 2269 ἐλάμπετο
1062 2238 1168 2265 εἴκελος
1184 2238 1254 2273 (ιῦγῇ
1275 2237 1289 2267 ἶ)
1313 2238 1394 2269 πυρὸς
1418 2237 1575 2269 αἰθομένοιο
1597 2237 1613 2266 ῗγ

900 2276 994 2305 ἠελίου
1005 2278 1137 2308 ἀνιόντος,
1153 2285 1207 2313 pro
1224 2284 1284 2312 quo
1299 2275 1327 2302 h.
1343 2274 1499 2312 Lfitlmiua
1510 2284 1520 2302 .·
1541 2283 1611 2312 pro-

895 2313 973 2351 prie,
995 2313 1127 2351 fulgura.
1171 2313 1288 2342 cristas
1308 2313 1403 2342 Turni
1423 2313 1554 2341 rubentes
1580 2322 1608 2341 v.

896 2353 955 2381 270
976 2361 1067 2390 supra
1088 2353 1344 2381 vidimus.—-733
1365 2351 1481 2381 mittunt
1500 2361 1543 2379 sc.
1565 2360 1610 2384 se,

896 2390 1071 2426 mittuntur;
1091 2392 1201 2420 durum
1216 2392 1283 2426 hoc,
1294 2391 1449 2429 poeticum
1463 2394 1611 2418 tamen.—

896 2430 955 2458 737
974 2429 1078 2459 dotalis
1100 2430 1191 2469 reyia,
1215 2430 1505 2459 Laurentum.-74l
1518 2431 1612 2462 ”Αρχε,

899 2471 932 2496 σι)
944 2471 996 2503 ’γὰρ
1010 2472 1122 2507 Ἶένεῇφι
1140 2473 1266 2503 νεώτερος·
1280 2469 1319 2497 Il.
1341 2476 1372 2505 φ,
1393 2468 1560 2496 439.-742
1579 2471 1612 2495 ut

899 2507 975 2535 illud
996 2507 1047 2535 lib.
1063 2508 1111 2542 11,
1131 2509 1190 2537 549
1204 2519 1209 2536 ι
1232 2509 1339 2546 reseres
1355 2516 1423 2544 eryo
1441 2505 1500 2534 hoec
1513 2505 1612 2544 Βερε-

899 2556 1049 2583 neremque
1058 2546 1275 2586 Neoptolemum
1288 2554 1410 2575 narrare
1423 2549 1612 2573 memento.—

900 2586 958 2614 745
984 2585 1065 2614 Juno
1091 2586 1222 2615 detorsit.
1282 2583 1411 2614 Praeivit
1437 2584 1611 2622 exemplum

899 2624 1050 2662 Apollinis
1066 2625 1104 2653 Il.
1120 2629 1146 2658 θ,
1167 2626 1222 2653 311
1237 2629 1267 2653 et
1281 2623 1428 2653 Minervae
1444 2622 1484 2651 Il·
1505 2636 1529 2656 v,
1549 2623 1609 2651 438

900 2673 914 2691 S
937 2674 978 2701 q.,
1000 2663 1051 2691 ubl
1065 2664 1121 2692 dea
1134 2666 1214 2702 πνοιῇ
1227 2663 1276 2694 ἧκα
1287 2665 1367 2696 μάλα
1379 2664 1490 2693 ψύξασα
1502 2660 1613 2690 avertit

901 2705 928 2731 te
945 2712 991 2730 um
1020 2702 1165 2731 Hectoris
1189 2703 1227 2730 ab
1252 2700 1497 2730 Achilla—748
1519 2709 1610 2728 necue

900 2741 972 2770 enim
989 2741 1015 2769 is
1035 2742 1086 2770 toli
1098 2751 1147 2770 uec
1160 2739 1284 2769 vulneris
1297 2744 1411 2774 (tucior,
1431 2743 1463 2769 ul
1486 2744 1518 2768 tu
1535 2712 1619 2768 eliu--
