1796 3077
600 253 869 292 AENEIDOS.

148 375 324 431 Accipe,
346 375 485 430 daque
503 374 645 420 sidem,

915 253 1014 292 LIB.
1046 252 1160 292 VIII.
1505 262 1604 307 487.

706 376 816 417 Sunt
836 375 956 416 nobis
979 374 1102 416 sortia
1123 373 1234 416 bello
1525 378 1604 417 150

148 432 342 482 Pectora,
365 441 461 473 sunt
483 434 619 483 animi,
641 440 685 475 et
705 434 833 475 rebus
855 439 1044 487 spectata
1059 432 1274 486 Juventus.

205 489 387 531 Dixerat
409 490 586 532 AEneas.

646 490 722 531 Ille
744 505 803 539 os,
825 489 1054 543 oculosque
1074 488 1295 543 loquentes

145 546 243 587 «Jam
263 547 438 597 dudum,
460 556 503 588 et
523 555 658 589 totum
677 547 884 588 lustrabat
903 546 1059 587 lumine
1079 561 1247 600 corpus.

145 603 261 644 Tum
281 605 339 646 sic
360 620 495 659 pauca
515 604 668 646 refert:
703 604 764 645 Ut
785 612 841 652 te,
863 603 1087 644 fortissime
1104 603 1335 652 Teucrum,

144 660 325 716 Accipio
348 677 617 716 agnoscoque
636 662 791 703 libens!
822 667 869 702 ut
887 661 1017 702 verba
1038 661 1225 715 parentis

1525 661 1604 703 155

142 717 202 758 Et
222 733 366 760 vocem
388 718 589 760 Anchisae
609 720 751 773 magni
777 718 1022 772 vultumque
1043 718 1243 759 recorder
1260 720 1269 758 !

144 774 259 815 Nam
279 777 447 817 memini
467 776 670 817 Hesionae
692 777 894 816 visentem
915 790 1046 829 regna
1067 775 1221 815 sororis

145 831 551 873 Laomedontiadem
571 832 798 880 Priamum,
828 831 1040 872 Salamina
1059 839 1288 885 petentem,

144 888 354 929 Protenus
372 890 570 930 Arcadiae
591 888 754 943 gelidos
774 889 953 929 invisere
974 888 1094 928 fines.

142 945 256 986 Tum
277 945 378 986 mihi
399 947 534 1000 prima
555 961 684 1000 genas
707 946 887 986 vestibat
908 945 1011 986 flore
1027 946 1204 999 juventa
1224 961 1233 985 ε

1526 946 1604 986 160

142 1002 421 1057 B'Iirabarque
441 1003 571 1044 duces
592 1003 802 1051 Teucros,
824 1003 1006 1043 mirabar
1026 1010 1068 1043 et
1089 1003 1226 1056 ipsum

144 1059 576 1110 Laomedontiadem;
610 1061 685 1101 sed
706 1060 869 1101 cunctis
890 1059 1012 1099 altior
1032 1060 1123 1100 ibat

141 1116 368 1158 Anchises.

430 1117 542 1157 Mihi
563 1132 679 1158 mens
695 1116 884 1170 juvenali
904 1116 1082 1157 ardebat
1103 1131 1245 1157 amore

142 1173 408 1228 Compellare
431 1175 576 1222 virum,
599 1181 642 1214 et
662 1174 826 1214 dextrae
845 1175 1102 1227 conjungere
1124 1173 1316 1214 dextram
1338 1189 1347 1213 t

139 1229 329 1279 Accessi,
350 1238 392 1271 et
413 1231 593 1285 cupidus
616 1230 780 1271 Phenei
801 1231 880 1270 sub
900 1231 1056 1270 moenia
1077 1230 1195 1270 duxi.

140 1286 217 1328 Ille
233 1287 335 1328 mihi
354 1288 560 1342 insignem
579 1287 825 1341 pharetram
846 1286 1086 1341 Lyciasque
1107 1287 1283 1340 sagittas

140 1343 380 1386 Discedens
401 1344 751 1399 chlamydemque
774 1359 877 1385 auro
899 1344 1017 1385 dedit
1037 1344 1318 1391 intertextam,

139 1400 363 1456 Frenaque
386 1403 495 1451 bina,
516 1417 633 1442 meus
653 1417 749 1455 quae
770 1415 882 1442 nunc
901 1401 1046 1449 habet,
1068 1415 1212 1450 aurea,
1235 1400 1391 1441 Pallas.

140 1458 260 1512 Ergo
281 1466 335 1508 et,
356 1473 482 1512 quam
502 1459 658 1523 petitis,
674 1459 823 1513 juncta
844 1464 909 1499 est
928 1457 1031 1498 mihi
1050 1457 1213 1498 foedere
1234 1458 1412 1498 dextra:

141 1515 213 1564 Et,
235 1515 310 1556 lux
330 1531 461 1569 quum
480 1517 662 1570 primum
682 1516 805 1557 terris
827 1530 870 1556 se
892 1515 1075 1556 crastina
1094 1515 1262 1564 reddet,

139 1571 314 1613 Auxilio
336 1572 454 1613 laetos
476 1573 696 1622 dimittam,
719 1573 957 1626 opibusque
972 1572 1148 1626 juvabo.

139 1628 310 1671 Interea
329 1645 448 1672 sacra
462 1629 569 1679 haec,
591 1630 762 1684 quando
783 1629 867 1670 huc
889 1629 1059 1670 venistis
1080 1629 1215 1678 amici,

138 1685 310 1737 Annua,
331 1702 426 1741 quae
448 1687 620 1728 differre
642 1687 775 1736 nefas,
796 1685 1008 1727 celebrate
1030 1685 1219 1727 faventes

136 1743 388 1794 Nobiscum,
410 1752 452 1785 et
467 1745 558 1799 jam
578 1759 690 1785 nunc
710 1744 920 1784 sociorum
941 1744 1169 1784 assuescite
1190 1741 1358 1783 mensis.

196 1800 306 1843 Haec
326 1802 401 1842 ubi
421 1802 548 1851 dicta,
569 1801 701 1855 dapes
715 1801 841 1855 jubet
861 1808 904 1842 et
925 1800 1093 1841 sublata
1112 1801 1261 1854 ieponi

140 1856 314 1908 Pocula,
335 1859 636 1914 gramineoque
657 1858 767 1899 viros
789 1857 929 1899 locat
920 1872 1010 1911 lpse
1033 1857 1175 1898 sedili·
1167 1889 1176 1907 ‚

139 1913 497 1971 Praecipuumque
518 1922 612 1958 toro
632 1922 675 1957 et
696 1914 830 1956 villosi
848 1913 958 1969 pelle
978 1914 1111 1956 leonis

127 2042 189 2080 jeci
201 2048 299 2083 caput.
338 2044 438 2073 Etiam
460 2045 514 2073 Gr.
555 2045 627 2080 Σφὰς
642 2044 694 2078 γὰρ
709 2045 816 2077 παρθέμ
804 2055 847 2071 ε-

136 2086 316 2156 Οᾶκεΐαλὲἑ
327 2083 388 2152 (3321
397 2088 434 2151 eii.
437 2084 552 2160 Ξ4781ῗ3ῐ
567 2085 849 2156 ἴιῇηἷιῑαρῖἶῖῑυῗι

137 2159 329 2202 siveapatre
344 2161 450 2196 Turni,
477 2161 596 2195 Dauno,
620 2160 665 2189 Χ.
679 2161 749 2189 610.
768 2161 848 2196 6883

135 2207 201 2227 aive
225 2208 243 2227 a
265 2203 368 2229 vetere
388 2200 441 2229 illo
463 2200 571 2228 Dauno
589 2182 714 2237 'Apuliae
740 2198 845 2227 condi-

136 2240 214 2271 tore,
229 2247 246 2266 a
263 2248 322 2276 quo
335 2248 371 2268 ea
390 2238 510 2267 Daunia
531 2238 622 2267 dicta.
663 2238 713 2267 Ad
728 2241 847 2266 senteu-

134 2275 207 2305 tiam
228 2276 267 2304 cf.
288 2287 318 2306 v.
342 2278 379 2306 35
405 2278 605 2320 supr-a—l50
622 2277 732 2315 Accipe
757 2276 849 2315 daque

128 2314 228 2351 fidem,
237 2315 543 2354 soedusqueferibene
561 2317 690 2353 fi.rmmn
732 2316 848 2344 Ennius

135 2353 214 2383 Ann
230 2354 258 2383 Ι.
273 2355 353 2392 apud
368 2355 506 2383 Maciffob
519 2348 597 2388 V1'1,
613 2356 641 2384 1.
662 2365 693 2393 p.
707 2355 777 2383 572.

177 2394 234 2422 160
254 2393 373 2422 vestibat
389 2394 475 2430 flore,
495 2406 530 2422 πυ
531 2406 612 2422 κασεν
668 2393 848 2422 RAlarone

138 2436 312 2461 sumserunt
334 2432 431 2461 multi.
457 2431 495 2460 cf.
520 2433 628 2462 Cerda.
669 2432 794 2461 Fundus
818 2433 848 2460 in

135 2470 271 2500 Homero
292 2471 685 2505 Od.>t,318.319.—16.3
705 2471 850 2501 Pheneum

135 2510 169 2546 (ὁ
185 2513 240 2539 et*
230 2524 245 2542 η
260 2517 312 2538 ψεν
315 2514 343 2538 e&
347 2524 358 2540 ς
369 2510 432 2546 est)
446 2518 500 2547 pos
487 2509 546 2538 uit
558 2510 691 2554 priscam
705 2509 845 2539 Arcadiae

135 2548 242 2577 urbem
256 2549 314 2587 (11.
336 2553 368 2586 β,
389 2550 465 2582 605)
488 2549 660 2587 passimque
683 2548 713 2577 in
728 2548 849 2583 fabulis,

135 2585 281 2617 Herculis
296 2588 439 2623 maxime,
465 2591 668 2622 memoratam,
690 2590 726 2616 ut
747 2571 849 2616 sedeui

136 2626 295 2694 maijggug}
307 2670 378 2695 noto
402 2666 463 2695 ritu
487 2678 538 2693 των
563 2666 654 2696 ξενίνω
642 2677 665 2698 ν,
692 2674 850 2694 munerum

135 2701 342 2741 hospitalium,
368 2704 458 2734 Iliad.
475 2708 499 2738 ζ.
521 2704 582 2732 219
595 2706 625 2731 et
646 2701 698 2736 aL,
724 2713 762 2732 ex
775 2713 849 2741 quo-

136 2749 201 2772 rum
216 2743 315 2782 pretio
341 2749 372 2773 et
392 2748 454 2774 arte
476 2746 558 2773 tanto
580 2742 676 2778 major
690 2741 782 2772 honos
799 2752 848 2772 ac

887 2044 1049 2071 crescebat
1062 2042 1103 2077 ei,
1125 2042 1177 2080 qui
1192 2051 1228 2071 ea
1244 2044 1413 2079 acceperat.
1416 2041 1512 2070 -167
1526 2040 1603 2069 chla-

887 2082 1193 2120 mydemiutirtexlmn
1206 2090 1297 2109 auro.-
1320 2081 1443 2118 vulgare
1458 2084 1515 2114 est,
1532 2090 1604 2108 auro

888 2119 1064 2149 intertexto:
1087 2121 1168 2158 quod
1184 2119 1258 2148 eth.
1273 2118 1293 2146 l.
1318 2118 1400 2147 haud
1416 2119 1505 2156 pauci
1534 2118 1602 2146 boni

889 2160 978 2188 codd.
993 2169 1083 2188 mser.
1098 2158 1225 2193 habent;
1254 2161 1285 2186 et
1297 2156 1369 2186 ferri
1384 2157 1439 2185 hoc
1454 2160 1555 2201 potest
1571 2161 1605 2185 ut

887 2201 1065 2233 vetustum,
1114 2198 1205 2226 decet
1231 2196 1308 2225 enim
1337 2205 1455 2224 carmen
1483 2196 1603 2234 epicum

888 2240 903 2265 ὸ
919 2241 965 2269 τῆς
976 2241 1075 2271 ὰόρχαι
1130 2250 1157 2265 oc
1172 2238 1205 2263 πῖ
1219 2249 1258 2270 ος
1279 2234 1392 2272 aliquid
1406 2234 1498 2273 prisci
1515 2235 1603 2263 robo-

888 2276 942 2305 ris
944 2277 1039 2304 —171
1055 2250 1234 2314 opilbusque:
1265 2273 1403 2302 auxilium
1418 2278 1449 2302 et
1471 2283 1549 2312 opes,
1574 2273 1606 2303 h.

889 2325 935 2350 ea,
962 2311 1072 2352 quibus
1098 2315 1138 2342 ad·
1151 2313 1266 2341 bellum
1292 2312 1455 2351 gerendum
1480 2313 1603 2350 ''lrojani

888 2354 997 2382 instrui
1013 2359 1043 2382 et
1066 2351 1163 2381 ornari
1178 2355 1322 2396 potelant.
1325 2352 1422 2380 —172
1436 2361 1504 2389 sqq.
1543 2351 1603 2380 Co-

886 2393 932 2422 lor
947 2392 1054 2421 similis
1069 2390 1248 2420 narrationis
1263 2391 1375 2429 Odyss.
1395 2404 1422 2425 7·
1437 2391 1476 2419 34
1490 2401 1557 2429 sqq.
1574 2394 1604 2419 et

887 2432 995 2461 iterum
1010 2436 1035 2465 ὁ,
1055 2432 1094 2460 48
1110 2440 1176 2468 sqq.

928 2472 983 2499 177
1000 2469 1109 2514 Epulis
1119 2468 1213 2497 sacris
1226 2468 1359 2506 hospites
1374 2467 1494 2497 adhibet
1504 2468 1602 2497 Evan-

886 2509 952 2543 der,
969 2509 1068 2547 iisque
1085 2507 1175 2536 linitis
1200 2517 1319 2536 causam
1343 2507 1421 2536 sacri
1444 2511 1601 2536 memorat.

888 2548 992 2577 Nolim
1007 2548 1136 2585 jungere
1150 2546 1329 2590 praecipuum
1343 2551 1419 2580 toro,
1445 2547 1525 2584 quod
1548 2546 1603 2574 im-

911 2587 971 2616 edit
985 2586 1121 2623 reliqua3
1150 2586 1204 2615 sed
1225 2584 1531 2630 αοεῐρὶερνιζεὶριωηη
1554 2594 1601 2612 re-

888 2597 987 2663 iiquos
1003 2625 1107 2653 AEneae
1129 2624 1229 2653 socios
1254 2634 1283 2652 in
1307 2624 1441 2663 gramine
1462 2623 1601 2656 collocat,

888 2664 1014 2693 AEneam
1038 2667 1150 2698 autem,
1174 2663 1364 2707 praecipuum
1385 2669 1417 2692 et
1435 2661 1600 2705 principem

888 2703 964 2732 inter
987 2712 1049 2739 eos,
1076 2702 1206 2732 collocat
1228 2712 1257 2730 m
1271 2702 1348 2731 solio
1371 2712 1409 2731 ex
1432 2710 1530 2733 acere,
1552 2699 1602 2728 cui

889 2745 973 2772 torus
988 2746 1034 2771 est
1060 2741 1220 2780 impositus
1233 2741 1313 2779 pelle
1339 2741 1434 2770 leonis
1447 2740 1603 2769 instratus.
