1796 3077
631 228 898 267 AENEIDOS.

956 228 1056 267 LIB.
1088 229 1118 265 Ι.
1521 236 1615 280 253

168 354 304 404 Dixit,
326 361 369 394 et
389 353 430 394 in
449 366 634 393 mensam
654 350 823 392 laticum
843 351 985 392 libavit
1004 351 1220 399 honorem,

168 411 406 465 Primaque,
426 409 569 459 libato,
592 424 752 450 summo
774 416 895 450 tenus
914 409 1052 463 attigit
1072 422 1168 457 ore;

168 468 283 510 Tum
304 468 428 509 Bitiae
448 467 566 508 dedit
585 466 853 520 increpitans.

913 465 989 507 Ille
1009 466 1187 520 impiger
1206 465 1348 506 hausit

168 525 444 580 Spumantem
464 531 667 578 pateram,
689 530 732 564 et
751 521 876 577 pleno
897 536 941 563 se
962 521 1118 577 proluit
1138 536 1266 572 auro3

170 581 276 623 Post
294 581 363 623 alii
383 595 595 636 proceres.

656 579 831 621 Cithara
848 580 1020 621 crinitus
1041 579 1168 634 Iopas
1536 577 1618 618 740

168 638 376 681 Personat
397 645 556 688 aurata,
578 637 723 679 docuit
743 651 839 691 quae
860 637 1065 678 maximus
1086 635 1223 678 Atlas.

167 695 254 737 Hic
270 696 382 737 canit
401 702 611 737 errantem
627 693 782 744 lunam,
803 693 985 748 solisque
1005 693 1194 743 labores3

168 752 296 794 Unde
316 752 533 794 hominum
551 766 698 805 genus,
724 758 766 792 et
786 752 998 805 pecudes;
1030 751 1142 792 unde
1164 750 1298 790 imber
1318 756 1362 791 et
1380 749 1498 804 ignes
1515 765 1525 799 3

167 808 413 859 Arcturum,
435 808 682 863 pluviasque
700 807 892 862 Hyadas,
914 808 1188 862 geminosque
1210 806 1419 856 Triones;

165 866 286 913 Quid
304 874 466 907 tantum
487 879 646 906 occano
667 871 902 919 properent
921 879 965 905 se
985 864 1177 918 tinguere
1201 863 1309 904 soles
1536 862 1619 903 745

168 923 365 973 Hiberni‚
385 922 451 964 vel
469 936 564 976 quae
585 921 716 962 tardis
736 935 854 962 mora
874 921 1070 962 noctibus
1092 921 1246 961 obstet.

167 979 435 1035 Ingeminant
454 979 606 1034 plausu
626 978 762 1033 Tyrii,
784 978 1007 1032 Troesque
1029 986 1276 1032 sequuntur.

166 1036 264 1079 Nec
283 1052 368 1079 non
386 1043 429 1078 et
448 1036 562 1078 vario
584 1042 751 1077 noctem
772 1049 962 1077 sermone
984 1035 1180 1077 trahebat

165 1162 279 1200 latinis,
317 1164 462 1199 honorem,
500 1163 530 1192 h.
561 1173 590 1192 e.
621 1163 723 1192 vinum
758 1164 786 1192 in
821 1164 873 1192 de-

167 1212 253 1231 orum
281 1200 425 1232 honorem
445 1212 480 1231 ac
499 1201 615 1231 cultum
636 1202 777 1231 libatione
799 1203 873 1231 effu-

168 1250 247 1271 sum.
283 1241 345 1279 (Et
371 1241 471 1270 latices
497 1241 633 1270 absolute
657 1241 694 1270 de
709 1241 779 1269 vino
792 1241 874 1278 apud

167 1279 237 1309 val.
262 1279 349 1311 Flac.
374 1280 403 1314 Ι,
426 1280 494 1309 666.
516 1280 586 1308 Huc
608 1280 748 1318 (patera)
772 1280 874 1318 pelago

167 1317 240 1347 libat
258 1319 366 1348 latices.
391 1318 431 1349 W
431 1318 597 1355 .)-—-libato,
618 1318 648 1347 h.
669 1328 696 1347 e.
715 1322 876 1357 postquam

167 1356 297 1387 libatum
321 1361 397 1392 erat,
422 1357 471 1386 vel
495 1357 589 1386 libato
610 1357 733 1385 laticum
754 1357 877 1391 honore,

167 1396 257 1425 alteri
269 1396 362 1426 tradit
374 1395 423 1425 vel
439 1395 515 1424 tradi
524 1396 613 1433 jubet
625 1396 778 1434 poculum,
799 1396 877 1424 unde

191 1435 267 1464 rimo
289 1435 356 1464 loco
387 1438 562 1473 gustaverat
588 1435 702 1473 regina,
724 1438 758 1462 ut
778 1439 809 1463 et
827 1434 878 1464 ille

168 1444 310 1503 libatione
324 1473 402 1502 facta
414 1473 550 1510 biberet3
572 1473 653 1511 quod
669 1473 695 1501 is
717 1473 806 1502 laetus
831 1473 877 1502 lu-

171 1512 305 1556 bensque
321 1511 406 1541 facit.
430 1514 574 1546 προῦπινεν
592 1512 644 1541 illa
657 1515 687 1540 et
700 1511 788 1546 dedit,
809 1522 877 1550 pro-

170 1550 294 1594 pinavlt,
316 1551 426 1580 iterum
450 1550 600 1588 repletum
621 1550 754 1589 praeberi
773 1551 878 1588 jussit,

168 1589 356 1629 zncrepitans,
376 1589 476 1627 simpl.
498 1589 671 1623 adhortans,
690 1589 831 1623 invitans,
846 1593 879 1617 ut

169 1628 221 1657 eti
245 1638 278 1657 se
296 1628 433 1663 biberet,
454 1627 496 1656 nil
514 1627 653 1666 amplius.
693 1627 744 1656 Sic
764 1631 795 1656 et
813 1627 880 1656 aliis

170 1666 202 1695 in
237 1667 300 1696 ocis
320 1666 429 1705 exponi
446 1670 706 1704 potest—summo
729 1670 812 1695 tenus
836 1671 880 1695 at-

171 1704 239 1743 tiyz't
254 1716 314 1740 ore,
328 1705 434 1744 primis
451 1705 540 1734 labiis
558 1704 882 1743 degustavit.·-Bitias

170 1744 320 1773 Punicum
337 1754 455 1778 nomen,
469 1744 550 1781 quod
564 1748 595 1772 et
616 1743 688 1773 alibi
701 1743 882 1773 occurrit.—

166 1782 253 1821 pleno
267 1793 340 1812 auro
355 1793 384 1811 se
395 1782 517 1820 proluit,
530 1782 671 1820 poculum
684 1782 745 1811 vini
761 1782 882 1820 plenum

173 1821 286 1858 hausit,
299 1821 380 1860 quod
396 1824 511 1850 tantum
522 1821 616 1849 labris
630 1821 772 1859 attigerat
784 1820 881 1856 Did03

168 1860 305 1898 proluere
329 1871 371 1895 se,
417 1860 507 1894 ulam,
528 1859 641 1888 dictum
664 1863 748 1898 puta,
772 1864 804 1888 ut
816 1859 881 1888 vino

167 1898 317 1937 perfundi,
338 1870 463 1932 πιαιῇνε,
485 1897 589 1937 tingui,
613 1898 650 1926 de
678 1898 788 1934 ebriis3
815 1908 882 1936 quae

172 1937 403 1966 omnianotiora
422 1940 502 1965 suut.
543 1935 642 1965 Multa
660 1937 798 1975 prolutus
809 1947 880 1976 vap-

167 1985 210 2014 pa
224 1975 314 2005 etiam
328 1975 440 2004 Horat.
456 1975 472 2003 Ι
497 1975 595 2004 Serm.
607 1977 637 2009 5,
664 1976 809 2004 16.—740
831 1976 881 2004 Ad

171 2014 301 2043 Homeri
315 2013 527 2048 imitationem,
546 2013 575 2041 in
588 2014 695 2051 primis
709 2014 769 2043 Od.
784 2018 810 2048 θ,
831 2016 881 2044 62.

173 2062 220 2091 sq.
251 2052 395 2082 Hernicis
422 2052 610 2090 temporibus
645 2062 765 2091 semper
792 2057 883 2083 ἀοιδὸς

172 2091 331 2126 conviviis,
359 2101 427 2129 quae
448 2091 511 2120 fere
532 2101 600 2119 cum
621 2101 653 2120 re
673 2091 777 2120 divina
800 2096 884 2121 erant

175 2129 344 2167 conjuncta,
359 2130 474 2158 aderat.
485 2129 564 2159 conf.
578 2129 708 2166 Quintil.
728 2130 756 2164 I,
772 2131 820 2165 10,
836 2132 881 2160 10.

174 2167 314 2196 crinitus:
334 2167 477 2206 proprius
495 2168 522 2197 is
541 2168 777 2197 citharoedorum
800 2169 883 2198 habi-

175 2209 236 2241 tus,
256 2215 370 2235 comam
392 2206 490 2243 alere,
511 2207 640 2236 fortasse
663 2207 814 2246 Apollinis
830 2218 883 2236 ex-

174 2243 474 2282 empla—personat,
501 2245 581 2275 canit
604 2246 729 2280 cithara,
752 2256 797 2281 ea,
818 2257 884 2285 quae

174 2282 284 2318 docuit,
297 2282 448 2312 cecinerat
465 2283 557 2322 prior,
572 2284 670 2314 Atlas.
711 2284 762 2313 Sic
783 2286 882 2323 poetis

173 2331 290 2356 sonare,
311 2325 343 2350 et
357 2320 466 2356 docere,
491 2325 636 2352 διδάσκειν.
677 2323 828 2353 Praeclare
854 2328 884 2353 et

175 2359 232 2389 hoc
256 2360 294 2390 ad
315 2359 447 2388 rationes
470 2360 748 2399 antiquissimorum
767 2366 884 2401 tempo-

174 2408 253 2434 rum,
279 2398 391 2437 quibus
424 2398 518 2427 omnis
550 2400 741 2439 philosophia
770 2405 884 2431 naturae

175 2436 375 2476 qualicunque
398 2436 651 2475 contemplatione
665 2439 884 2475 continebatur,

175 2476 259 2515 quod
273 2475 411 2505 carminis
426 2481 631 2513 argumentum
646 2487 685 2507 ex
695 2479 886 2517 cosmogonia

176 2518 209 2543 et
226 2524 264 2543 ex
286 2514 423 2553 physicis
443 2513 574 2552 petitum
595 2519 652 2544 est.
673 2516 764 2552 Quod
786 2522 886 2547 autem

177 2552 333 2583 Atlantem
347 2557 452 2582 cantus
466 2552 642 2591 magistrum
656 2553 739 2589 facit,
756 2555 885 2585 fabulam

177 2591 307 2630 alicujus
340 2593 418 2621 oetae
433 2591 533 2620 Graeci
549 2592 778 2630 exquisitiorem
795 2596 887 2624 redo-

177 2628 231 2664 let,
245 2631 291 2660 uti
310 2630 320 2659 i
333 2630 398 2665 lud,
421 2630 502 2668 quod
526 2629 590 2658 Ecl.
606 2630 665 2666 Vl,
679 2631 797 2661 Silenus
810 2634 888 2673 phy-

180 2667 346 2698 sicadocet.
387 2668 506 2699 Atlanti
520 2668 610 2708 vulgo
626 2669 738 2698 tributa
753 2670 886 2701 siderum

181 2706 287 2736 notitia
301 2717 335 2736 ac
349 2707 467 2746 sphaera
480 2707 608 2737 inventa.
621 2707 661 2736 cs,
678 2708 781 2746 Intpp.
796 2710 886 2740 Ovid.

182 2745 241 2774 IV.
267 2745 333 2775 Met
352 2747 422 2776 631.
444 2750 501 2776 etc.
522 2746 615 2776 Obss.
640 2747 677 2776 ad
698 2747 841 2786 Apollod.
857 2760 887 2788 p.

913 1163 983 1192 271.
1011 1163 1097 1192 Idem
1120 1163 1198 1192 inter
1221 1161 1336 1200 primos
1360 1162 1556 1200 philosophos
1577 1173 1622 1192 re-

913 1206 1051 1231 censetur
1079 1212 1096 1231 a
1125 1201 1260 1240 Diogene
1289 1201 1382 1230 Laert.
1415 1201 1444 1229 in
1479 1210 1624 1239 prooem.;

913 1250 1093 1279 quamquam
1114 1240 1178 1269 haec
1197 1240 1293 1268 omnia
1307 1240 1343 1268 ad
1369 1239 1464 1268 solum
1487 1243 1623 1268 astrono-

914 1280 982 1308 miae
999 1280 1132 1308 studium
1155 1279 1260 1307 referri
1281 1282 1416 1316 possunt.
1438 1278 1513 1307 Cum
1531 1279 1622 1316 Iopas

915 1319 1038 1356 Tyrius,
1052 1328 1131 1346 nunc
1146 1318 1270 1351 Poenus,
1285 1317 1469 1346 citharoedus
1482 1317 1624 1345 inducen-

916 1357 974 1386 dus
989 1361 1070 1386 esset
1081 1367 1098 1385 a
1112 1357 1212 1394 poe‘ta,
1229 1361 1318 1385 acute
1334 1355 1484 1385 Atlantem
1494 1365 1509 1384 e
1520 1356 1624 1384 vicinis

918 1396 1117 1424 Mauretaniae
1132 1395 1283 1424 montibus
1294 1399 1444 1423 auctorem
1452 1394 1625 1429 carminum,

921 1445 988 1472 quae
1002 1434 1122 1468 cecinit,
1137 1434 1165 1462 ei
1179 1433 1346 1463 arcessivit.
1358 1432 1500 1462 maximus
1517 1432 1625 1462 Atlas.-

919 1473 1018 1511 simpl.
1052 1483 1108 1511 pro
1144 1482 1284 1509 magnus,
1318 1476 1352 1500 ut
1376 1471 1503 1500 maxima
1533 1471 1625 1500 szo.

918 1511 1032 1540 Iterum
1053 1511 1123 1540 AEn.
1139 1511 1236 1546 VIII,
1251 1511 1318 1539 136.
1331 1511 1470 1539 maximus
1483 1509 1624 1544 Atlas,—

918 1550 1051 1579 oetherlos
1079 1551 1197 1578 humero
1210 1549 1261 1588 qui
1274 1549 1395 1578 sustinet
1421 1548 1625 1578 orbesfffl-

917 1589 977 1617 746
1001 1589 1159 1617 Errantem
1172 1588 1268 1616 lunum
1282 1598 1336 1626 pro
1351 1587 1425 1616 lunae
1442 1597 1556 1616 errores
1572 1597 1624 1616 seu

920 1637 1038 1656 cursus.
1058 1627 1127 1656 solis
1153 1626 1276 1662 labores,
1299 1626 1435 1655 defectus
1463 1636 1626 1665 eorumque

920 1676 1054 1694 caussaS.
1083 1666 1122 1694 cf.
1157 1666 1270 1704 Georg.
1297 1665 1344 1699 II,
1374 1664 1570 1694 awa—imber
1599 1669 1625 1693 et

920 1704 1012 1742 iynes,
1033 1705 1062 1732 h.
1076 1715 1103 1733 e.
1125 1704 1256 1742 fulgura,
1279 1714 1319 1732 ex
1333 1703 1454 1732 nubium
1474 1703 1625 1732 afflictu-

920 1744 1070 1772 Arcturus
1093 1743 1181 1772 stella
1202 1743 1302 1781 posita
1316 1742 1344 1770 in
1357 1743 1441 1780 signo
1461 1743 1582 1777 Bootae,
1596 1747 1627 1771 et

923 1781 1042 1819 Hyades
1064 1781 1159 1811 stellae
1180 1781 1210 1809 in
1229 1782 1326 1810 fronte
1346 1781 1447 1809 Tauri.
1465 1781 1628 1819 geminique

924 1820 1046 1849 Triones
1068 1824 1137 1849 sunt
1158 1819 1270 1849 Helice
1297 1823 1327 1848 et
1353 1820 1521 1857 Cynosura,
1548 1820 1628 1848 Ursa

921 1860 1015 1898 major
1029 1863 1060 1888 et
1074 1859 1180 1893 minor,
1194 1858 1365 1892 teriones,h.
1378 1868 1404 1886 e.
1416 1858 1519 1892 boves,
1536 1858 1626 1887 dictae

922 1898 970 1935 (v.
987 1898 1023 1926 ad
1040 1898 1153 1936 Georg.
1169 1897 1237 1932 III,
1257 1897 1345 1935 381),
1361 1896 1430 1935 quia
1445 1898 1482 1925 ab
1498 1897 1626 1935 antiquis

921 1936 1092 1965 hominibus
1104 1937 1161 1965 sub
1174 1936 1277 1972 boum,
1287 1937 1361 1974 jugo
1372 1936 1555 1973 junctorum,
1568 1936 1627 1964 for-

921 1984 970 2003 ma
984 1975 1083 2004 sidera
1099 1975 1163 2004 haec
1183 1975 1397 2014 comprehensa
1413 1974 1508 2003 fuisse
1523 1975 1627 2003 videu-

921 2018 991 2049 tur3
1026 2013 1105 2042 unde
1132 2014 1251 2048 iisdem,
1280 2017 1309 2042 et
1340 2012 1489 2042 interdum
1524 2014 1629 2051 majori

922 2053 1010 2081 Ursae
1026 2052 1094 2086 soli,
1110 2052 1159 2090 (ut
1176 2052 1236 2081 Od.
1253 2064 1277 2086 ε,
1299 2052 1387 2087 273),
1408 2052 1554 2080 tributum
1577 2061 1628 2080 no-

922 2100 988 2119 men
1009 2094 1113 2125 ἂμαξα,
1130 2090 1314 2129 plaustrum3
1336 2089 1404 2118 hinc
1429 2090 1546 2123 Bootes,
1566 2090 1627 2127 qui,

923 2129 1068 2159 Ursarum
1092 2129 1197 2158 formis
1222 2133 1252 2157 et
1278 2128 1445 2157 nominibus
1470 2128 1628 2166 subjectis,

922 2168 1124 2206 Arctophylax
1138 2167 1198 2196 dici
1213 2167 1315 2205 coepit.
1354 2166 1436 2196 Usus
1450 2166 1540 2195 etiam
1560 2167 1629 2196 tulit

924 2207 993 2241 hoc,
1009 2210 1043 2235 ut
1062 2210 1177 2244 septem
1190 2206 1219 2234 in
1234 2205 1329 2234 altero
1352 2204 1459 2233 horum
1475 2204 1629 2240 terionum,

922 2246 1002 2275 Ursa
1016 2246 1138 2282 majore,
1155 2244 1250 2273 stellae
1265 2243 1439 2272 clarissimae
1453 2243 1548 2282 (conf.
1563 2244 1629 2273 Cic.

923 2284 966 2313 N.
980 2284 1021 2313 D.
1037 2284 1083 2319 ΙΙ,
1097 2284 1153 2319 41)
1173 2293 1205 2312 se
1224 2281 1381 2311 tentriones
1400 2282 1630 2321 appellarentur.

925 2323 973 2352 De
988 2322 1079 2361 signis
1094 2322 1139 2352 his
1153 2332 1183 2350 v.
1228 2325 1332 2350 ratost.
1346 2321 1374 2349 Ι.
1387 2321 1417 2350 2.
1430 2322 1460 2349 8.
1477 2323 1524 2351 14.
1540 2321 1629 2351 Idem

923 2371 1033 2392 versus
1053 2361 1119 2396 ΙΙΙ,
1144 2361 1323 2390 516.-745.
1348 2360 1418 2388 746.
1437 2360 1500 2389 Cur
1513 2360 1629 2389 dierum

926 2400 1023 2438 spatia
1037 2399 1224 2434 decrescant,
1239 2402 1269 2428 et
1282 2408 1388 2428 rursus
1399 2398 1566 2428 increscant
1576 2409 1630 2437 per

925 2440 1061 2468 diversas
1080 2438 1146 2467 anni
1167 2437 1249 2467 vices
1271 2438 1310 2466 cf.
1329 2438 1388 2466 Ge.
1401 2437 1448 2472 II,
1461 2438 1629 2467 481.—747

924 2478 1058 2516 Vulgare
1081 2481 1147 2506 est:
1177 2476 1353 2514 inqeminare
1379 2475 1531 2514 plaustum
1565 2481 1630 2505 tum

924 2516 1099 2554 inqeminare
1131 2515 1268 2544 absolute
1299 2515 1431 2544 dicitur:
1474 2516 1631 2553 iuyeminat

925 2555 1045 2589 clamor,
1060 2554 1218 2592 iuyeminat
1227 2554 1349 2593 plausus
1365 2564 1407 2583 sc.
1421 2564 1464 2583 se.
1490 2554 1628 2591 Denique

928 2598 959 2623 et
973 2594 1010 2628 is,
1033 2593 1084 2631 qui
1097 2592 1236 2631 plausum
1258 2593 1330 2629 edit,
1348 2592 1632 2631 inyeminatplausu·

930 2633 973 2662 H.
1012 2631 1156 2660 Insolitus
1184 2636 1231 2660 est
1254 2641 1328 2661 usus
1354 2632 1438 2661 verbi
1455 2631 1631 2670 ingeminare

926 2681 981 2710 pro
1002 2681 1034 2700 se
1055 2670 1243 2709 ingeminare,
1265 2671 1303 2701 (le
1323 2671 1460 2709 personis
1485 2668 1632 2708 usurpati.

921 2710 1029 2749 plausu
1058 2710 1179 2748 quidem
1199 2720 1254 2747 pro
1274 2709 1452 2748 plaudentes
1474 2708 1543 2737 ferri
1575 2717 1628 2746 po-

927 2752 997 2778 test.
1025 2747 1169 2779 life-748
1198 2748 1319 2779 Noctem
1340 2758 1468 2778 sermone
1498 2745 1630 2776 trahebat
