1796 3077
571 190 861 232 BUCOLICA.
919 191 1034 230 ECL.
1063 189 1134 229 IV.

1531 194 1593 240 29

131 313 376 371 vserrasque
395 320 639 369 tractusque
658 312 796 364 maris,
827 311 1059 368 eaelumque
1075 311 1358 369 mofundunu

132 373 305 429 Aspice,
336 379 511 414 venturo
529 370 727 413 laetantur
745 377 792 411 ut
813 371 951 412 omnia
970 370 1110 413 saeelo.

131 431 176 472 Ο
197 429 297 471 mihi
316 437 402 471 tam
420 428 557 484 longae
577 435 743 470 maneat
762 442 860 483 pars
875 427 1022 469 ultima
1040 428 1151 479 vitae,

133 487 316 541 Spiritus
336 493 392 536 et,
423 493 628 541 quantum
648 491 714 526 sat
734 485 813 526 erit
833 492 907 526 tua
926 484 1066 526 dicere
1087 485 1223 526 facta!

131 543 235 585 Non
253 557 320 584 me
339 543 595 586 carminibus
614 542 753 584 vincet
771 556 850 583 nec
867 540 1081 583 Thracius
1101 541 1320 596 OrpheuS,
1535 539 1590 580 55

131 599 228 642 Nec
249 599 382 641 Linus
400 617 410 649 ς
441 600 541 644 huic
559 606 693 641 mater
712 598 901 652 quamvis
922 604 1050 652 atque
1070 598 1170 641 huic
1189 604 1311 655 pater
1330 597 1467 647 adsit3

131 657 300 713 Orphei
320 657 552 712 Calliopea,
584 655 695 698 Lino
711 656 918 697 formosus
938 653 1111 710 Apollo.

130 713 226 756 Pan
243 714 371 756 etiam
387 713 574 756 Arcadia
592 726 758 755 mecum
778 712 813 753 si
827 712 974 767 judice
993 718 1142 763 certet,

129 771 224 813 Pan
242 772 369 813 etiam
389 769 578 813 Arcadia
594 770 711 812 dicat
731 783 776 810 se
790 768 937 823 judice
957 768 1128 810 victum.

130 828 289 882 Incipe,
320 841 450 883 parve
469 841 590 882 puer,
621 826 708 867 risu
728 838 985 880 cognoscere
1004 832 1206 875 matrem3

1538 824 1596 865 60

129 884 261 926 Matri
281 883 408 939 longa
427 883 575 926 decem
596 881 783 925 tulerunt
804 880 972 923 fastidia
991 896 1171 924 menses.

127 941 288 997 Incipe,
318 955 447 997 parve
467 954 600 996 puer-3
632 940 701 982 cui
719 951 805 980 non
824 938 954 981 risere
974 946 1188 995 parentes,

124 1056 219 1087 nenda
239 1062 308 1088 sunt
329 1056 434 1088 saltem
458 1056 542 1094 hae03
570 1055 751 1087 Euan-antur
770 1064 839 1096 pro·

122 1096 214 1135 digia,
239 1096 347 1135 quibus
367 1096 478 1127 instans
498 1105 598 1125 rerum
624 1095 748 1126 mutatio
793 1105 840 1125 or-

124 1135 271 1166 tendatur.
309 1135 437 1166 Videtur
460 1134 518 1164 sibi
541 1136 633 1174 po'e‘ta
652 1136 715 1175 jam
740 1134 771 1165 vi
792 1143 842 1164 ere

123 1183 160 1202 ac
182 1174 290 1204 sentire
309 1174 411 1205 orbem
432 1179 578 1205 terrarum
598 1182 786 1208 concussum,
808 1177 843 1202 ut

123 1216 213 1242 terroe
232 1217 330 1243 motus
348 1213 510 1251 proeoedat,
530 1212 776 1251 quemadmodum
789 1212 840 1241 ad-

122 1255 214 1280 ventu
243 1256 274 1280 et
305 1252 496 1290 apparitione,
528 1253 674 1290 ἐπιφανείᾳ
703 1251 842 1286 numinis,

123 1289 188 1319 fieri
215 1290 343 1321 sollenne
367 1295 424 1320 est.
463 1290 502 1319 Id
526 1289 626 1328 ipsum
654 1291 744 1330 poeta
770 1298 840 1319 mox

121 1327 333 1367 interpretatur
354 1329 392 1359 de
412 1329 595 1359 exultatione
614 1332 645 1359 et
667 1328 798 1368 tripudio
824 1338 841 1357 e

123 1376 213 1397 sensu
234 1377 333 1397 rerum
353 1367 490 1398 laetarum
511 1377 545 1397 ao
565 1366 727 1397 faustamm
743 1367 839 1397 immi-

122 1406 263 1435 nentium.
289 1407 511 1437 Mutataautem
522 1405 634 1436 oratio:
652 1406 748 1445 aspice
759 1417 839 1435 mm·-

122 1445 190 1473 dum
211 1448 366 1480 nutantem,
393 1446 422 1476 h.
445 1456 471 1475 e.
498 1449 622 1479 motum,
651 1455 838 1479 concussum,

123 1483 202 1517 vide,
253 1485 378 1513 uomodo
404 1484 530 1514 mundus
563 1483 717 1513 movetur!
748 1488 778 1513 et
808 1489 839 1512 ut

124 1522 218 1551 omnia
251 1527 376 1552 aelantur
423 1533 465 1558 ro,
493 1522 589 1552 omnia
610 1522 752 1556 laetantia,
773 1523 837 1551 uni-

124 1561 202 1590 versi
213 1561 358 1591 laetitiam.
415 1566 502 1600 taque
521 1564 634 1589 motum
653 1564 740 1590 terrae
757 1560 838 1589 caeli-

124 1609 182 1637 que
195 1600 292 1629 fausta
303 1601 477 1639 portendere
488 1599 539 1634 ait,
560 1603 592 1628 et
603 1599 702 1627 verbis
716 1607 838 1628 convexo

117 1638 245 1676 pondere
270 1643 354 1668 ornat
377 1638 511 1667 mundum
531 1647 586 1675 pro
608 1637 749 1665 mundum
770 1646 837 1665 con-

125 1686 244 1705 vexum.
283 1677 391 1706 Potest
408 1681 505 1705 tamen
519 1675 608 1704 etiam
623 1674 666 1703 sic
680 1674 783 1713 accipi,
805 1680 841 1704 ut

123 1723 245 1743 convexo
258 1719 363 1744 nutans
378 1714 506 1753 pondere
526 1713 647 1743 mundus
666 1713 736 1742 nihil
760 1713 840 1743 aliud

125 1753 176 1787 sit,
198 1763 286 1791 quam
328 1754 424 1783 oe'tica
440 1752 601 1819 descriptio
621 1751 690 1780 coeli
702 1752 838 1786 convexi,

124 1795 215 1830 utque
229 1791 305 1830 simp
318 1792 402 1821 iciter
414 1791 471 1820 sit:
496 1790 526 1819 vi
549 1801 564 1819 e
577 1795 611 1819 ut
624 1790 719 1818 omnia
736 1790 838 1819 laeten-

123 1833 183 1859 tur.
217 1831 281 1859 Nec
292 1830 378 1860 aliter
389 1831 514 1859 Graecus
525 1829 670 1868 interpres
685 1830 724 1858 50
737 1839 742 1856 :
766 1834 839 1857 Κόσ-

122 1881 177 1903 μον
198 1872 345 1901 κητώεντος
362 1871 414 1903 ὃρα
434 1871 553 1900 εῧπηκτα
574 1870 707 1902 θέμεθλα,
729 1873 839 1902 Χαρμο-

123 1911 203 1940 σύνην
219 1910 299 1942 γαίης
318 1920 348 1937 τε
367 1910 410 1936 καὶ
425 1909 537 1942 οὐρανοῦ
552 1909 598 1939 ἡδὲ
612 1909 766 1942 θαλάσσης,
788 1913 839 1939 Γη·

123 1949 235 1975 θόσυνόν
254 1948 279 1974 τ’
301 1948 395 1975 αἶωνος
414 1947 573 1980 ἀπειρεσίου
593 1948 693 1974 λάσιον
713 1948 772 1980 κῆρ.
793 1946 838 1975 H.

123 1984 201 2014 Mihi
215 1986 306 2015 verba
319 1984 694 2028 Terraque—profundum
707 1983 839 2022 explica-

123 2023 166 2052 tio
183 2024 291 2059 mundi,
311 2028 399 2063 utque
417 2033 485 2053 cum
503 2033 534 2052 vi
553 2027 584 2053 et
601 2022 711 2061 Aspice
729 2023 838 2062 repeti-

123 2065 188 2091 tum
215 2067 245 2092 et
269 2062 374 2098 omnia,
403 2063 440 2091 ad
465 2067 562 2091 terras
588 2066 711 2096 tracum,
740 2061 839 2091 coelum

123 2100 259 2137 relatum,
310 2106 358 2131 ost
382 2105 414 2129 ut
439 2100 576 2130 laetautur
603 2100 746 2130 insertum
771 2110 839 2130 esse

125 2139 252 2169 videtur.
316 2144 440 2170 raeterea
451 2143 531 2169 recte
544 2139 601 2168 viri
614 2139 695 2169 docti
707 2139 840 2168 hocloco

122 2182 155 2207 et
175 2178 288 2208 Graecis
313 2179 485 2208 familiarem
507 2178 755 2209 constructionem
776 2178 838 2207 As-

119 2217 184 2254 pice
198 2221 303 2252 terras,
319 2222 350 2246 ut
360 2218 497 2247 loetantm·
509 2226 563 2256 pro
578 2216 711 2256 vulgari:
729 2216 839 2255 Aspice

123 2260 157 2284 nt
186 2259 272 2284 terrae
297 2256 445 2292 laetantur,
473 2259 622 2291 notarunt,
644 2259 680 2285 ut
701 2255 835 2284 dicatur:

123 2294 190 2322 novi
208 2293 389 2330 Marcellum,
410 2306 495 2333 quam
512 2294 614 2324 tardus
631 2294 682 2329 eit,
708 2298 738 2323 et
751 2294 837 2323 Grae-

122 2343 190 2362 cum
206 2343 292 2362 usum
305 2333 454 2363 indicativi
467 2333 604 2363 laetautur
616 2343 671 2372 pro
685 2332 834 2372 legitimo:

121 2371 260 2401 lactentur
286 2372 430 2411 exemplis
452 2372 518 2403 Ecl.
540 2373 580 2408 V,
604 2372 635 2402 7.
658 2372 713 2402 Ge.
736 2370 766 2407 I,
788 2372 837 2401 57.

122 2411 361 2448 comprobarunt.
386 2410 434 2440 W.

163 2451 201 2478 53
228 2450 255 2478 0
276 2449 347 2478 mihi
365 2452 387 2478 t.
413 2449 619 2479 adumbratum
640 2459 680 2479 ex
701 2448 838 2479 Hesiodo

122 2487 144 2516 l.
166 2490 194 2517 1.
218 2489 276 2518 174
301 2498 385 2527 sqq-z
410 2487 450 2516 sit
469 2488 540 2517 mihi
562 2492 623 2518 tam
648 2488 736 2527 longa
758 2487 836 2517 vita!

123 2536 249 2565 cumque
264 2528 329 2565 ejus
342 2535 399 2555 non
411 2525 467 2555 nisi
480 2531 613 2556 extrema
623 2536 693 2565 pars
711 2536 746 2555 ea
763 2529 837 2554 tem-

123 2575 197 2602 pora
211 2566 353 2605 attingere
367 2568 479 2602 posset,
502 2574 556 2603 pro
570 2565 658 2604 longa
671 2566 734 2595 vita
743 2564 836 2594 dixit:

122 2603 214 2642 lonyae
229 2615 303 2642 pars
320 2604 423 2633 ultima
446 2603 520 2631 vitoe.
555 2604 679 2633 Graecus
695 2604 840 2642 interpres

125 2643 181 2670 53:
211 2647 270 2671 Εἴθε
290 2656 323 2677 με
345 2646 482 2678 γηραλέον
501 2644 594 2676 'gomi
616 2644 640 2670 τ’
662 2645 709 2676 ἔχε
728 2645 840 2677 νήδυμος·

124 2682 212 2714 ἰσχὺς,
234 2685 284 2717 Σὴν
303 2685 399 2716 ἀρετὴν
416 2683 552 2715 κελαδεῖν,
578 2682 621 2716 ἑφ“
645 2684 711 2709 ὅσον
730 2684 839 2715 δύναμίς

122 2731 156 2755 γε
182 2720 470 2760 mmm-Spiritus,
498 2719 605 2759 ingenii
629 2718 675 2750 vis
697 2718 840 2759 vigorque

878 1054 1015 1094 poeticus
1026 1066 1034 1094 ;
1059 1059 1089 1086 et
1101 1054 1172 1086 mihi
1183 1054 1221 1086 sit
1232 1059 1329 1084 tantus
1344 1052 1485 1094 Spiritus,
1504 1063 1595 1092 quan.-

879 1098 939 1123 tum
956 1096 1021 1125 e'us
1042 1094 1090 1125 vel
1107 1099 1233 1134 quantus
1252 1098 1298 1124 sat
1316 1094 1373 1123 erit
1394 1094 1430 1122 ad
1448 1093 1524 1122 sacta
1545 1098 1595 1123 tua

881 1133 965 1162 dicen
988 1143 1014 1163 a.
1033 1133 1079 1164 H.
1118 1134 1173 1163 Sat
1193 1138 1237 1163 ese
1259 1142 1328 1164 cnm
1349 1132 1490 1162 infinitivo
1514 1142 1595 1161 more

882 1172 1058 1202 Graecorum
1077 1172 1269 1203 construitur.
1301 1171 1347 1200 W.
1386 1172 1504 1200 55-59
1525 1170 1597 1199 Non

879 1220 924 1241 me
938 1220 963 1240 c.
1002 1211 1096 1241 Tanta
1108 1213 1165 1242 erit
1177 1216 1295 1250 tamquo
1310 1210 1462 1249 magnifica
1476 1220 1508 1239 ac
1521 1210 1598 1239 divi-

879 1259 917 1280 na
934 1249 1055 1280 materia
1072 1254 1133 1280 tuae
1152 1250 1261 1285 laudis,
1281 1253 1315 1279 ut
1334 1249 1480 1287 ingenium
1497 1259 1596 1278 meum

880 1289 917 1318 ab
932 1298 966 1319 ea
980 1289 1153 1325 excitatum,
1173 1289 1384 1318 inflammatum
1404 1291 1434 1316 et
1452 1287 1597 1317 diviniore

881 1327 989 1365 spiritu
1014 1332 1123 1363 actum,
1152 1337 1243 1366 supra
1268 1335 1368 1356 omnes
1396 1326 1542 1355 excellere
1567 1331 1598 1356 et

878 1365 962 1404 ipsos
985 1366 1056 1396 deos
1075 1367 1204 1396 canendo
1222 1365 1339 1395 vincere
1360 1364 1597 1403 possit—Adsit,

878 1404 923 1434 uti
937 1405 1064 1434 invocati
1077 1405 1118 1434 dii
1131 1405 1246 1439 adsunt,
1271 1413 1357 1442 opem
1368 1403 1477 1438 ferunt,
1498 1404 1597 1433 favent

878 1443 1067 1487 poetis—58
1097 1444 1241 1478 Arcades,
1270 1442 1465 1481 intelligentes
1492 1446 1596 1471 cantus

874 1482 1003 1519 judices,
1044 1493 1199 1521 uamquam
1211 1481 1301 1511 Panis
1313 1481 1359 1510 sui
1370 1480 1506 1513 studiosi,
1525 1481 1596 1510 mihi

879 1524 974 1550 tamen
994 1494 1122 1559 ptiimmn
1138 1521 1268 1550 tribuent
1285 1523 1408 1557 propter
1425 1518 1595 1548 felicitatem

878 1559 1051 1595 argumenti.
1072 1560 1117 1588 H.
1141 1559 1237 1588 etiam.
1273 1559 1323 1586 Ita
1339 1556 1439 1585 Graeci
1452 1560 1494 1585 καὶ
1510 1567 1595 1596 repe-

879 1600 956 1631 tunt,
981 1597 1137 1626 Demosth.
1163 1605 1193 1636 p.
1219 1597 1290 1626 Cor.
1312 1596 1381 1624 312.
1403 1599 1468 1625 ὥςτε
1491 1599 1535 1623 καὶ
1558 1597 1596 1625 ὗν

879 1638 923 1662 καὶ
955 1638 1051 1664 ταῦτα.
1091 1636 1158 1664 Νοιι
1187 1634 1283 1663 minus
1309 1633 1414 1663 Latina
1437 1638 1485 1663 est
1506 1633 1596 1665 lectio

877 1672 963 1708 dicet,
985 1684 1073 1712 quam
1089 1673 1138 1703 ulii
1150 1684 1166 1702 e
1182 1674 1277 1702 Codd.
1298 1672 1469 1711 praeferunt.
1492 1671 1542 1701 W.
1614 1673 1618 1677 ’

916 1713 955 1741 60
968 1711 1079 1750 Incipe,
1088 1722 1159 1750 1›.p.
1168 1712 1229 1740 risu
1243 1720 1410 1748 coynoscere
1421 1715 1553 1746 matrem,
1565 1711 1596 1741 h.

878 1759 905 1778 e.
928 1760 967 1779 ex
980 1760 1026 1785 eo,
1048 1751 1128 1789 quod
1142 1750 1197 1780 tibi
1210 1750 1331 1784 arridet,
1352 1754 1477 1778 matrem
1490 1759 1595 1787 agnos-

878 1798 956 1818 cere.
977 1789 1073 1818 Pocta
1088 1791 1229 1818 ἐνθουσιῶν
1241 1788 1375 1826 exoptati
1385 1788 1488 1816 saeculi
1499 1789 1596 1819 fausta

879 1826 962 1856 initia
976 1828 1105 1857 nondum
1118 1828 1231 1863 videns,
1252 1837 1343 1856 morae
1357 1826 1512 1865 impatiens
1530 1827 1596 1857 haec

877 1864 952 1894 dicit
963 1875 1020 1904 pro
1035 1866 1166 1905 vulgari:
1187 1876 1318 1900 nascere,
1340 1875 1415 1903 puer
1426 1875 1434 1902 3
1456 1875 1523 1894 nam
1542 1866 1594 1895 de-

878 1903 973 1934 cimus
984 1905 1047 1943 jam
1060 1905 1168 1935 mensis
1191 1905 1299 1943 agitur,
1317 1905 1493 1943 justumque
1509 1905 1596 1934 matri

879 1946 997 1972 uterum
1016 1944 1127 1983 gerenti
1142 1948 1260 1982 tempus
1280 1942 1444 1981 expletum,
1469 1947 1503 1971 ut
1523 1943 1596 1972 satis

874 1981 937 2019 jam
950 1992 1054 2021 magna
1069 1983 1165 2012 oneris
1178 1982 1224 2012 sui
1238 1981 1328 2011 taedia
1341 1981 1368 2010 ei
1381 1980 1450 2010 sint.
1484 1981 1595 2020 Expri-

878 2020 933 2048 mit
959 2031 1021 2050 rem
1046 2021 1133 2051 valde
1156 2021 1289 2059 jucundo
1319 2018 1487 2058 signo—-sic
1518 2020 1594 2049 enim

876 2059 1004 2126 poeticae
1019 2060 1158 2089 orationis
1172 2058 1541 2095 natura-fert-voluptate
1566 2063 1597 2088 et

890 2098 984 2127 aetitia
997 2098 1109 2134 matris,
1134 2108 1202 2128 cum
1213 2107 1271 2137 qua
1282 2106 1382 2126 recens
1393 2100 1493 2125 natum
1503 2097 1596 2126 infan-

878 2139 940 2165 tem
957 2136 1099 2171 intuetur,
1120 2141 1155 2166 ut
1174 2146 1209 2166 eo
1228 2136 1292 2165 risu
1312 2145 1344 2164 se
1365 2135 1450 2173 quasi
1471 2139 1595 2165 matrem

879 2176 1005 2213 probare
1016 2176 1111 2205 videri
1123 2175 1229 2214 possit.
1248 2175 1292 2203 H.
1327 2174 1516 2204 Constructio
1529 2184 1595 2212 coy-

878 2224 994 2243 noscere
1014 2214 1078 2243 risu
1100 2225 1154 2253 pro
1176 2225 1192 2243 e
1212 2213 1276 2242 risu
1299 2213 1404 2242 Latina
1424 2216 1481 2246 est,
1502 2221 1597 2251 neque

877 2252 995 2291 ellipsin
1010 2257 1133 2282 statues.
1167 2253 1217 2282 Ita
1231 2262 1298 2281 cum
1315 2261 1386 2280 casu
1403 2254 1490 2280 sexto
1507 2252 1594 2288 junc-

877 2294 941 2321 tum
961 2292 1039 2331 apud
1057 2292 1194 2321 Tacitum
1211 2291 1288 2321 Arm.
1311 2291 1340 2325 1,
1361 2291 1395 2319 ὃ]
1417 2289 1596 2327 intelligere,-

877 2329 906 2365 I,
938 2332 974 2360 12
1002 2330 1179 2369 conjectare3
1208 2331 1308 2361 Germ.
1335 2339 1362 2359 c.
1387 2329 1416 2358 3.
1444 2330 1597 2368 auyurari.

878 2368 1067 2399 Praeiverunt
1076 2370 1175 2399 Graeci
1185 2369 1213 2398 in
1228 2367 1328 2398 verbis
1343 2371 1507 2402 γιγνώσκειν,
1522 2370 1595 2397 {moi-

879 2411 942 2443 ζειν,
961 2412 1165 2443 τεκμαίρεσθαι.
1193 2407 1284 2446 Soph.
1303 2406 1415 2436 Electr.
1429 2406 1507 2435 1296
1522 2409 1594 2436 &mm

877 2448 964 2481 μήτηρ
978 2459 1009 2475 σε
1021 2450 1058 2482 μὴ
1074 2450 1245 2482 ’πιγνώσεται
1257 2448 1359 2484 φαιδρῷ
1369 2449 1516 2483 προσώπῳ.
1546 2444 1595 2473 Ita

878 2485 1104 2522 explicationem
1127 2496 1144 2514 a
1167 2494 1255 2514 sensu
1279 2483 1460 2522 postulatam
1481 2484 1593 2521 lingua:

878 2523 952 2552 ratio
962 2524 1059 2561 juvat.
1094 2523 1204 2557 Aliam,
1225 2533 1262 2552 ex
1276 2532 1334 2561 qua
1348 2522 1411 2551 risu
1423 2532 1478 2561 pro
1496 2521 1594 2549 ridens

877 2562 914 2591 ad
938 2571 1063 2601 puerum
1085 2562 1221 2597 refertur,
1252 2561 1450 2590 Grammatiea
1474 2559 1592 2598 quidem

880 2610 936 2630 non
963 2600 1088 2639 respuit.
1130 2601 1199 2630 AEn.
1222 2600 1251 2636 I,
1286 2601 1354 2629 324.
1383 2601 1450 2638 apri
1476 2607 1592 2626 cursum

878 2639 1002 2668 clamore
1008 2648 1150 2677 premere.
1174 2638 1222 2669 W.
1251 2638 1350 2668 Etiam
1362 2639 1485 2667 Graecus
1501 2636 1592 2664 inter-

878 2688 947 2717 pres
970 2679 1027 2706 60:
1050 2682 1165 2713 '‘Apxw,
1190 2682 1353 2712 μειόιὸωσαν
1376 2679 1441 2709 δρῶν
1466 2677 1589 2716 τὴν-μη·

878 2722 944 2753 τέρα
970 2718 1060 2753 κεδνήν
1087 2720 1230 2755 θμαυρίζειν,
1276 2718 1317 2748 62
1346 2715 1392 2745 cm·
1416 2724 1473 2743 uon
1500 2722 1592 2744 rasere
