1796 3077
565 251 834 293 AENEIDOS.

891 251 993 292 LIB.
1022 252 1093 291 IX.
1510 259 1597 304 54]

154 377 399 433 Oppetiisse
418 375 500 419 tuis
517 392 529 427 ;
558 375 738 431 primam
757 375 867 418 hanc
887 376 963 418 tibi
983 390 1161 431 magnus
1185 372 1339 432 Apollo

153 435 360 477 Concedit
378 434 560 484 laudem,
581 441 623 475 et
642 434 816 489 paribus
836 449 920 475 non
939 433 1098 475 invidet
1118 435 1242 476 armis
1259 452 1270 486 ;

823 491 895 532 Sic
916 505 1036 532 orsus
1057 490 1218 546 Apollo

154 493 310 534 Cetera
329 507 470 547 parce,
493 506 613 546 puer,
634 491 763 533 bello.

1518 434 1604 474 655

153 549 361 591 Mortales
381 550 521 591 medio
539 555 735 603 aspectus
756 562 947 589 sermone
964 547 1148 602 reliquit,

152 605 213 647 Et
232 606 382 660 procul
398 606 440 647 in
460 615 630 648 tenuem
647 620 702 647 ex
722 604 855 647 oculis
876 605 1047 646 evanuit
1066 620 1226 648 auram.

150 662 379 718 Agnovere
401 664 527 705 deum
546 677 746 719 proceres
767 663 992 717 divinaque
1014 660 1099 703 tela

151 719 426 770 Dardanidae,
448 721 775 776 pharetramque
795 719 898 775 suga
918 733 1087 760 sensere
1108 726 1340 763 sonantem.

1519 722 1605 762 660

150 776 269 833 Ergo
290 779 458 819 avidum
478 791 647 832 pugnae,
668 778 791 818 dictis
812 792 862 819 ac
880 777 1048 818 numine
1071 776 1242 827 Phoebi,

149 833 379 876 Ascanium
399 834 652 889 prohibent3
681 833 763 889 ipsi
782 834 825 874 in
844 834 1073 875 certamina
1092 848 1238 875 rursus

148 892 405 941 Succedunt,
427 892 670 945 animasque
690 891 733 931 in
753 898 901 946 aperta
921 890 1112 946 pericula
1131 892 1319 933 mittunt.

205 948 245 989 It
265 948 422 989 clamor
441 949 539 989 totis
559 962 636 1002 per
656 947 977 1003 propugnacula
997 949 1149 990 muris:

146 1004 378 1047 Intendunt
398 1020 517 1047 acres
534 1020 671 1055 arcus,
689 1014 940 1059 amentaque
960 1012 1174 1059 torquent.

1518 1006 1607 1047 665

148 1062 360 1104 Sternitur
380 1077 501 1104 omne
523 1061 657 1103 solum
675 1061 793 1112 telis3
825 1069 914 1103 tum
935 1069 1054 1103 scuta
1074 1076 1272 1117 cavaeque

148 1119 267 1160 Dant
287 1119 468 1160 sonitum
487 1118 604 1160 flictu
623 1118 783 1174 galeae3
814 1134 960 1174 pugna
980 1134 1131 1174 aspera
1150 1120 1308 1174 surgit:

146 1176 344 1223 Quantus
365 1177 420 1217 ab
440 1190 594 1218 occasu
613 1176 799 1225 veniens,
819 1175 1074 1230 pluvialibus
1097 1177 1262 1225 Haedis,

147 1232 361 1274 Verberat
380 1233 514 1274 imber
533 1232 730 1281 humum3
762 1248 888 1286 quam
907 1232 1039 1273 multa
1058 1234 1265 1287 grandine
1284 1232 1414 1273 nimbi

146 1289 195 1330 In
215 1290 323 1331 vada
342 1290 622 1345 praecipitant,
643 1304 773 1344 quum
792 1288 964 1344 Jupiter
984 1289 1183 1331 horridus
1205 1290 1357 1330 austris

1518 1290 1604 1331 670

144 1347 340 1401 Torquet
359 1362 560 1402 aquosam
581 1347 842 1395 hiemennet
861 1345 969 1388 coelo
988 1361 1091 1388 cava
1111 1346 1256 1388 nubila
1275 1348 1446 1402 rumpit.

145 1403 368 1445 Pandarus
389 1412 432 1445 et
453 1404 602 1452 Bitias,
624 1403 742 1444 Idaeo
763 1402 975 1444 Alcanore
996 1404 1116 1453 creti,

147 1461 269 1507 Quos
289 1461 317 1501 J
321 1461 407 1502 ovis
428 1460 576 1502 eduxit
594 1459 691 1501 luco
712 1459 912 1501 silvestris
935 1459 1055 1509 Iaera,

145 1518 373 1559 Abietibus
388 1518 567 1573 juvenes
583 1517 730 1572 patriis
751 1524 793 1557 et
814 1517 1026 1558 montibus
1045 1531 1205 1571 aequos,

145 1575 335 1625 Portam,
357 1590 452 1629 quae
472 1575 592 1617 ducis
613 1574 791 1629 imperio
811 1574 1044 1623 commissa,
1065 1572 1292 1616 recludunt

143 1733 212 1762 quae
228 1723 280 1754 ille
298 1724 446 1763 gestabat.
461 1734 545 1753 arma
559 1734 637 1753 saeva
656 1722 807 1753 sonoribus
820 1721 849 1750 h.

145 1772 264 1797 sonore,
282 1773 373 1797 saeve,
387 1763 566 1792 terribiliter
583 1763 736 1792 sonantia:
760 1762 850 1791 Butae

146 1805 225 1830 sunt.
259 1803 334 1830 Mox
342 1801 496 1837 AEsseadd,
505 1813 544 1831 ex
556 1805 703 1835 Αἷνειάόης,
714 1803 852 1834 Αἰνεάὸης,

147 1845 179 1868 ut
194 1850 275 1878 saepe
289 1840 444 1870 AEneadae.
459 1851 489 1870 ν.
503 1841 532 1875 Ι,
547 1842 710 1870 157.-655
725 1844 754 1868 et
766 1838 851 1878 pari-

143 1878 195 1907 bus
225 1889 281 1907 uon
307 1878 413 1908 invidet
439 1879 548 1908 armis.-
586 1880 641 1908 hoc
668 1878 797 1908 sublime
820 1880 852 1906 et

144 1918 353 1956 magnificum:
374 1928 438 1947 suae
459 1919 621 1957 sagittandi
644 1918 774 1957 peritiae,
789 1926 852 1945 suae

145 1955 262 1992 virtuti,
280 1957 400 1986 Ascanii
415 1958 547 1987 futuram
559 1957 702 1986 virtutem
719 1955 853 1994 aequipa-

143 1999 191 2024 rat
204 1996 280 2024 deus
292 1996 510 2034 Apella-657
522 1996 613 2025 medio
623 2006 763 2024 sermone.
784 1995 854 2023 Ser-

146 2033 231 2063 vius:
253 2035 324 2063 ideo
338 2034 442 2069 medio,
460 2035 531 2074 quia
546 2045 604 2063 non
623 2033 782 2073 respondit
793 2034 853 2062 As-

146 2072 259 2102 canius.
300 2073 357 2102 Est
380 2083 452 2103 vero
475 2073 671 2112 simpliciter:
695 2077 854 2111 antequam

146 2111 233 2148 plura
246 2112 418 2150 subjiceret,
431 2123 498 2142 cum
511 2113 557 2142 his
574 2112 688 2146 verbis,
700 2110 854 2141 discessit.

145 2150 184 2177 cf.
201 2150 257 2184 lv,
272 2152 442 2181 277.—659
461 2152 542 2190 Ergo
556 2151 586 2180 in
600 2153 688 2190 fuya,
702 2151 852 2184 discessu,

146 2188 275 2218 divinam
290 2189 413 2219 formam
436 2191 547 2229 Apollo
570 2195 739 2228 receperat,
762 2198 850 2228 quani

144 2227 337 2265 deposuerat,
351 2229 470 2258 adscita
483 2230 620 2263 humana,
632 2233 665 2258 ut
678 2238 768 2267 agere
782 2237 852 2266 pos-

147 2270 195 2294 set
208 2276 274 2294 cum
291 2267 420 2296 mortali.
455 2268 566 2297 Forma
580 2272 678 2297 autem
692 2267 803 2302 divina,
820 2270 854 2295 ut

146 2315 186 2333 ex
200 2305 298 2334 divina
312 2305 368 2334 tela
386 2307 608 2345 pharetramque
627 2310 765 2351 apparet,
787 2316 854 2334 cre-

146 2343 211 2372 dita
222 2349 270 2373 est
281 2354 348 2373 esse
360 2345 549 2384 eade1n‚quae
563 2346 591 2374 in
603 2345 698 2384 signis
707 2354 856 2384 expressa

146 2384 206 2417 est,
231 2393 248 2412 a
273 2385 374 2421 Scopa
402 2389 474 2422 puta
498 2384 547 2413 vel
573 2384 853 2414 Praxitelem-661

146 2431 249 2465 numen
264 2423 436 2451 declaratur
453 2432 510 2461 per
531 2422 618 2459 dicta,
634 2425 732 2462 jussa,
751 2428 855 2452 aucto-

147 2465 232 2489 ritas.

182 2501 241 2529 664
265 2499 348 2528 Totis
367 2510 423 2539 per
440 2500 661 2538 propugnacula
676 2501 778 2535 murth,
795 2508 851 2538 per

145 2537 213 2566 loca
243 2548 409 2573 murorum,
437 2550 454 2568 e
482 2539 592 2577 quibus
625 2543 851 2579 propugnatum

144 2577 212 2606 inde
241 2578 430 2616 simpliciter,
458 2587 512 2616 per
540 2587 652 2607 muros.
703 2579 752 2607 De
779 2587 854 2606 voce

145 2616 185 2644 cf.
207 2616 245 2645 ad
270 2618 459 2646 170.-665
483 2617 578 2646 Acres
601 2616 671 2654 ipsi,
693 2617 850 2646 intendunt

145 2655 264 2687 acriter,
279 2660 310 2684 et
331 2656 447 2693 jaciunt
461 2656 519 2685 tela
533 2656 660 2684 amentis
675 2656 850 2694 religata.—

147 2695 205 2722 667
227 2694 311 2731 flictu
336 2695 425 2724 docte
457 2705 495 2723 ex
532 2698 682 2723 vetustate
715 2705 772 2733 pro
805 2695 849 2722 af-

145 2732 375 2772 flictum-paynel
389 2744 493 2772 aspera
505 2733 610 2771 sur-yn,
623 2733 666 2768 fit,
687 2743 849 2772 exaspera-

1519 1574 1604 1616 675

889 1724 940 1751 tur
954 1721 1048 1751 :nulto
1063 1722 1158 1762 magis
1168 1725 1198 1751 et
1209 1720 1389 1757 incenditur,
1403 1731 1491 1760 quam
1503 1721 1601 1752 adhuc

890 1761 1001 1790 factum
1018 1765 1092 1790 erat.

928 1801 987 1829 668
1003 1810 1070 1838 sqq.
1091 1799 1221 1829 Ornavit
1235 1798 1415 1828 Homericos
1429 1809 1536 1827 versus
1559 1799 1597 1828 Il.

889 1851 921 1873 μ,
936 1840 1099 1868 156-161,
1110 1843 1236 1878 quantas
1249 1838 1414 1875 respondet
1428 1838 1466 1872 ei,
1478 1839 1558 1875 quod
1573 1839 1602 1867 in

890 1878 1028 1907 anteced.
1054 1878 1146 1907 latet:
1175 1881 1275 1906 tantus
1299 1875 1430 1904 telorum
1449 1878 1600 1914 jactorum

892 1920 940 1944 est
963 1926 1102 1946 acervus.
1141 1915 1247 1945 Haedis
1267 1914 1456 1954 pluvialibus,
1478 1920 1604 1953 propter

891 1954 1009 1984 haedos.
1050 1955 1132 1984 Bene
1154 1958 1184 1983 et
1204 1954 1284 1983 clare
1305 1953 1445 1982 Servius:
1469 1957 1488 1970 “
1504 1954 1604 1992 Supra

893 1993 985 2022 Tauri
994 2003 1105 2023 cornua
1114 1998 1160 2023 est
1172 1993 1287 2032 signum
1294 2014 1301 2025 ,
1309 1992 1359 2020 cui
1368 1992 1485 2031 Auriga
1497 2002 1604 2022 nomen

894 2033 1118 2061 est.-—Retinet
1132 2036 1232 2061 autem
1247 2031 1350 2060 stellas
1365 2030 1442 2059 duas
1458 2031 1488 2059 in
1502 2041 1603 2066 manu,

894 2080 963 2109 quae
986 2071 1062 2100 haedi
1081 2075 1238 2105 vocantur,
1262 2074 1294 2099 et
1315 2079 1600 2108 capram—quarum

895 2113 926 2138 et
948 2113 1032 2138 ortus
1056 2114 1087 2139 et
1107 2119 1232 2138 occasus
1256 2108 1450 2146 gravissimas
1471 2112 1602 2146 tempes-

892 2151 971 2177 tates
985 2148 1111 2177 faciunt.
1151 2148 1299 2176 Oriuntnr
1314 2150 1411 2175 autem
1432 2156 1500 2174 cum
1513 2147 1604 2176 Scor-

892 2187 982 2226 pione
1004 2197 1104 2216 mense
1128 2185 1390 2214 Octobn'.''-670
1413 2184 1504 2220 Quod
1530 2185 1604 2215 alias

893 2225 1004 2255 austris
1019 2225 1258 2263 insurgentibus,
1269 2224 1300 2253 id
1309 2233 1385 2252 nunc
1395 2223 1468 2253 Jovi
1477 2223 1603 2256 tribuit:

893 2269 1006 2304 torquet
1021 2265 1045 2293 is
1058 2274 1196 2303 aquosam
1217 2263 1349 2295 hiemem,
1368 2262 1397 2290 h.
1413 2266 1524 2297 versat,
1540 2272 1557 2291 a
1579 2263 1604 2291 i-

894 2308 949 2337 tat„
963 2312 966 2319 ·
979 2305 1074 2332 nubes
1101 2303 1231 2341 pluvias,
1260 2301 1453 2339 tandemque,
1481 2306 1514 2329 ut
1541 2274 1584 2330 ilii

893 2343 989 2371 imber
1004 2342 1204 2381 exprimatur,
1227 2341 1314 2370 facit:
1333 2340 1401 2368 coelo
1415 2349 1485 2368 caua
1504 2340 1602 2370 nubila

894 2381 1015 2419 rumpit.

933 2422 992 2450 (372
1007 2430 1073 2458 sqq.
1088 2418 1250 2455 ingeniose
1267 2421 1314 2446 est
1326 2426 1400 2446 usus
1419 2417 1489 2446 loco
1508 2417 1546 2446 ΙΙ.
1568 2432 1600 2453 μ,

897 2460 952 2489 127
969 2470 1036 2498 sqq.
1049 2463 1080 2487 et
1094 2458 1231 2496 respexit
1252 2456 1314 2485 duo
1337 2455 1492 2494 Lapithas,
1507 2456 1603 2494 Poly-

890 2502 993 2537 poeten
1012 2503 1042 2526 et
1064 2498 1240 2531 Leonteum,
1254 2505 1310 2534 pro
1324 2494 1420 2533 portis
1432 2498 1600 2524 castrorum

891 2538 1080 2567 Achivorum
1102 2539 1226 2564 stantes.
1268 2534 1310 2563 Ut
1325 2533 1493 2563 silvestrem
1516 2534 1602 2563 daret

893 2576 1040 2614 originem
1056 2574 1211 2608 fratribus,
1226 2573 1256 2602 in
1269 2576 1369 2601 monte
1383 2573 1442 2602 Ida
1456 2573 1602 2601 educatos

888 2618 1001 2648 narrat,
1016 2615 1044 2642 in
1058 2613 1128 2641 luco
1140 2613 1230 2642 Jovis
1242 2612 1319 2641 Idaei
1332 2622 1338 2640 ι
1361 2611 1536 2649 parentibus
1549 2610 1600 2639 sil-

890 2658 1021 2683 vestrem
1037 2653 1065 2680 in
1081 2652 1253 2681 nemoribus
1267 2651 1361 2680 Idaeis
1376 2650 1466 2679 vitain
1487 2649 1601 2685 agenti-

889 2693 946 2721 bus
959 2692 997 2721 cs.
1007 2691 1175 2720 [kib—674
1183 2694 1315 2731 ἐλάτῃσιν
1323 2692 1451 2719 {Omna-rec
1460 2690 1601 2725 ὑψηλῇσω

890 2731 930 2761 ll.
945 2744 969 2767 ε,
982 2731 1050 2760 560.
1091 2731 1169 2760 Cum
1183 2730 1288 2760 montis
1311 2728 1455 2758 cacumine
1480 2736 1600 2765 compa-
