1796 3077
217 215 279 259 ‘70

662 208 701 246 P.
734 206 964 246 VIRGILII
996 205 1245 244 MARONIS

220 330 385 373 Ventos
406 338 448 373 et
467 329 623 371 varium
645 328 740 370 coeli
760 329 991 383 praedicere
1010 342 1168 369 morem

221 390 337 429 Cura
354 389 418 438 sit,
450 402 497 428 ac
517 386 674 441 patrios
695 385 914 440 cultusque
934 384 1187 439 habitusque
1204 383 1404 432 locorum,

221 445 282 486 Et
301 446 402 499 quid
424 457 601 498 quaeque
620 441 727 482 ferat
747 442 877 496 regio,
907 448 950 482 et
969 442 1071 496 quid
1092 455 1271 496 quaeque
1290 445 1468 483 recuset.

220 502 306 543 Hic
327 508 500 556 segetes,
531 499 611 539 illic
632 499 803 539 veniunt
823 498 981 540 felicius
1002 513 1117 548 uvae3

220 558 403 599 Arborei
423 557 530 598 fetus
551 555 648 596 alibi
666 562 792 609 atque
813 556 969 609 injussa.
987 556 1196 597 virescunt

499 612 653 653 Nonne
670 612 797 661 vides,
828 626 998 653 croc-eos
1018 619 1065 652 ut
1085 611 1261 653 Tmolus
1281 611 1444 659 odores,

221 615 437 655 Gramina.

220 672 339 713 India
360 670 483 710 mittit
503 670 620 716 ebur,
652 667 795 709 molles
813 683 888 709 sua
908 676 1001 709 tura
1023 668 1163 708 Sabaei
1180 685 1189 717 ;

220 727 281 768 At
302 727 511 781 Chalybes
531 726 634 766 nudi
653 724 822 774 ferrum,
855 726 1073 778 virosaque
1097 724 1259 765 Pontus

219 785 433 833 Castorea,
467 782 664 822 Eliadum
684 781 841 835 palmas
864 781 1018 835 Epiros
1037 783 1269 835 equarum?

220 841 431 882 Continuo
451 839 526 880 has
546 837 661 893 leges
680 845 921 891 aeternaque
943 837 1106 879 foedera
1125 838 1249 879 certis

1615 832 1673 872 60

219 897 424 951 Imposuit
443 903 591 936 natura
611 894 723 943 locis,
754 910 838 948 quo
859 902 1046 948 tempore
1068 894 1247 949 primum

221 953 457 994 Deucalion
478 967 653 993 vacuum
674 951 834 1005 lapides
849 951 1023 1004 jactavit
1043 952 1085 991 in
1105 952 1264 999 orbem,

220 1009 348 1051 Unde
368 1010 557 1050 homines
578 1008 676 1057 nati,
708 1008 860 1048 durum
880 1022 1029 1062 genus.

217 1118 327 1147 oeqiaeor,
356 1117 469 1146 agrum,
491 1107 576 1144 cujus
598 1109 703 1134 natura
723 1104 806 1133 nobis
827 1103 928 1143 ignota

216 1147 349 1176 est.--51
371 1146 432 1174 coeli
450 1155 566 1178 morem,
588 1144 665 1173 aeris
682 1147 826 1177 naturam,
852 1147 925 1172 tem-

216 1184 504 1223 periem.-—-varium,
518 1193 572 1221 pro
584 1183 702 1211 diversa
716 1181 864 1220 regionum
878 1192 927 1211 na-

217 1228 284 1252 tura
295 1233 328 1252 ac
343 1223 402 1251 situ
416 1222 657 1251 diversum.-—-52
670 1220 783 1249 habitus
793 1220 927 1254 Iocorum,

217 1261 247 1289 h.
274 1266 417 1294 naturam,
445 1260 582 1294 indolem,
615 1259 688 1296 agri,
713 1269 751 1287 ex
774 1262 925 1302 praecepto

217 1300 358 1334 omnium,
380 1299 430 1337 qui
448 1299 485 1327 de
504 1309 535 1327 re
553 1297 664 1327 rustica
679 1297 840 1326 tradidere.
857 1297 925 1326 v1de

217 1338 265 1367 vel
280 1338 418 1376 Xenoph.
450 1337 557 1366 OEcon.
573 1336 667 1370 XVI,
679 1336 698 1364 2
709 1335 925 1374 sqq.-—patrios

216 1377 319 1411 cultus,
340 1375 454 1405 colendi
471 1375 612 1404 rationem
627 1385 683 1403 usu
698 1375 841 1411 majorum
854 1384 924 1412 pro-

217 1415 327 1444 batam.
348 1415 392 1443 H.
419 1414 534 1452 patrios
546 1417 668 1452 propter
681 1412 853 1442 divisionem
869 1423 923 1451 que

216 1463 322 1492 uque,
343 1457 437 1481 et—et
454 1462 574 1481 necesse
587 1456 633 1481 est
645 1455 678 1480 ut
693 1451 781 1480 etiam
794 1452 829 1479 ad
842 1451 923 1480 habi-

216 1496 264 1519 tus
293 1492 448 1529 pertineat,
481 1491 646 1534 significans
676 1490 821 1526 antiquos,
855 1500 922 1528 pro-

216 1530 311 1567 prios.
338 1530 462 1558 list—53
478 1529 556 1557 Phu.
573 1528 704 1561 XVIII,
718 1529 757 1556 47
774 1532 853 1556 extr,
886 1528 924 1557 In

215 1568 294 1596 omni
306 1568 415 1606 quidem
431 1571 517 1606 parte
532 1565 765 1595 cultum—valet
780 1565 925 1595 omentum

216 1606 302 1635 illud:
323 1607 393 1645 quid
410 1616 526 1645 qnaeque
541 1605 619 1643 reyio
629 1604 771 1642 patiatur.
811 1605 878 1633 Jam
893 1605 924 1633 in

214 1645 263 1679 iis,
286 1656 353 1683 quae
368 1650 545 1683 sequuntur,
567 1653 699 1682 agnosce
714 1642 862 1681 poeticam
877 1653 924 1672 ra-

214 1684 338 1716 tionem.
361 1682 598 1721 propositionem
615 1682 785 1724 generalem
798 1691 853 1718 per
864 1682 923 1710 sin-

218 1723 289 1760 gula
301 1722 441 1759 exempla
453 1721 625 1750 declarandi
639 1724 670 1747 et
684 1719 819 1747 ornandi.
847 1720 926 1748 Con-

216 1761 301 1789 venit
319 1761 403 1789 locus
423 1769 489 1788 cum
509 1759 610 1787 AEtna
630 1757 736 1786 Severi
750 1758 808 1785 259
823 1767 929 1794 sqq.—-

216 1801 254 1827 55
268 1800 395 1837 Injussa,
410 1801 525 1836 sponte,
537 1795 704 1825 Columella
716 1795 761 1829 X,
773 1796 811 1823 16
821 1800 927 1824 natura

217 1837 286 1871 soli,
296 1835 505 1876 quae--injussi
514 1834 704 1863 consternitur
714 1833 797 1862 ubere
808 1833 927 1862 mali.—

218 1875 281 1904 Per
304 1875 439 1914 yramina
462 1877 562 1903 autem
588 1882 641 1901 seu
658 1872 767 1900 herbas
791 1872 928 1901 declarat

212 1915 414 1951 pascum—56
429 1912 532 1942 Nonne
544 1911 620 1940 vides
632 1914 680 1939 est
692 1912 769 1939 inter
782 1911 926 1939 formulas

216 1952 473 1981 enumerationum
488 1961 543 1989 pio
558 1953 718 1988 praeterea,
739 1958 840 1987 porro.
872 1952 927 1984 Οὐχ

217 1994 302 2026 ὀρείας
316 2000 364 2028 ap.
381 1991 464 2019 Arat.
485 1988 582 2028 (Mihi
599 1987 719 2026 quidem
734 1987 798 2016 haec
814 1988 925 2016 formu-

217 2029 249 2058 la
264 2030 301 2058 ad
316 2028 458 2067 exempla
466 2027 649 2057 annectenda
658 2026 798 2064 usurpari
807 2026 836 2054 11.
846 2025 866 2054 l.
881 2025 926 2055 vi-

217 2068 318 2097 detur.
340 2067 503 2096 Diversum
512 2070 561 2095 est
567 2063 742 2103 nonnehiides
750 2064 835 2093 etiam
844 2065 925 2102 apud

219 2107 343 2135 Lucret.
356 2106 404 2140 ΙΙ,
415 2106 554 2134 196.-ut
564 2103 651 2132 mittit
660 2113 716 2141 pro
728 2106 759 2132 ut
772 2102 872 2132 mittat
886 2104 925 2132 cs.

219 2145 287 2174 Ecl.
304 2144 361 2178 IV,
383 2144 431 2173 52.
450 2143 497 2173 W.
540 2142 643 2172 Crocei
653 2142 754 2171 odores
767 2151 822 2181 pro
837 2151 925 2170 croco

219 2183 264 2212 H.
277 2183 420 2220 (Saffron.
432 2181 641 2218 S.)-—Tmolus
654 2180 759 2219 Lydiae
772 2189 868 2216 mons,
881 2179 926 2208 vi-

218 2230 257 2250 no
273 2231 416 2259 generoso
431 2220 592 2254 nobilis,v.
604 2219 649 2253 ΙΙ,
666 2220 715 2253 89,
729 2223 759 2248 at
771 2219 897 2248 eundem
909 2228 926 2247 a

219 2269 310 2288 croco
322 2260 410 2288 Maro
421 2260 554 2288 hocloco
563 2257 796 2288 commendavit.
810 2258 926 2286 Assen-

218 2298 292 2326 titur
306 2297 423 2326 colum.
444 2298 510 2331 111,
530 2299 559 2332 8,
580 2299 610 2326 4.
645 2297 681 2325 In
696 2296 803 2325 Cilicia
817 2305 924 2324 crocus

218 2336 359 2373 frequens
376 2336 581 2374 proveniebat,
601 2335 631 2363 in
649 2334 755 2373 primis
775 2335 811 2363 ad
831 2334 925 2373 Cory-

218 2373 299 2403 cium
320 2375 565 2412 promontorium.
605 2374 684 2408 Jam,
710 2383 780 2402 cum
801 2372 925 2402 Tmolus

219 2412 367 2442 communi
395 2414 493 2451 aliquo
520 2418 655 2442 vetorum
683 2421 784 2440 errore
807 2411 925 2440 Ciliciae

220 2451 379 2484 tribuatur,
400 2462 459 2489 qua
470 2453 506 2481 de
519 2462 551 2481 re
567 2452 758 2480 Burmannus
771 2449 842 2488 egit,
863 2460 927 2479 cre-

221 2490 273 2524 do,
295 2490 376 2527 quod
395 2490 433 2518 ad
451 2490 526 2519 istas
546 2500 615 2519 oras
636 2489 746 2519 Cilices
768 2488 926 2526 aliquando

219 2528 259 2556 im
284 2527 378 2557 erium
398 2529 616 2565 extenderunt,
645 2527 732 2557 etiam
756 2527 785 2556 h.
809 2527 831 2556 1.
859 2537 926 2556 cum

220 2567 256 2595 C*
272 2566 326 2595 ‘cia
350 2566 524 2595 nominanda
551 2570 642 2600 esset,
671 2567 763 2604 poe'ta
787 2565 926 2595 Tmolum

242 2605 359 2634 osuisse
373 2604 471 2633 videri
492 2609 603 2643 potest.
623 2605 701 2634 Vide
720 2605 825 2634 Burm.
846 2604 883 2632 ad
898 2604 926 2632 h.

233 2665 240 2671 .
263 2647 294 2672 et
321 2642 413 2672 ovid.
440 2643 516 2671 Met.
544 2644 627 2677 XII,
650 2644 715 2672 109.
755 2642 825 2672 Nisi
852 2651 927 2671 vero

221 2682 301 2719 quod
316 2691 393 2710 nuno
406 2685 492 2726 puto,
507 2681 573 2719 ipse
586 2681 710 2710 Tmolus
721 2681 790 2710 olim
803 2690 924 2709 crocum

221 2721 300 2755 tulit,
309 2720 509 2760 virgiliusque
520 2721 658 2750 Graecum
668 2720 795 2758 aliquem
804 2720 923 2758 poetam

1088 1007 1207 1063 Ergo
1224 1020 1315 1062 age,
1347 1013 1470 1047 terrae

966 1104 1204 1144 expressit.—-57
1228 1102 1474 1134 molles-Sabaei.
1494 1105 1673 1141 perpetuum

966 1144 1122 1182 epitheton
1135 1143 1316 1182 populorum
1329 1142 1543 1176 Asiaticorum,
1559 1140 1674 1170 effemi-

965 1186 1103 1211 natorum
1118 1182 1189 1211 coeli
1202 1180 1388 1220 indulgentia
1406 1183 1436 1208 et
1453 1180 1509 1209 soli
1528 1179 1675 1208 bonitate.

967 1221 1017 1249 Sic
1035 1225 1114 1250 tener
1126 1219 1228 1250 Arabs
1241 1219 1355 1248 Tibull.
1376 1218 1423 1253 II,
1443 1220 1474 1252 2,
1494 1219 1525 1253 4,
1544 1219 1597 1247 ubi
1610 1217 1674 1246 vid.

965 1259 1121 1288 Brouckh.
1141 1258 1227 1288 Mitti
1241 1268 1323 1293 vero,
1344 1258 1372 1287 11.
1388 1267 1415 1286 e.
1430 1256 1597 1296 exportari,
1613 1256 1675 1284 sol-

963 1297 1060 1326 lemne
1075 1298 1114 1326 de
1128 1297 1291 1330 mercibus,
1312 1307 1351 1326 ex
1365 1306 1399 1325 eo
1411 1296 1479 1324 loco
1490 1295 1605 1334 petitis,
1620 1294 1674 1323 ubi

964 1337 1138 1380 praecipuus
1154 1346 1255 1365 earum
1269 1338 1418 1364 mercatus
1432 1339 1477 1363 est
1489 1345 1497 1371 3
1519 1340 1567 1363 est
1580 1333 1673 1372 igitur

963 1375 1041 1404 idem
1060 1385 1093 1403 ac
1108 1375 1349 1413 provenire.—-5S
1371 1372 1513 1412 Chalybes
1525 1372 1604 1407 nudi,
1625 1376 1674 1401 ut-

962 1418 1033 1452 pote
1048 1413 1076 1442 in
1089 1414 1167 1442 ferro
1178 1413 1315 1442 cudendo
1329 1412 1478 1450 occupati.
1518 1411 1568 1441 Sic
1579 1411 1673 1440 mulus

962 1452 1089 1481 membra
1101 1453 1277 1490 Pyracmon,
1292 1451 1363 1480 AEn.
1379 1451 1474 1484 VIII,
1487 1450 1674 1479 425.——-viro-

963 1500 996 1519 sa
1008 1495 1150 1526 castorea,
1166 1491 1196 1519 11.
1211 1489 1350 1518 Castoris
1368 1499 1392 1518 s.
1414 1489 1497 1518 Fibri
1510 1489 1591 1527 (The
1603 1489 1674 1518 bea-

963 1531 1034 1567 ver)
1066 1532 1172 1563 testes,
1204 1528 1276 1557 tetri
1304 1527 1415 1562 odoris,
1453 1527 1674 1566 graveolentes;

964 1577 1023 1604 quo
1053 1577 1145 1596 sensu
1171 1566 1361 1605 potissimum
1388 1566 1467 1594 virus
1493 1569 1524 1594 et
1548 1565 1675 1594 virosum

963 1606 1023 1634 dici
1058 1605 1145 1634 solet.
1186 1605 1356 1634 castoreum
1390 1604 1543 1633 Ponticum
1578 1614 1674 1642 praes-

962 1644 1165 1673 tantissimum
1197 1644 1244 1673 sui
1278 1644 1394 1681 generis
1426 1644 1603 1672 habebatur.
1643 1652 1676 1672 v.

963 1683 1067 1712 Strab.
1092 1683 1158 1716 III,
1186 1692 1217 1720 p.
1249 1684 1316 1711 163.
1343 1681 1447 1721 (248,)
1472 1682 1511 1710 59
1534 1680 1675 1710 Eliadum

962 1721 1078 1759 palmas
1091 1721 1200 1759 Epiros
1213 1731 1350 1760 equarum
1370 1720 1489 1759 poe'tica
1506 1719 1674 1749 inversione

968 1759 1081 1788 dictum
1109 1769 1178 1788 esse
1205 1759 1309 1788 volunt
1336 1769 1412 1797 pro:
1445 1759 1471 1788 E
1494 1759 1555 1788 iros
1581 1758 1676 1787 mittit

967 1807 1072 1835 equas,
1103 1807 1171 1835 quae
1199 1797 1288 1826 Eleas
1317 1797 1444 1835 palmas,
1483 1808 1502 1827 1.
1532 1796 1674 1826 victorias

965 1834 995 1863 in
1027 1835 1109 1864 ludis
1143 1835 1323 1873 Olympicis,
1356 1839 1475 1873 parant.
1519 1835 1582 1865 Sed
1607 1835 1676 1874 pal-

965 1883 1021 1907 ma,
1052 1873 1189 1908 victoria,
1216 1883 1272 1910 pro
1298 1873 1414 1902 victore
1442 1874 1522 1902 dicta
1548 1878 1614 1910 est,
1644 1877 1677 1902 et

960 1911 1067 1950 palmae
1093 1921 1240 1951 equarum,
1267 1911 1296 1940 11.
1315 1911 1462 1945 viotoriae,
1489 1911 1579 1939 diotae
1604 1916 1675 1940 sunt

965 1960 1050 1989 equae
1064 1950 1219 1984 victrices,
1239 1959 1307 1988 quae
1322 1950 1450 1988 palmam
1465 1953 1497 1977 et
1514 1949 1673 1979 victoriam

964 1992 1130 2027 reportant.
1170 1988 1223 2017 Sic
1245 1988 1332 2017 tertia
1371 1987 1449 2016 alma
1470 1987 1579 2016 Diores
1602 1988 1674 2018 AEn.

965 2027 1005 2062 V,
1019 2028 1086 2056 339.
1101 2027 1140 2056 cf.
1154 2026 1310 2056 Drakenb.
1326 2037 1343 2055 a
1379 2026 1485 2055 Silium
1498 2025 1592 2061 XVI,
1605 2028 1674 2055 504.

964 2065 1087 2104 Epirus,
1110 2069 1230 2099 εῦιππος,
1256 2069 1386 2099 εὕπωλος,
1411 2065 1564 2103 generosis
1589 2065 1675 2103 equis

965 2105 1092 2133 nobilis:
1110 2105 1165 2133 Ge.
1179 2104 1243 2138 III,
1259 2105 1322 2133 121.
1353 2103 1397 2132 Et
1404 2103 1534 2142 patriam
1546 2102 1674 2141 Epirum

965 2144 1082 2180 referat.
1103 2143 1206 2181 Equus
1223 2146 1293 2171 noto
1313 2152 1407 2176 more,
1434 2152 1492 2180 quo
1512 2150 1606 2170 sexus
1630 2142 1673 2171 se-

965 2181 1057 2211 minei
1089 2180 1249 2210 animantia
1280 2181 1488 2218 praestantiora
1518 2181 1673 2210 habentur.

965 2220 1056 2249 Eleus
1073 2230 1186 2258 campus
1204 2219 1255 2247 inf.
1276 2220 1342 2254 ΙΙΙ,
1362 2220 1430 2248 202.
1469 2218 1542 2248 Eleo
1559 2229 1674 2248 carcere

965 2258 1069 2287 missus
1091 2268 1180 2297 equus
1198 2257 1311 2287 Tibull.
1336 2258 1365 2293 I,
1385 2259 1416 2293 4,
1442 2259 1490 2287 32.
1531 2257 1674 2296 Olympia

963 2297 1042 2326 enim
1056 2297 1085 2326 in
1099 2297 1186 2326 Elide
1200 2300 1274 2326 erat.

1001 2337 1039 2365 60
1062 2335 1214 2368 Continuo,
1234 2344 1292 2363 non
1307 2338 1353 2363 est
1367 2334 1395 2363 h.
1415 2334 1448 2369 1.,
1469 2338 1503 2363 ut
1516 2333 1672 2378 prim-ipio,

964 2376 1069 2407 αὐτίκα,
1084 2373 1387 2402 formulainchoandae
1398 2373 1540 2402 orationis
1553 2383 1559 2400 ε
1573 2373 1610 2400 cf.
1619 2373 1672 2400 inf.

964 2413 1032 2442 169.
1053 2413 1121 2441 356.
1142 2413 1211 2440 sed:
1240 2412 1340 2441 statim
1368 2422 1385 2440 a
1409 2422 1509 2441 rerum
1535 2410 1671 2439 initio.—

966 2451 1018 2480 has
1033 2451 1118 2489 leges,
1139 2454 1173 2479 ut
1186 2450 1293 2495 cuique
1306 2455 1394 2479 terrae
1408 2460 1494 2479 suum
1507 2449 1671 2487 ingenium,

967 2499 1020 2518 sua
1038 2489 1113 2518 ratio
1132 2488 1249 2518 colendi
1269 2488 1498 2527 esset—foedera
1511 2488 1540 2516 h.
1555 2487 1575 2516 l.
1598 2497 1669 2516 con-

965 2527 1103 2562 ditiones,
1124 2527 1222 2566 leges,
1245 2532 1277 2556 ut
1298 2528 1367 2558 AEn.
1393 2527 1420 2562 Ι,
1448 2527 1487 2555 62
1508 2529 1539 2554 et
1560 2525 1599 2554 al.
1624 2526 1670 2557 H.

965 2566 1017 2594 has
1029 2565 1103 2605 leyes
1116 2570 1163 2594 (εἰ.
1176 2567 1290 2604 foedera
1309 2575 1365 2605 pro
1380 2566 1434 2594 has
1453 2565 1536 2603 leges
1556 2568 1587 2592 et
1606 2565 1671 2593 haec

965 2605 1083 2634 soedera
1099 2609 1147 2633 aet.
1174 2605 1212 2633 cf.
1235 2605 1300 2634 vai.
1326 2604 1374 2634 Fl.
1394 2603 1422 2637 Ι,
1442 2603 1509 2632 847.

965 2644 1044 2672 sedes
1057 2648 1220 2682 cetermzque
1234 2643 1346 2672 moenia.
1372 2642 1419 2671 W.

1003 2683 1042 2710 63
1062 2682 1145 2719 Erqo
1164 2692 1228 2721 aye,
1248 2687 1270 2711 t.
1292 2681 1386 2711 Refer
1405 2679 1441 2708 ad
1463 2689 1491 2708 v,
1510 2680 1558 2708 43.
1595 2678 1671 2708 Vere

963 2731 1045 2757 nouo,
1066 2721 1162 2760 primo
1185 2731 1257 2752 vere
1284 2729 1352 2750 esse
1379 2718 1520 2750 arandum
1545 2717 1605 2755 ait,
1633 2717 1665 2746 in

1550 2602 1618 2631 Has
1640 2602 1671 2631 in
