1796 3077
181 290 275 336 536

596 285 638 321 P„
670 280 902 321 VIRGILII
934 281 1184 321 MARONIS

180 407 297 448 Ense
316 405 416 448 levis
436 404 563 453 nudo,
584 417 814 458 parmaque
834 401 1033 457 inglorius
1055 402 1164 447 alba.

178 463 305 519 Isque
324 463 397 504 ubi
419 476 463 502 se
480 460 617 501 Turni
631 459 768 500 media
788 460 895 500 inter
911 459 1038 500 millia
1057 460 1175 508 vidit,

177 520 291 561 Hinc
312 520 435 568 acies,
456 524 582 571 atque
601 517 700 558 hinc
719 517 829 558 acies
850 523 986 558 astare
1002 517 1200 566 Latinas3
1543 517 1626 558 550

177 577 240 618 Ut
262 577 360 624 fera,
382 589 491 628 quae,
513 574 644 615 densa
663 580 888 615 venantum
909 581 1041 627 saepta
1060 588 1228 622 corona,

176 633 336 674 Contra
356 632 437 673 tela
457 631 570 680 furit,
592 645 769 685 seseque
788 630 904 671 haud
924 631 1064 671 nescia
1082 631 1205 671 morti

178 689 328 743 Injicit,
351 697 392 729 et
412 688 519 729 saltu
540 702 668 742 supra
689 686 896 728 venabula
911 686 1069 728 fertur:

176 746 310 786 Haud
329 745 448 786 aliter
462 745 629 800 juvenis
649 745 809 786 medios
829 744 1055 785 moriturus
1067 745 1110 785 in
1127 743 1271 785 hostes

175 802 325 852 Irruit3
357 810 413 852 et,
436 817 519 856 qua
537 801 619 843 tela
637 802 752 842 videt
773 801 1031 850 densissima,
1055 802 1202 842 tendit.

175 858 238 900 At
259 859 438 914 pedibus
459 859 582 912 longe
596 857 743 899 melior
767 857 925 912 Lycus,
945 859 1054 899 inter
1067 866 1109 899 et
1128 858 1288 904 hostes,

175 916 292 957 Inter
314 923 356 957 et
376 930 504 965 arma,
521 915 624 970 fuga
642 930 783 956 muros
805 921 931 964 tenet,
954 915 1121 969 altaque
1137 921 1272 956 certat

175 972 390 1014 Prendere
413 979 524 1013 tecta
538 987 676 1021 manu,
698 973 941 1026 sociumque
961 973 1167 1026 attingere
1184 972 1369 1012 dextras.

174 1029 314 1076 Quem
336 1029 523 1078 Turnus,
546 1030 704 1083 pariter
725 1043 851 1070 cursu
872 1028 1041 1082 teloque
1063 1036 1246 1076 secutus,

175 1086 372 1141 Increpat
392 1086 457 1127 his
477 1087 632 1128 vietor:
666 1085 901 1126 Nostrasne
918 1085 1112 1134 evadere,
1131 1086 1316 1134 demens,
1545 1085 1627 1127 060

175 1143 365 1198 Sperasti
378 1150 419 1184 te
440 1158 564 1197 posse
584 1157 730 1183 manus
747 1144 763 1183 ’ζ
795 1141 915 1182 simul
931 1143 1078 1196 arripit
1098 1143 1235 1196 ipsum

175 1200 449 1249 Pendentem,
467 1207 509 1240 et
528 1214 680 1253 magna
698 1199 805 1239 muri
826 1213 921 1239 cum
941 1207 1062 1252 parte
1083 1199 1266 1240 revellit:

174 1257 337 1305 Qualis,
359 1257 432 1297 ubi
451 1264 523 1297 aut
542 1255 742 1310 leporem,
767 1261 839 1295 aut
860 1256 1055 1295 candenti
1071 1269 1247 1309 corpore
1269 1269 1458 1309 cycnum,

175 1313 354 1354 Sustulit
374 1312 457 1353 alta
476 1320 625 1366 petens
646 1312 826 1366 pedibus
840 1311 958 1351 Jovis
978 1313 1159 1365 armiger
1175 1312 1315 1361 uneis3

173 1370 411 1417 Quaesitum
433 1376 504 1410 aut
524 1370 646 1409 matri
664 1368 802 1409 multis
824 1368 1033 1408 balatibus
1048 1383 1203 1420 agnum

174 1426 357 1468 B'Iartius
378 1441 402 1466 a
423 1425 596 1466 stabulis
617 1425 757 1479 rapuit
776 1423 915 1478 lupus.

432 1482 654 1530 Invadunt,
676 1489 717 1522 et
738 1480 871 1521 fossas
893 1495 1049 1535 aggere
1069 1482 1279 1536 complent
1294 1496 1321 1531 ;'

173 1483 371 1524 Tollitur.

976 1417 1177 1477 Undique
1199 1425 1355 1465 clamor

172 1540 386 1582 Ardentes
407 1539 539 1579 taedas
561 1537 629 1579 alii
649 1539 704 1579 ad
724 1538 890 1593 fastigia
903 1538 1079 1592 jactant.

173 1596 355 1638 Ilioneus
376 1611 478 1637 saxo
499 1603 625 1649 atque
646 1595 806 1649 ingenti
826 1595 1030 1648 fragmine
1050 1596 1202 1636 montis

174 1653 412 1702 Lucetium,
433 1660 567 1707 portae
589 1653 839 1693 subeuntem
865 1652 1068 1706 ignesque
1088 1652 1317 1701 serentem;

172 1710 428 1751 Emathiona
449 1709 591 1764 Liger,
610 1710 862 1763 Corynaeum
884 1711 1030 1750 sternit
1050 1709 1227 1763 Asylas:

172 1766 256 1808 Hic
271 1766 413 1821 jaculo
434 1768 584 1816 bonus,
598 1766 667 1807 hic
687 1765 811 1820 longe
833 1765 1002 1807 fallente
1025 1767 1202 1821 sagitta:

172 1823 398 1879 Ortygium
420 1824 612 1872 Caeneus,
634 1823 835 1865 victorem
858 1823 1012 1864 Caenea
1033 1823 1231 1873 Turnus3

172 1879 345 1921 Turnus
366 1880 487 1933 Itym,
511 1880 802 1933 Cloniumque,
821 1879 1098 1933 Dioxippum,
1120 1880 1463 1934 Promolumque,

173 1936 234 1977 Et
255 1937 459 1991 Sagarim,
475 1944 517 1976 et
538 1937 707 1977 summis
723 1943 902 1976 stantem
918 1951 995 1989 pro
1016 1937 1203 1978 turribus
1219 1938 1326 1978 Idan
1341 1955 1350 1985 3

1542 1936 1625 1977 575

173 1992 421 2034 Privernum
444 1993 599 2048 Capys.
634 1991 763 2033 Hunc
784 1993 919 2047 primo
940 1992 1041 2034 levis
1061 1993 1184 2035 hasta
1202 1993 1398 2036 Temillae

169 2130 235 2158 nuit
256 2130 357 2167 poeta,
386 2127 483 2167 magis
502 2129 547 2158 sui
575 2140 664 2168 quam
693 2130 806 2160 heroici
821 2129 879 2158 aevi

168 2168 283 2197 ratione
309 2167 516 2197 habita—548
543 2178 703 2208 parmaque
741 2168 881 2206 infllorius

168 2206 254 2235 alba:
275 2207 373 2236 media
385 2217 445 2235 vox
466 2206 541 2235 satis
556 2207 667 2246 arguit,
681 2209 800 2246 poetam
822 2217 879 2235 non

170 2250 234 2273 λεὺκ
238 2259 320 2274 ααααα
340 2245 390 2274 vel
413 2250 582 2274 λευκασπὶὁα
607 2246 880 2280 vduisseiuuuere,

168 2284 293 2322 fulgenti
306 2284 402 2322 clipeo
418 2284 607 2319 instructum,
623 2289 657 2313 ut
670 2295 718 2324 ap.
740 2285 881 2322 AEsehyl.

169 2322 253 2360 Sept.
269 2323 306 2351 ad
331 2323 388 2352 Th.
401 2324 450 2352 90.
472 2333 526 2352 nec
546 2328 640 2357 ἄσημα
661 2328 738 2352 ὅπλα
761 2324 822 2352 sine
837 2324 880 2352 iu-

172 2360 319 2398 signibus,
344 2361 500 2399 Euripidis
526 2362 678 2390 Phoeniss.
702 2364 788 2396 1119,
812 2372 879 2401 quae

170 2400 384 2429 moderationis
398 2401 440 2429 ibi
456 2400 572 2438 insigne
592 2401 740 2429 habentur
760 2401 788 2429 in
802 2401 876 2430 Am-

171 2437 312 2475 phiara03
334 2449 435 2467 verum
450 2439 609 2473 hominem,
624 2439 688 2478 qui,
704 2440 785 2468 nullo
806 2440 876 2468 dum

171 2475 299 2505 facinore
308 2477 388 2506 claro
400 2477 494 2512 edito,
507 2478 637 2516 clipeum
648 2479 785 2516 gestabat
796 2478 878 2507 nullo

169 2520 344 2552 argumento
368 2516 475 2545 caelato
498 2516 666 2555 insignem:
689 2517 742 2546 sed
764 2517 802 2545 de
822 2517 877 2545 hoc

172 2562 265 2586 more,
288 2557 320 2581 ut
342 2554 429 2592 clipei
452 2555 581 2594 insignia
604 2555 693 2584 rebus
719 2555 812 2594 gestis
830 2565 877 2585 re—

171 2591 365 2658 ffonderent,
377 2593 497 2622 aliunde
512 2594 586 2622 nihil
601 2598 730 2623 constat.
768 2595 877 2633 Itaque

207 2629 309 2658 elenor
323 2640 392 2658 mox
407 2632 525 2661 sortiter
538 2632 567 2660 in
583 2633 687 2662 hostes
700 2633 818 2662 irruens
834 2634 878 2663 vi-

174 2668 263 2697 detur
282 2668 421 2706 inylorius
435 2669 464 2697 h.
480 2670 501 2698 l.
519 2681 597 2706 esse,
611 2675 644 2700 ut
659 2672 710 2716 qui
724 2672 833 2701 leviter
848 2675 879 2701 et

172 2707 349 2745 vulgariter,
363 2711 478 2736 tantum
488 2718 559 2738 ense
574 2716 605 2738 et
617 2709 677 2738 levi
692 2720 804 2749 parma,
819 2721 877 2740 non

176 2748 292 2776 ὁπλίτης
316 2746 449 2780 thorace,
470 2746 554 2776 basta
580 2752 610 2776 et
629 2749 728 2787 clipeo
750 2749 875 2778 instrue-

919 2132 969 2157 tus
984 2128 1084 2163 suerit,
1097 2129 1226 2167 ideoque
1248 2129 1314 2166 ipse
1325 2134 1442 2163 ἄσημος.
1483 2128 1541 2157 Est
1556 2138 1628 2167 ergo

920 2168 1072 2205 inylorius,
1083 2178 1139 2196 non
1154 2168 1348 2206 conspicuus,
1363 2168 1432 2206 (qui
1447 2176 1504 2196 non
1518 2167 1627 2205 gloria—

920 2207 1019 2241 batur,
1035 2207 1089 2236 sed
1114 2207 1182 2235 alba
1207 2209 1334 2241 tantum,
1359 2206 1450 2235 nullis
1463 2205 1628 2244 insignibus

921 2250 1161 2282 oruata,eparn1a
1184 2250 1326 2274 armatus.
1351 2245 1409 2282 R.)
1432 2245 1546 2274 Contra
1570 2245 1628 2274 582

920 2285 1035 2314 Arcens
1047 2285 1142 2313 clarus
1162 2284 1322 2322 chlamyde
1344 2293 1496 2322 purpurea
1515 2284 1624 2312 dictus.

919 2324 1015 2351 —557
1028 2323 1151 2352 Murum
1166 2323 1307 2352 humilem
1325 2323 1418 2352 fuisse
1432 2332 1555 2352 neeesse
1568 2325 1626 2354 est,

920 2362 1016 2400 qualis
1030 2366 1076 2390 est
1090 2362 1272 2390 Homericus
1289 2372 1391 2391 murus
1406 2361 1434 2390 in
1442 2361 1522 2391 vallo
1532 2359 1624 2389 Achi-

916 2410 1032 2429 vorum.
1049 2402 1137 2438 cujus
1152 2402 1256 2439 pinnas
1277 2401 1434 2439 Sarpedon
1448 2409 1534 2428 manu
1551 2407 1621 2426 con-

916 2439 1012 2468 vellit.
1026 2439 1116 2468 Iliad.
1132 2454 1163 2474 μ,
1186 2441 1254 2468 397.
1267 2444 1342 2469 tecla
1354 2449 1408 2477 pro
1418 2437 1494 2467 muri
1508 2446 1624 2465 summa

916 2482 1001 2515 parte
1013 2489 1021 2515 3
1036 2482 1069 2506 ut
1082 2478 1288 2517 568sastiyt'a·,
1303 2479 1371 2507 hinc
1382 2478 1440 2507 562
1444 2475 1624 2515 pendentem,

916 2526 982 2545 uam
995 2517 1195 2554 prehenderat
1216 2527 1302 2546 manu
1317 2515 1472 2554 superiora
1490 2513 1579 2548 muri,
1592 2517 1626 2542 ut

918 2555 996 2584 saltu
1017 2566 1049 2584 se
1069 2556 1098 2584 in
1112 2557 1204 2585 altum
1219 2556 1361 2591 libraret3
1380 2557 1410 2582 et
1422 2563 1525 2591 muymz
1548 2552 1624 2582 muri

917 2604 979 2623 cum
998 2599 1095 2633 parte,
1120 2595 1165 2623 uti
1190 2595 1316 2624 Homer.
1330 2593 1351 2622 l.
1371 2602 1399 2621 c.
1417 2594 1532 2623 ἔπαλξιν
1551 2594 1622 2620 ἐλὼν

917 2636 995 2667 χερσὶ
1007 2636 1171 2670 στιβαρῆσιν
1181 2635 1271 2667 “Ελχ’,
1287 2635 1301 2663 ἡ
1314 2633 1336 2659 δ’
1346 2634 1447 2659 ἕσπετο
1455 2639 1532 2660 πᾶσα
1543 2635 1623 2664 διαμ-

917 2665 1117 2706 σιιε[,ε’ς.---565ι
1127 2673 1163 2701 Μ
1166 2671 1259 2700 artius
1271 2671 1364 2708 lupus,
1377 2669 1470 2698 Marti
1481 2678 1577 2698 sacer.

954 2712 1014 2740 572
1035 2711 1116 2749 Ionqe
1129 2710 1261 2749 fallente.
1276 2719 1292 2737 e
1310 2708 1469 2747 longinquo
1489 2712 1520 2737 et
1544 2707 1622 2736 clam

915 2749 1051 2779 feriente.
1078 2744 1103 2778 e.
1129 2749 1150 2779 f.
1174 2748 1218 2782 X,
1243 2748 1408 2776 75-1.ffl575
1427 2751 1548 2775 stantem
1565 2755 1621 2785 pro
