1796 3077
1301 209 1319 217 -a-

240 243 334 288 648
677 239 721 277 P.
753 237 986 276 VIRGILII
1017 238 1267 277 MARONIS

238 356 363 399 Ferte
382 360 494 401 faces
515 355 953 420 properezfoedusque
973 359 1181 412 reposcite
1202 359 1390 400 flammis.

237 413 433 464 Dixerat,
454 423 579 468 atque
600 414 745 453 animis
764 413 922 465 pariter
943 415 1200 454 certantibus
1222 430 1365 456 omnes

236 467 355 509 Dant
375 485 565 518 cuneum,
588 469 801 521 densaque
822 469 877 508 ad
897 485 1038 510 muros
1059 470 1166 510 mole
1188 471 1394 512 feruntur.

236 524 370 565 Scalae
393 526 632 579 improviso,
655 525 903 577 subitusque
924 527 1121 579 apparuit
1140 527 1262 579 ignis.

236 579 495 621 Discurrunt
517 580 585 621 alii
606 581 659 621 ad
679 587 837 634 portas,
858 582 1099 634 primosque
1124 583 1361 631 trucidant3

235 635 412 676 Ferrum
434 636 501 676 alii
519 643 731 689 torquent,
752 644 795 676 et
815 637 1070 677 obumbrant
1090 636 1251 677 aethera
1271 638 1378 678 telis.

237 690 333 742 Ipse
353 692 461 731 inter
481 693 638 746 primos
659 692 852 732 dextram
873 693 952 732 sub
967 693 1122 732 moenia
1144 694 1278 733 tendit

236 746 414 795 AEneas,
436 762 671 801 magnaque
692 748 854 787 incusat
870 762 972 788 voce
996 748 1193 788 Latinum
1211 766 1220 797 3

233 801 522 856 Testaturque
544 804 660 851 deos,
689 804 838 843 iterum
859 818 902 843 se
925 804 978 843 ad
996 803 1143 857 proelia
1164 806 1280 858 cogi3

235 856 310 897 Bis
326 859 413 911 jam
435 859 563 899 Italos
584 859 727 899 hostes
745 874 754 907 3
785 859 877 899 haec
899 859 1028 899 altera
1050 859 1213 900 foedera
1235 862 1385 916 rumpi.

234 912 440 954 Exoritur
461 915 650 968 trepidos
673 915 781 954 inter
804 915 1013 955 discordia
1035 916 1144 954 cives
1167 931 1175 955 z

235 968 395 1009 Urbem
415 969 481 1009 alii
504 984 691 1010 reserare
707 971 873 1023 jubent,
895 978 938 1010 et
957 971 1143 1023 pandere
1164 977 1308 1023 portas

235 1024 518 1074 Dardanidis3
551 1026 771 1079 ipsumque
793 1025 967 1065 trahunt
986 1026 1027 1064 in
1048 1027 1202 1065 moenia
1219 1041 1375 1078 regem.

233 1079 366 1120 Arma
387 1081 527 1122 ferunt
548 1082 628 1130 alii,
651 1088 693 1121 et
714 1088 896 1134 pergunt
916 1080 1144 1121 defendere
1165 1096 1320 1121 muros.

235 1134 423 1176 Inclusas
445 1145 490 1177 ut
511 1152 639 1190 quum
654 1136 869 1176 latebroso
889 1136 931 1175 in
951 1137 1118 1190 pumice
1140 1144 1284 1189 pastor

234 1190 473 1245 Vestigavit
495 1207 608 1246 apes,
632 1192 833 1245 fumoque
854 1191 1039 1244 implevit
1061 1207 1202 1232 amaro
1225 1209 1235 1240 ;

237 1246 325 1286 Illae
347 1249 457 1287 intus
481 1248 656 1301 trepidae
677 1261 817 1286 rerum
837 1261 914 1300 per
936 1261 1058 1287 cerea
1080 1255 1217 1287 castra

235 1301 505 1351 Discurrunt,
528 1303 774 1355 magnisque
795 1310 952 1342 acuunt
974 1302 1223 1342 stridoribus
1246 1303 1326 1341 iras
1348 1319 1358 1352 ;

236 1357 433 1397 Volvitur
453 1366 544 1398 ater
565 1359 669 1397 odor
690 1359 810 1397 tectis
828 1375 836 1405 ;
869 1365 956 1396 tum
978 1371 1188 1403 murmure
1211 1372 1322 1397 caeco

236 1412 355 1453 Intus
383 1428 487 1453 saxa
509 1420 680 1460 sonant;
713 1427 864 1452 vacuas
886 1413 917 1451 it
938 1412 1077 1451 funins
1094 1413 1147 1452 ad
1169 1428 1306 1453 auras.

291 1469 462 1509 Accidit
482 1469 574 1509 liaec
591 1468 709 1508 fessis
732 1469 854 1508 etiam
878 1467 1045 1507 fortuna
1068 1467 1245 1514 Latinis,

237 1523 348 1569 Qum
370 1532 498 1564 totam
518 1524 636 1564 luctu
658 1525 869 1564 concussit
891 1523 1080 1563 funditus
1101 1525 1264 1564 urbem.

236 1580 404 1634 Regina
424 1588 470 1620 ut
494 1581 614 1620 tectis
634 1581 867 1619 venientem
889 1579 1093 1632 prospicit
1115 1579 1294 1629 hostem,

238 1635 395 1676 Incessi
416 1651 570 1683 muros,
594 1636 712 1688 ignes
735 1636 787 1674 ad
812 1642 923 1675 tecta
942 1634 1082 1674 volare
1102 1651 1112 1683 3

234 1691 459 1744 Nusquam
480 1692 589 1731 acies
612 1698 758 1731 contra
780 1690 974 1738 Rutulas,
996 1690 1109 1730 nulla
1129 1691 1294 1743 agmina
1315 1691 1451 1732 Turni
1469 1707 1478 1731 :

236 1746 388 1787 Infelix
408 1762 562 1800 pugnae
578 1748 776 1800 juvenem
796 1747 837 1786 in
858 1747 1083 1786 certamine
1105 1747 1239 1786 credit

236 1803 531 1851 Exstinctum3
563 1810 619 1850 et,
643 1803 781 1842 subito
803 1809 982 1842 mentem
1005 1803 1175 1841 turbata
1191 1801 1350 1850 dolore,

1605 471 1687 511 570

1604 749 1688 790 580

1605 1027 1630 1065 <51

1634 1028 1688 1066 ἔξ

1604 1303 1687 1342 590

1606 1583 1630 1621 01

1634 1582 1688 1621 Ξ

1604 1860 1688 1901 600

239 1858 294 1899 Se
316 1873 483 1898 causam
504 1857 667 1906 clamat,
689 1858 943 1910 crimenque,
966 1865 1179 1910 caputque
1198 1857 1401 1898 malorum
1421 1872 1431 1898 ε

236 1992 297 2020 ium
314 1993 455 2029 gerentis.
477 1993 513 2021 cs.
529 1996 589 2021 not.
606 1994 642 2022 ad
656 2004 684 2022 v.
699 1994 768 2022 507.
810 1995 855 2022 Dc
866 1995 942 2022 Tur-

237 2039 273 2057 no
295 2031 359 2069 quis
383 2031 499 2058 tandem
515 2031 563 2059 hio
586 2032 815 2070 cogitem—5723
830 2032 941 2068 soedus-

237 2078 290 2105 que
312 2069 450 2106 reposcite
469 2069 609 2105 flammis.
652 2070 773 2104 Nescio,
798 2080 833 2097 nn
855 2070 942 2097 nimis

238 2111 343 2141 argute
363 2107 477 2135 dixerit
502 2109 601 2144 po‘e'ta,
624 2108 648 2135 si
675 2108 822 2135 flammam
845 2117 943 2136 sacro-

237 2153 301 2171 rum
325 2144 431 2172 strderi
462 2145 599 2173 feriundo
626 2146 774 2183 respexit.
836 2145 941 2173 Malim

238 2182 373 2218 accipere
396 2182 593 2220 simpliciter:
615 2184 699 2211 illato
722 2183 789 2211 urbi
812 2183 873 2220 igni
894 2193 941 2212 re-

238 2221 354 2255 poscite
378 2220 420 2255 id,
445 2221 524 2258 quod
546 2221 657 2250 foedere
677 2222 739 2260 jam
766 2222 943 2260 pepigerant

239 2257 349 2285 Latini.

279 2296 337 2323 575
359 2295 425 2332 Ipsi
449 2296 600 2330 certatim,
626 2300 776 2325 certantes
798 2297 874 2325 inter
896 2307 939 2330 se,

238 2332 307 2360 dant
322 2343 447 2366 cuneum,
463 2333 587 2368 faciunt,
603 2339 635 2363 nt
650 2335 739 2362 toties
754 2334 822 2362 (lare
837 2339 939 2362 nostro

238 2371 553 2406 poene—576Scaloe
570 2372 743 2410 improviso:
764 2376 834 2400 nota
847 2373 941 2410 ligura

240 2409 363 2435 verbum
377 2410 536 2445 petendum
558 2420 597 2438 ex
618 2411 710 2438 altero
724 2410 868 2443 memer
890 2420 942 2447 ap-

240 2450 412 2482 paruerunt,
440 2447 577 2484 pronum,
603 2449 732 2476 admotae
754 2449 941 2476 sunu—577

236 2483 347 2519 primos
360 2483 514 2512 trucidant.
554 2486 637 2514 Bene
651 2486 776 2514 Servius
790 2495 795 2512 z
820 2486 870 2523 qui
880 2486 942 2522 pri-

242 2520 280 2548 mi
299 2521 335 2548 ad
357 2525 458 2557 portas
480 2527 563 2550 erant
587 2524 680 2558 obvii,
707 2522 821 2551 scilicet
842 2524 945 2551 statio-

241 2568 306 2586 nem
322 2562 547 2595 agentcs.—-5b2
560 2561 666 2590 Variat
682 2561 862 2589 orationem:
887 2562 946 2589 hcec

231 2596 298 2631 jum
325 2596 426 2629 allen-a,
462 2607 515 2633 pro
538 2599 590 2634 ,bjs
619 2610 653 2627 ru
678 2607 739 2627 tuin
765 2599 875 2633 sindus,
899 2600 946 2627 bis

244 2634 348 2670 Italos,
364 2634 496 2668 Latino&
525 2636 628 2665 hostes
663 2641 765 2666 actos:
789 2638 866 2667 conf.
888 2636 947 2667 212

984 2004 1051 2031 sqq.
1074 1998 1103 2023 et
1125 1995 1204 2028 VII,
1226 1996 1294 2024 263.
1319 1997 1484 2025 285.—585
1501 1997 1621 2024 trahunt
1641 2007 1687 2026 re-

984 2042 1051 2067 gem
1074 2033 1109 2060 ad
1126 2043 1237 2065 muros,
1263 2034 1342 2061 haud
1366 2034 1456 2062 dubie
1479 2035 1624 2063 ‹ledendae
1640 2045 1689 2063 ur-

983 2069 1030 2097 bis
1060 2074 1091 2098 et
1120 2071 1280 2098 renovandi
1303 2072 1427 2100 foederis
1448 2081 1550 2101 causa.
1603 2073 1687 2101 Nihil

983 2108 1129 2145 apertius.

1020 2147 1076 2173 587
1099 2155 1164 2182 sqq.
1186 2145 1401 2183 Accipiendum
1423 2147 1461 2175 de
1482 2147 1689 2186 fumigatione,

982 2193 1051 2220 qua,
1064 2187 1097 2211 ut
1112 2183 1198 2210 favos
1212 2184 1325 2212 eximat
1342 2184 1504 2218 mellarius,
1528 2187 1687 2223 expellun-

982 2225 1031 2249 tur
1046 2221 1216 2249 alvearibus
1231 2231 1318 2258 apum
1330 2223 1487 2251 examina:
1509 2223 1546 2251 cf.
1557 2225 1613 2252 Ge.
1628 2224 1688 2259 IV,

979 2259 1240 2296 219.—vesliyavit
1252 2264 1298 2288 est
1311 2269 1366 2296 pro
1378 2260 1500 2294 invenit,
1515 2265 1545 2289 et
1555 2264 1688 2295 ἀορίστως-

980 2297 1198 2334 accipiendum,
1220 2297 1249 2324 in
1270 2298 1397 2330 latebra,
1420 2303 1518 2332 antro,
1539 2309 1588 2327 eas
1603 2300 1687 2328 dete-

981 2335 1035 2372 git.
1050 2335 1168 2372 trepidoe
1180 2345 1288 2366 rerum.
1311 2336 1436 2364 sollenni
1458 2337 1556 2372 (conf.
1573 2338 1600 2370 I,
1613 2338 1686 2374 178)

981 2376 1096 2405 ornatu,
1126 2382 1180 2410 pro
1203 2373 1321 2411 trepidae
1340 2374 1537 2411 simpliciter:
1560 2375 1686 2411 trepidae

982 2411 1021 2438 de
1043 2411 1144 2444 rebus,
1166 2417 1288 2448 propter
1303 2421 1362 2445 res,
1384 2416 1510 2448 propter
1524 2422 1623 2440 casum
1639 2422 1686 2440 re-

981 2449 1154 2486 pentinum:
1176 2449 1203 2475 in
1226 2449 1354 2486 trepidis
1388 2449 1479 2477 rebus
1499 2451 1686 2484 constitutae,

982 2489 1183 2520 ἀμηχανοῖἳσω.

1023 2525 1080 2551 593
1094 2526 1202 2561 fissus,
1216 2524 1312 2557 malis,
1328 2528 1358 2552 et
1369 2525 1429 2561 jam
1443 2524 1545 2552 animis
1561 2525 1686 2555 fractos.

984 2563 1082 2589 -600
1112 2567 1207 2598 capnt,
1238 2567 1399 2593 auctorem,
1425 2566 1457 2589 nt
1481 2563 1541 2595 ΧΙ,
1566 2564 1621 2591 361
1649 2564 1685 2592 de

985 2601 1084 2628 Turno
1102 2610 1108 2627 ;
1130 2611 1145 2627 (ι
1161 2600 1248 2628 Latio
1269 2604 1352 2638 caput
1362 2601 1462 2627 horum
1481 2605 1507 2627 e!
1523 2610 1608 2628 causa
1623 2611 1684 2629 ma-

986 2637 1086 2667 lorum.
1108 2642 1137 2666 et
1162 2638 1281 2672 crimen,
1304 2647 1400 2672 reum,
1423 2637 1472 2674 qui
1488 2639 1606 2676 culpam
1621 2648 1684 2666 me-

1222 2680 1234 2708 l
