1796 3077
583 251 850 292 AENEIDOS.
907 253 1009 292 LIB.
1043 253 1112 292 VI.

1485 261 1579 306 419

192 371 306 415 Ecce
326 374 583 428 gubernator
603 390 693 418 sese
714 375 938 417 Palinurus
958 376 1137 430 agebat:

132 429 219 475 Qui
242 430 402 485 Libyco
423 446 558 485 nuper
577 447 716 482 cursu,
739 433 840 474 dum
861 432 999 473 sidera
1019 440 1170 482 servat,

130 486 364 528 Exciderat
383 489 518 542 puppi
539 489 686 530 mediis
707 490 868 531 effusus
884 489 924 529 in
944 489 1080 530 undis.

130 542 259 584 Hunc
279 545 353 585 ubi
373 545 441 585 vix
460 544 590 586 multa
609 554 799 587 maestum
819 545 1013 600 cognovit
1034 546 1075 586 in
1095 546 1244 587 umbra
1493 545 1576 586 340

130 598 200 640 Sic
220 601 336 655 prior
352 600 600 656 alloquitur:
623 602 731 649 Quis
753 611 808 652 te,
831 601 1041 651 Palinure,
1063 603 1239 643 deorum

127 654 299 710 Eripuit
317 658 450 707 nobis,
470 659 691 713 medioque
709 660 787 700 sub
807 673 976 714 aequore
997 659 1140 699 mersit
1156 659 1171 700 2

126 710 211 752 Dic
230 728 322 767 age.

382 715 579 769 Namque
599 716 714 765 mihi,
735 715 862 757 fallax
882 715 999 757 haud
1020 722 1117 756 ante
1137 722 1344 771 repertus,

126 767 225 810 Hoc
246 784 331 811 uno
351 785 553 826 responso
575 773 755 813 animum
775 771 928 813 delusit
948 771 1120 826 Apollo,

126 825 215 870 Qui
235 826 326 867 fore
347 835 389 868 te
410 836 541 882 ponto
562 828 823 878 incolumem,
844 828 1034 882 finesque
1056 828 1234 869 canebat

1488 829 1574 871 345

126 880 365 924 Venturum
386 883 614 925 Ausonios.
648 885 718 926 En
736 885 830 926 haec
850 885 1055 939 promissa
1075 884 1182 926 fides
1203 888 1298 927 est?

122 937 197 979 Ille
218 946 381 981 autem:
414 941 570 995 Neque
590 948 632 982 te
654 941 809 983 Phoebi
828 941 989 982 cortina
1009 941 1170 991 fefellit,

122 994 228 1036 Dux
250 995 523 1047 Anchisiada,
544 1012 622 1039 nec
642 1013 708 1039 me
729 999 834 1039 deus
855 1013 1025 1052 aequore
1044 1000 1199 1039 mersit.

122 1051 319 1106 Namque
340 1054 656 1108 gubernaclum,
677 1055 808 1096 multa
828 1055 867 1096 vi
888 1054 997 1096 forte
1018 1054 1241 1104 revulsum,

121 1108 202 1148 Cui
222 1110 346 1150 datus
367 1110 580 1152 haerebam
600 1118 755 1160 custos,
776 1126 1008 1165 cursusque
1028 1112 1239 1165 regebam,

1486 1113 1572 1154 350

120 1163 395 1219 Praecipitans
416 1168 525 1208 traxi
544 1182 720 1208 mecum.
754 1167 894 1208 Maria
914 1182 1064 1221 aspera
1077 1169 1193 1222 Juro,

120 1221 223 1262 Non
243 1222 372 1263 ullum
393 1238 470 1278 pro
490 1238 555 1264 me
577 1230 739 1265 tantum
759 1225 920 1279 cepisse
942 1225 1145 1274 timorem,

119 1279 261 1325 Quam
282 1286 354 1320 tua
374 1295 439 1329 ne,
461 1280 639 1335 spoliata
660 1282 798 1330 armis,
821 1296 998 1323 excussa
1018 1283 1231 1337 magistro,

119 1335 338 1377 Deficeret
358 1337 484 1378 tantis
504 1338 620 1378 navis
641 1339 910 1392 surgentibus
931 1338 1067 1380 undis.

116 1392 228 1433 Tres
247 1399 371 1434 notus
391 1393 590 1434 hibernas
610 1394 809 1435 immensa
827 1409 905 1449 per
925 1408 1095 1449 aequora
1108 1402 1254 1436 noctes
1485 1396 1511 1437 3

1515 1396 1539 1436 01

1543 1397 1568 1436 0!

117 1448 251 1490 Vexit
269 1464 335 1490 me
355 1449 562 1491 violentus
583 1465 715 1504 aqua3
747 1451 817 1491 vix
835 1451 990 1491 lumine
1010 1458 1162 1505 quarto

116 1505 327 1560 Prospexi
347 1505 507 1547 Italiam
529 1522 690 1548 summa
708 1507 895 1548 sublimis
916 1508 970 1548 ab
991 1507 1119 1548 unda.

116 1562 340 1603 Paullatim
361 1563 569 1604 adnabam
589 1570 735 1604 terrae:
761 1564 849 1618 jam
870 1571 961 1604 tuta
982 1565 1201 1612 tenebam3

115 1618 176 1659 Ni
196 1634 298 1673 gens
320 1619 500 1660 crudelis
521 1620 689 1661 madida
709 1634 803 1661 cum
823 1627 938 1661 veste
958 1627 1191 1674 gravatum,

114 1675 474 1730 Prensantemque
495 1677 612 1717 uncis
633 1677 824 1717 manibus
845 1677 984 1730 capita
1004 1691 1155 1731 aspera
1174 1676 1324 1716 montis

1480 1677 1566 1717 360

113 1731 247 1774 Ferro
268 1733 495 1782 invasisset,
517 1733 789 1787 praedamque
809 1733 954 1787 ignara
975 1739 1179 1787 putasset.

114 1789 244 1830 Nunc
263 1804 328 1830 me
349 1790 502 1831 fluctus
523 1790 666 1839 habet,
687 1797 940 1843 versantque
962 1790 1005 1829 in
1026 1789 1147 1830 litore
1170 1790 1295 1830 venti.

116 1846 247 1892 Quod
269 1853 310 1887 te
330 1862 408 1901 per
428 1846 522 1888 coeli
535 1847 769 1901 jucundum
789 1845 929 1886 lumen
950 1853 991 1886 et
1014 1861 1150 1894 auras,

118 1902 202 1944 Per
220 1904 454 1957 genitorem
475 1918 561 1953 oro,
582 1918 659 1958 per
679 1917 774 1958 spes
795 1902 1004 1958 surgentis
1025 1901 1130 1944 Iuli:

117 2053 173 2087 IV,
188 2054 246 2082 620
265 2054 410 2094 mediaque
434 2055 597 2084 inhumanus
621 2056 818 2085 areum—333

115 2093 174 2121 336
189 2093 235 2121 De
249 2093 294 2121 his
308 2104 337 2122 v.
352 2104 418 2132 sup.
433 2094 461 2129 1,
476 2096 532 2123 113
547 2105 613 2138 sqq.

152 2131 209 2159 337
228 2142 293 2169 sqq.
320 2132 480 2161 Palinurus
503 2133 659 2162 manifeste
688 2143 725 2162 ex
752 2132 817 2161 Ho-

116 2169 228 2197 merico
256 2170 406 2207 Elpenore
431 2172 626 2200 adumbratus
652 2172 766 2209 Odyss.
789 2177 819 2204 λ,

112 2209 151 2235 51
167 2217 233 2245 sqq.
251 2207 358 2245 Libyco
372 2219 467 2244 cursu,
489 2210 675 2248 navigatione
693 2211 731 2238 de
744 2210 817 2239 Car-

116 2246 245 2283 thagine,
267 2251 335 2283 post
348 2247 514 2276 discessum
535 2252 632 2277 tamen
655 2259 671 2277 e
696 2248 818 2282 Sicilia3

115 2284 194 2313 haud
213 2285 297 2322 longe
312 2294 329 2313 a
353 2285 518 2315 Sirenussis
534 2286 650 2316 insulis.
665 2297 695 2315 v.
711 2297 778 2324 sup.
790 2287 816 2313 V

115 2323 172 2352 sub
189 2323 307 2351 f.-340
320 2322 349 2351 in
368 2324 479 2358 umbra,
502 2327 581 2363 quod
600 2336 629 2354 v.
650 2326 709 2354 452
730 2335 819 2362 ayne-

114 2361 211 2401 vitque
223 2371 277 2399 per
289 2361 512 2392 umbras.—344
535 2367 676 2393 Ἀπόλλων
698 2366 820 2398 ἀψευδὴς

114 2404 147 2428 ’τὸ
173 2403 235 2434 πρὶν
271 2410 309 2428 ex
344 2400 487 2438 [Eschylo
520 2401 749 2431 laudant.—346
781 2403 820 2431 cf.

114 2439 207 2468 Iliad.
237 2452 269 2473 μ,
303 2439 368 2467 164.
399 2439 542 2479 promis-sa
567 2441 651 2477 fides,
685 2445 821 2470 eventus.

120 2477 206 2506 Fides
220 2478 300 2516 apud
315 2478 419 2515 po'e'tas
436 2478 473 2506 de
487 2482 568 2506 certo
587 2483 697 2507 eventu
715 2489 822 2507 oracu-

116 2516 224 2550 lorum,
239 2516 347 2553 quibus
362 2516 435 2544 deus
451 2517 537 2545 fidem
547 2526 629 2545 suam
639 2518 819 2553 obstrinxit,

116 2564 183 2591 quae
200 2555 336 2592 praestita
349 2554 377 2582 in
391 2554 546 2583 veritatem
558 2559 587 2583 et
600 2559 738 2584 eventum
754 2566 819 2584 cer-

116 2596 180 2620 tum
206 2593 376 2622 abin—348
399 2593 466 2621 deus
492 2603 516 2622 s.
544 2593 622 2621 idem
645 2594 766 2631 Apollo,
795 2604 820 2622 s.

116 2630 234 2659 omnino
247 2641 367 2667 numen,
385 2632 459 2660 deus
474 2631 594 2669 aliquis,
610 2642 651 2660 me
667 2642 723 2660 non
742 2642 817 2660 mer-

114 2669 164 2703 sit,
178 2670 349 2705 submersit,
372 2671 442 2709 quin
469 2671 506 2699 ad
526 2670 623 2699 Italiae
645 2670 730 2699 littus
751 2681 818 2699 ena-

116 2712 220 2742 tarem,
235 2711 268 2736 ut
281 2718 309 2737 v.
323 2710 380 2737 356
392 2709 486 2737 addit.
528 2710 573 2738 De
590 2708 713 2746 reliquis
726 2709 766 2737 cs.
780 2709 818 2743 V,

114 2747 172 2775 557
188 2747 331 2784 sq.-349
342 2748 553 2787 cogitandum,
577 2747 750 2777 Palinurum
768 2757 820 2785 gu—

857 2053 1017 2082 bernaculo
1045 2062 1145 2081 secum
1173 2052 1280 2080 avulso
1306 2051 1482 2079 insidentem
1515 2061 1566 2079 nn-

858 2092 1047 2121 tasse.—352
1058 2101 1112 2129 pro
1127 2100 1180 2124 me,
1191 2090 1229 2118 de
1240 2091 1393 2118 me.—-353
1406 2089 1496 2117 armis
1508 2099 1563 2126 pro

857 2130 1056 2169 gubernaculo
1081 2130 1108 2157 h.
1123 2129 1155 2161 l.,
1179 2139 1297 2156 excussa
1308 2128 1444 2164 nzaqistro
1459 2128 1565 2165 exqui-

858 2170 945 2198 sitior
959 2169 1034 2197 ratio
1050 2178 1104 2205 pro
1119 2167 1236 2204 vulgari
1251 2177 1257 2194 :
1284 2166 1422 2203 mrrqistro
1435 2175 1563 2200 excusso,

861 2208 1006 2236 translato
1021 2207 1114 2235 verbo
1129 2206 1165 2234 ad
1175 2206 1284 2237 locum,
1297 2207 1372 2232 unde
1380 2204 1472 2232 motio
1481 2204 1564 2233 fit.—

857 2248 914 2275 355
936 2246 1123 2283 Comparant
1140 2243 1240 2271 locum
1266 2243 1304 2271 de
1324 2243 1435 2280 Ulysse
1456 2242 1514 2270 Od.
1538 2255 1564 2275 ε,

857 2286 914 2313 388
938 2282 1003 2322 sqq.
1027 2293 1138 2311 summa
1160 2281 1288 2310 sublimis
1315 2281 1350 2309 ab
1378 2280 1464 2312 unda,
1488 2280 1563 2309 ibid.

858 2324 915 2352 393
936 2326 1061 2357 μεγάλου
1084 2325 1135 2349 ὑπὸ
1152 2325 1267 2353 κύματος
1291 2322 1391 2353 ἀρθείς.
1410 2320 1468 2347 359
1495 2329 1562 2357 sqq·

858 2362 1019 2391 Palinurus
1035 2361 1104 2388 navi
1119 2368 1267 2388 excussus
1282 2359 1318 2386 ad
1338 2358 1408 2386 litus
1423 2358 1561 2386 Lucaniae

857 2404 1046 2434 enatat-eran
1068 2398 1123 2426 sed
1151 2407 1167 2425 a
1192 2396 1327 2425 barbaris
1349 2396 1468 2424 occisus
1490 2405 1560 2433 pro-

857 2439 1004 2468 montorio
1028 2446 1131 2465 nomen
1170 2435 1342 2464 Palinurum
1377 2435 1470 2463 dedit.
1498 2445 1561 2463 cum

856 2483 950 2506 veste.-
981 2480 1032 2504 aut
1058 2479 1091 2503 ut
1121 2484 1155 2502 ea
1180 2477 1209 2501 et
1236 2473 1304 2511 ipsa
1330 2473 1418 2501 undis
1448 2473 1563 2501 haustis

858 2520 1040 2553 gravaretur,
1059 2517 1111 2541 aut
1125 2515 1158 2540 ut
1172 2521 1235 2540 cum
1250 2511 1390 2546 abundet,
1410 2515 1444 2540 ut
1469 2511 1561 2540 inter—

857 2556 928 2583 dum
944 2554 972 2582 in
988 2552 1086 2590 poetis
1100 2551 1227 2579 solet.-

895 2594 952 2621 363
966 2592 1013 2620 Ab
1027 2589 1191 2619 Homerico
1207 2588 1318 2626 Ulysse
1332 2587 1444 2625 Odyss.
1458 2600 1481 2621 e,
1491 2588 1560 2615 428.

856 2632 923 2659 434.
964 2629 1054 2665 Quod
1069 2628 1116 2656 hic
1129 2627 1240 2656 Lucani
1256 2626 1378 2659 faciunt,
1398 2626 1477 2654 idem
1492 2626 1560 2652 Lav-

859 2668 1050 2707 strvgonibus
1074 2667 1156 2695 circa
1177 2665 1312 2694 Formias
1332 2665 1477 2693 tribuerat
1494 2663 1559 2690 Ho-

857 2701 954 2736 merus
970 2706 1083 2743 Odyss.
1098 2717 1123 2738 κ,
1140 2705 1235 2733 llS.-
1246 2704 1303 2733 362
1317 2714 1357 2731 me
1370 2711 1478 2739 corpus
1492 2710 1559 2728 esse

862 2746 947 2775 facfle
962 2745 1059 2774 vides.
1099 2743 1298 2773 Notissimum
1315 2744 1408 2771 αὐτοὺς
1421 2742 1449 2769 ὁὸ
1461 2742 1562 2773 ἑλώρια
