1796 3077
152 231 246 279 364

576 229 618 266 P.
652 227 884 266 VIRGlLlI
916 227 1183 268 MARONIS.

210 349 324 392 Tum
344 349 373 391 J
377 365 459 391 uno
480 351 756 404 omnipotens,
787 347 957 402 longum
977 348 1173 389 miserata
1193 349 1382 393 dolorem

155 406 448 462 Difficilesque
468 407 621 456 obitus,
653 404 753 446 Irim
774 404 940 446 demisit
960 404 1160 460 Olympo,

153 463 266 512 Quae
284 463 510 505 luctantem
530 463 709 504 animam
727 476 944 516 nexosque
966 461 1195 504 resolveret
1215 472 1344 506 artus.

155 520 285 570 Nam,
307 521 405 574 quia
425 534 503 562 nec
522 519 625 569 fato,
652 519 803 561 me1ita
821 533 899 560 nec
919 533 1010 560 mm
1013 527 1053 561 te
1074 520 1255 573 peribat,

155 578 243 619 Sed
263 578 413 619 misera
433 584 529 618 ante
551 577 676 626 diem,
708 576 933 630 subitoque
955 590 1131 617 accensa
1149 577 1307 627 furore,

155 634 362 675 Nondum
383 633 441 675 illi
462 634 616 675 flavum
638 633 895 688 Proserpina
915 634 1071 674 vertice
1092 634 1248 675 crinem

155 690 418 741 Abstulerat,
451 691 685 746 Stygioque
707 697 835 745 caput
856 690 1127 731 damnaverat
1149 690 1279 732 Orco.

155 749 276 802 Ergo
298 748 376 788 Iris
397 749 555 790 croceis
575 762 653 802 per
674 747 827 789 coelum
847 746 1014 788 roscida
1034 747 1197 801 pennis,

154 804 275 846 Mille
297 804 469 846 trahens
490 806 626 846 varios
647 805 826 846 adverso
846 803 934 844 sole
956 803 1129 853 colores,

156 861 355 911 Devolat,
386 869 429 903 et
450 876 578 916 supra
598 869 726 916 caput
747 861 932 902 adstitit:

157 918 335 960 Sacrum
350 920 470 974 jussa
491 920 596 968 fero,
629 926 755 973 teque
774 919 855 959 isto
876 931 1053 971 corpore
1074 917 1202 959 solvo.

157 976 228 1018 Sic
249 977 321 1025 ait,
353 984 395 1018 et
415 976 567 1017 dextra
588 977 743 1017 crinem
765 982 892 1016 secat.

155 1033 361 1089 Dilapsus
382 1032 508 1082 calor,
540 1041 666 1088 atque
687 1033 729 1074 in
750 1039 897 1074 ventos
918 1031 1001 1073 vita
1021 1032 1205 1074 recessit.

159 1169 303 1199 abscissis
325 1174 354 1198 et
369 1169 397 1198 in
413 1170 509 1208 ignem
524 1169 642 1208 injectis
656 1170 712 1207 (cf.
728 1179 758 1197 v.
777 1179 803 1196 c.
816 1168 869 1196 inf.

159 1209 218 1243 VI,
231 1209 309 1244 2453
329 1213 377 1237 est
394 1209 425 1237 id
447 1218 604 1251 propi-ie·-
591 1208 807 1244 κατάρχεσϋα);
832 1207 869 1235 ab

159 1230 218 1276 hoe'
236 1252 386 1276 momento
408 1246 530 1275 victima
554 1248 611 1275 deo
629 1247 711 1275 dicta
735 1250 765 1274 et
786 1255 870 1274 sacra

159 1290 236 1316 erat.
276 1286 384 1324 Itaque
412 1290 441 1314 et
472 1286 498 1314 is
545 1285 595 1324 qui
621 1286 757 1315 moritur.
789 1285 869 1312 crine

160 1323 311 1359 abscisso,
342 1325 401 1353 diis
422 1308 538 1357 inferis,
559 1329 709 1362 tamquam
738 1323 870 1356 victima,

160 1367 368 1396 consecratur,
401 1363 531 1400 Joxique
566 1363 660 1391 iniero
694 1372 777 1390 sacer
813 1365 869 1391 est

163 1402 291 1431 Ornavit
314 1401 406 1440 igitur
425 1403 516 1439 poeta
537 1401 610 1440 xulg
598 1411 661 1429 rare
683 1401 775 1430 illud:
800 1399 871 1438 quia

161 1441 251 1470 morti
275 1440 355 1468 haud
376 1445 491 1469 matura
516 1444 590 1473 erat,
623 1450 648 1468 a
655 1450 703 1474 re
733 1439 829 1467 anima
855 1448 871 1467 a

160 1488 287 1523 corpore
314 1479 454 1507 secessit.
495 1479 557 1507 Res
579 1479 679 1516 itaque
698 1479 872 1506 interventu

161 1518 292 1547 numinis
320 1518 437 1555 egebat.
488 1517 659 1545 hnitatione
692 1517 791 1546 locum
819 1526 872 1545 ex-

160 1556 274 1596 pressit
287 1556 402 1584 Statius
415 1556 509 1586 Theb.
527 1557 550 1583 V
556 1556 662 1589 111,9.

199 1596 354 1624 693—695
369 1595 505 1628 dolorem,
515 1598 596 1629 ἀηωνι
589 1598 642 1622 ίαν.
644 1598 765 1623 —artus
774 1604 843 1622 nexo

161 1633 298 1673 eorporis
313 1644 380 1662 cum
395 1633 491 1662 anima
505 1643 625 1667 nexum,
648 1643 664 1661 a
666 1633 823 1677 'paiaestra
846 1637 874 1661 et

162 1674 245 1703 lucta
266 1673 404 1716 petitum.
447 1673 565 1710 Corpus
587 1671 674 1709 quasi
697 1671 830 1709 implicat
845 1676 875 1699 et

164 1711 401 1749 circumstringit
414 1711 553 1746 animam,
574 1720 610 1739 ne
632 1710 709 1739 elabi
732 1710 784 1738 illa
803 1719 874 1748 pos-

165 1752 205 1781 sit
209 1751 412 1780 .—-69s›—699
431 1750 492 1778 vid.
507 1750 542 1778 ad
570 1760 598 1777 v
612 1750 681 1778 693.
695 1749 799 1777 merila
826 1759 875 1777 nec

164 1794 266 1826 morte,
283 1788 362 1818 nullo
390 1789 509 1818 immani
538 1788 662 1818 crimine
694 1787 873 1817 commisso:

1525 463 1611 506 695

1531 747 1614 788 700

966 859 1095 902 Hunc
1117 875 1196 916 ego
1220 860 1312 902 Diti

953 974 1102 1015 Omnis
1123 982 1166 1015 et
1186 989 1271 1015 una

1534 1030 1617 1071 705

909 1177 980 1206 opp.
1008 1167 1101 1196 subito
1130 1167 1452 1205 acceusafilrore511ti
1481 1177 1537 1195 non
1549 1168 1618 1204 Jato

909 1211 940 1234 et
954 1210 1019 1234 ante
1033 1207 1116 1240 diem,
1130 1210 1233 1241 ’πέρμο
1219 1220 1269 1240 opu
1285 1206 1322 1234 ll.
1337 1210 1367 1241 β,
1384 1207 1450 1234 155.
1490 1205 1619 1234 Accemli

909 1249 1008 1273 autem
1024 1228 1164 1279 diciiriur,
1186 1255 1243 1273 non
1258 1244 1368 1273 modo
1361 1254 1414 1272 ira.
1438 1244 1491 1272 sed
1511 1248 1541 1272 et
1564 1244 1618 1272 do-

908 1284 985 1319 lor‚e
1005 1287 1035 1312 et
1058 1293 1134 1312 nunc
1147 1285 1264 1321 furore,
1293 1293 1332 1311 ex
1360 1282 1563 1319 indignatione
1588 1287 1620 1311 et

909 1322 952 1350 ira
972 1326 1048 1351 orto.
1052 1328 1175 1361 —caput
1197 1323 1382 1351 damnaverat
1416 1320 1505 1354 Orco,
1536 1321 1566 1350 h.
1592 1331 1618 1350 e.

910 1361 1002 1389 vitam
1017 1362 1092 1399 ejuS,
1121 1361 1169 1389 vel
1198 1362 1306 1399 ipsam,
1328 1360 1418 1388 morti
1443 1343 1621 1388 desfoverat.

909 1400 949 1428 ci
974 1400 1010 1428 ad
1036 1409 1066 1427 V.
1089 1400 1156 1428 693.
1159 1399 1352 1428 -700--703
1378 1406 1422 1426 Στν
1398 1402 1428 1430 τῆ
1451 1401 1473 1425 ὂ
1499 1402 1534 1435 ἅμ
1554 1402 1619 1432 ὑπερ

911 1442 1043 1474 κεφαλῆς,
1061 1437 1100 1466 Il.
1113 1443 1143 1474 β,
1160 1439 1199 1467 20
1214 1438 1251 1467 de
1266 1447 1379 1466 somno.
1398 1436 1491 1474 (adde
1507 1437 1622 1474 Odyss.

912 1481 936 1510 ζ,
956 1478 1011 1512 21)
1025 1487 1127 1505 omnes
1138 1477 1269 1506 laudant.
1311 1476 1372 1505 Sed
1386 1476 1457 1504 talia
1472 1475 1621 1505 delectant

911 1516 1049 1550 tortasse,
1083 1521 1113 1544 at
1152 1516 1221 1544 nihil
1248 1515 1409 1544 illustrant.
1451 1514 1511 1543 Iris
1539 1514 1621 1543 crine

911 1555 1041 1583 rescisso
1069 1555 1216 1583 Didonem
1243 1554 1302 1583 diis
1324 1553 1426 1582 inferis
1452 1557 1622 1587 consecrat,

912 1603 970 1632 quo
986 1594 1052 1631 ipso
1073 1593 1154 1622 calor
1179 1593 1278 1622 vitalis
1296 1602 1422 1630 corpore
1443 1591 1621 1620 solvitur.—

914 1633 983 1661 704.
1005 1633 1063 1660 705
1078 1636 1261 1675 comparant
1287 1632 1341 1659 Ge.
1371 1631 1621 1664 153223—225.

917 1670 969 1698 ubi
984 1670 1021 1699 de
1039 1670 1135 1699 anima
1147 1670 1247 1699 mundi
1262 1670 1370 1707 agitur,
1391 1680 1407 1698 e
1422 1679 1480 1707 qua
1493 1669 1556 1697 vita
1570 1679 1621 1706 pe

914 1709 1003 1745 titur3
1028 1709 1102 1737 ath.
1118 1709 1138 1737 l.
1152 1708 1287 1747 exspirat
1304 1708 1384 1736 Dido
1400 1708 1537 1741 animam,
1553 1717 1621 1745 quae

914 1748 943 1776 in
959 1749 1057 1776 a'erem
1074 1748 1145 1776 abit.
1186 1748 1286 1785 Atque
1301 1747 1343 1775 ita
1357 1747 1493 1783 quiescat
1508 1746 1535 1775 in
1547 1755 1623 1784 pace

915 1787 1043 1816 infausto
1057 1797 1156 1816 amore
1169 1786 1295 1816 liberata
1312 1785 1406 1815 Dido!
