1796 3077
543 182 879 221 GEORGICON.
934 183 1033 222 LIB.
1089 185 1142 221 11.

1484 195 1569 239 117

135 306 195 347 Et
214 305 368 361 tophus
388 305 547 355 scaber,
568 313 610 346 et
631 304 758 360 nigris
778 319 906 347 exesa
922 304 1130 359 chelydris

132 363 272 412 Creta,
301 370 455 416 negant
475 361 576 403 alios
596 377 715 416 ecque
736 362 998 416 serpentibus
1020 377 1143 416 agros

1493 367 1574 406 215

133 419 313 460 Dulcem
332 419 441 460 ferre
462 420 614 466 cibum,
643 427 686 460 et
703 433 850 460 curvas
870 420 1061 473 praebere
1080 418 1277 461 latebras.

131 476 242 522 Quae
261 484 429 517 tenuem
448 475 618 516 exhalat
636 475 831 517 nebulam
851 476 1070 529 fumosque
1091 475 1294 526 volucres,

130 531 191 573 Et
208 533 315 573 bibit
334 532 564 582 humorem,
595 540 650 582 et,
680 547 809 586 quum
828 531 928 581 vult,
959 547 1013 573 ex
1035 547 1078 573 se
1099 533 1189 587 ipsa
1207 535 1390 585 remittit,

129 588 324 643 Quaeque
345 604 420 630 suo
441 589 562 630 viridi
582 604 747 643 semper
766 603 810 630 se
830 588 1015 643 gramine
1036 590 1173 641 vestit,

127 645 224 687 Nec
245 645 384 687 scabie
404 653 447 687 et
466 645 572 687 salsa
590 645 707 687 laedit
725 646 918 701 rubigine
940 644 1109 695 ferrum,
1503 650 1575 690 ‘20

127 701 205 745 Illa
221 703 299 743 tibi
314 702 420 743 laetis
438 703 599 744 intexet
617 703 770 744 vitibus
786 702 918 743 ulmos
933 719 943 752 ;

125 757 204 800 Illa
223 759 343 800 ferax
364 758 455 800 oleo
476 767 563 809 est;
594 758 706 800 illam
724 759 944 812 experiere
964 758 1140 801 colendo

127 814 188 858 Et
206 815 368 857 facilem
384 815 527 870 pecori
548 822 590 856 et
608 815 837 869 patientem
855 816 1032 855 vomeris
1052 815 1170 856 unci:

125 870 276 913 Talem
292 871 407 913 dives
427 879 518 912 arat
538 871 701 925 Capua,
731 878 774 912 et
792 871 927 912 vicina
943 869 1112 913 Vesevo

127 927 218 969 Ora
231 929 351 983 jugo,
381 935 424 970 et
442 928 583 969 vacuis
602 927 771 969 Clanius
791 942 875 968 non
893 941 1039 981 aequus
1059 926 1245 970 Acerris.

1488 930 1571 970 225

180 985 323 1034 Nunc,
354 999 438 1039 quo
459 999 668 1038 quamque
689 985 816 1026 modo
835 985 970 1038 possis
991 999 1260 1039 cognoscere,
1291 985 1440 1027 dicam.

125 1040 242 1082 Rara
263 1042 316 1082 sit
335 1056 388 1081 an
408 1056 536 1095 supra
554 1056 711 1083 morem
732 1042 766 1082 si
786 1041 917 1082 densa
937 1043 1150 1095 requiras3

125 1097 275 1139 Altera
294 1098 512 1139 frumentis
533 1099 730 1151 quoniam
750 1097 874 1147 favet,
905 1096 1036 1138 altera
1057 1096 1245 1145 Baccho,

125 1154 273 1196 Densa
289 1155 421 1209 magis
443 1154 602 1204 Cereri,
631 1155 841 1195 rarissima
860 1168 1040 1208 quaeque
1063 1154 1220 1208 Lyaeo3

123 1209 239 1253 Ante
252 1210 392 1252 locum
412 1211 552 1266 capies
573 1210 719 1261 oculis,
749 1210 917 1265 alteque
932 1211 1104 1265 jubebis

1479 1211 1564 1251 230

121 1267 172 1308 In
192 1267 325 1309 solido
345 1274 520 1322 puteum
540 1268 715 1316 demitti,
746 1282 994 1322 omnemque
1014 1281 1194 1322 repones

121 1323 288 1366 Rursus
307 1324 493 1374 humum,
524 1331 567 1366 et
585 1325 766 1379 pedibus
787 1339 968 1365 summas
989 1325 1176 1379 aequabis
1196 1337 1367 1365 arenas:

120 1381 168 1422 Si
187 1381 378 1431 deerunt,
408 1395 549 1422 rarum
569 1381 797 1447 pecorique
813 1388 857 1423 et
877 1381 1029 1422 vitibus
1049 1380 1164 1422 almis

118 1436 276 1492 Aptius
295 1439 401 1479 uber
416 1438 519 1487 erit3
552 1453 615 1478 sm
634 1453 678 1479 1n
697 1453 772 1479 sua
787 1452 912 1492 posse
932 1438 1150 1492 negabunt

119 1494 187 1535 Ire
207 1494 312 1545 loca,
342 1502 385 1536 et
405 1495 623 1536 scrobibus
644 1495 862 1549 superabit
882 1501 993 1535 terra
1013 1493 1197 1547 repletis,

118 1608 206 1638 solet.
246 1609 308 1638 Ros
323 1610 462 1644 marinus,
484 1609 596 1643 frutex,
618 1619 635 1638 a
653 1608 761 1638 Servio
780 1608 822 1637 in-

116 1647 270 1685 telligitur,
297 1658 387 1686 quem
407 1648 457 1676 alii
475 1652 656 1691 sequuntur3
682 1648 735 1677 sed
752 1656 824 1675 non-

116 1686 187 1714 dum
201 1686 299 1714 locum
312 1686 385 1720 vidi,
406 1686 436 1715 in
449 1696 507 1724 quo
521 1686 570 1715 ille
587 1686 760 1725 simpliciter
775 1695 825 1714 ros

118 1724 386 1762 appellatur.—De
414 1724 515 1759 Casia,
542 1725 634 1754 herba
662 1724 823 1758 coronaria,

114 1762 284 1829 ghyinelaeae
315 1762 404 1798 affini,
433 1763 495 1792 vid.
526 1773 593 1802 sup.
621 1764 658 1793 ad
683 1763 749 1792 Ecl.
776 1762 825 1792 ΙΙ.

135 1802 164 1829 9.

153 1839 310 1868 214-216
329 1838 482 1868 Sententia
495 1843 559 1869 est:
576 1840 669 1869 Terra
679 1838 824 1877 tophacea

114 1881 145 1906 et
159 1881 275 1906 cretosa
290 1878 475 1916 serpentibus
490 1879 618 1907 omnium
634 1883 682 1908 est
702 1877 822 1916 aptissi-

115 1925 173 1944 ma.
194 1915 344 1954 Vulgare:
365 1916 495 1945 nullialii
510 1928 525 1945 a
550 1917 574 1946 ri
587 1927 672 1956 aeque
686 1917 822 1945 ferunt—

115 1964 148 1982 ac
158 1955 265 1992 tophus
278 1958 309 1983 et
317 1955 447 1983 cretaita
458 1928 566 1984 extulit
577 1967 582 1984 :
599 1956 701 1995 tophus
709 1959 735 1984 et
744 1959 823 1984 creta

114 1997 220 2059 Ζιῖαηι
240 1992 312 2022 ulios
331 2003 418 2032 ayros
442 2004 522 2032 oeque
538 1996 622 2032 ferre
644 1993 824 2032 serpenlibus

135 2031 142 2037 ”
161 2042 217 2066 um,
237 2031 303 2060 scil.
323 2037 412 2070 atque
427 2032 520 2070 ipsos.
560 2033 678 2062 Tribujt
691 2033 766 2062 enim
783 2043 821 2061 ex

115 2069 251 2098 sollemni
264 2071 419 2108 poetarum
431 2081 513 2100 more
523 2075 567 2100 rei
577 2072 742 2100 inanimatae
755 2081 821 2100 seu-

115 2117 180 2136 sum
193 2112 223 2137 et
231 2109 377 2146 judicium
389 2114 420 2138 et
431 2109 589 2148 loquelam.
628 2110 707 2139 Hinc
719 2120 822 2148 nngare

115 2151 149 2174 ut
162 2145 228 2174 infr.
247 2147 315 2175 234.
336 2151 365 2176 et
379 2148 557 2178 alibi.—216
578 2159 679 2178 curvas
697 2148 822 2177 latebras

116 2194 171 2222 pro
185 2184 277 2213 cavis.
316 2186 367 2214 Sic
381 2190 412 2215 et
425 2187 479 2215 Ge.
500 2187 566 2222 III,
588 2188 657 2216 544.

153 2223 308 2252 217-225
330 2224 407 2253 Post
427 2229 523 2254 terras
545 2226 672 2265 singulis
693 2225 819 2254 eulturae

115 2261 273 2299 generibus
293 2266 379 2299 aptas
396 2268 540 2292 memorat
557 2265 620 2303 agri
633 2275 725 2304 genus
742 2264 819 2303 opti-

115 2309 208 2334 mum,
228 2300 346 2335 vinetis,
367 2301 498 2337 olivetis,
525 2302 691 2337 frumentis,
706 2307 735 2331 et
749 2313 818 2340 pas-

113 2339 178 2367 cuis
190 2338 344 2376 aequaliter
354 2338 600 2370 idoneum—217
614 2342 694 2371 Plin.
703 2341 817 2376 XVII,

112 2378 132 2405 4
157 2387 183 2406 s.
203 2378 221 2406 3
251 2382 331 2405 terra
355 2377 471 2415 optimu,
498 2389 562 2416 quae
584 2384 680 2409 tenues
705 2380 819 2409 exhalat

113 2415 338 2445 ‚nebulasffszffi
351 2416 481 2453 facilem,
500 2417 664 2454 liberalem,
685 2419 817 2453 uberem,

111 2454 266 2492 copiosum
287 2454 431 2493 pabulum
452 2456 642 2493 praebentem.
666 2457 704 2486 cf.
731 2457 768 2486 ad
789 2468 818 2485 v.

113 2493 278 2522 luz—224
297 2493 390 2522 vicina
410 2492 529 2528 Vesevo,
550 2499 706 2533 antequam
718 2496 816 2524 Vesu-

112 2531 153 2559 vii
165 2531 310 2560 incendiis
323 2536 436 2561 tractus
450 2532 499 2560 ille
513 2536 560 2560 est
572 2533 640 2561 'rito
653 2534 816 2571 imperante

112 2572 342 2599 vastatus-‘225
366 2570 495 2605 Clanius,
514 2570 622 2600 fluvius
635 2572 814 2610 Campaniae,

108 2607 198 2643 juxta
221 2609 397 2639 Linternum
422 2609 451 2637 in
479 2620 558 2637 mare
586 2620 617 2637 se
641 2609 814 2646 immittens,

109 2645 214 2675 vicinis
226 2648 316 2685 agris,
337 2653 368 2677 et
380 2648 456 2676 inter
476 2648 528 2676 hos
549 2648 704 2677 Acerranis
723 2658 814 2677 exun—

112 2684 229 2714 datione
253 2686 399 2724 frequenti
417 2687 575 2716 exitiosus.
617 2686 745 2716 Secutus
769 2690 813 2715 est

1484 1491 1570 1533 235

863 1612 997 1636 nostrum
1012 1607 1102 1637 Silius
1116 1607 1211 1641 VIII,
1231 1607 1288 1635 535
1307 1605 1410 1634 Clanio
1421 1611 1570 1637 contemtae

862 1656 974 1684 semper
987 1647 1119 1675 Acerrae.
1158 1647 1246 1674 Nunc
1268 1645 1388 1673 Clanius
1399 1650 1475 1680 urat,
1496 1646 1525 1674 h.
1540 1658 1568 1676 e.

863 1684 970 1713 accolae
985 1685 1125 1713 fluminis.
1145 1685 1190 1713 H.
1217 1694 1311 1712 vacuoe
1325 1684 1462 1713 dicuntur
1476 1685 1567 1714 Acer-

863 1733 918 1757 roe,
948 1733 1004 1751 non
1031 1724 1204 1761 frequentes
1235 1722 1350 1751 incolis.
1388 1723 1437 1751 Ita
1467 1723 1568 1753 Gumae

863 1771 960 1790 vucuae
973 1761 1081 1791 Juven.
1102 1762 1168 1795 111,
1188 1761 1218 1789 2.
1246 1759 1290 1789 W.

901 1800 1058 1829 226—258
1078 1799 1173 1829 Terra
1188 1798 1335 1837 quomodo
1356 1798 1396 1827 sit
1416 1801 1568 1837 probanda

862 1838 1025 1875 (δοκιμασία
1049 1839 1124 1876 γῆς),
1146 1838 1314 1877 quibusque
1335 1837 1414 1866 notis
1432 1839 1496 1875 ejus
1518 1850 1567 1868 na-

863 1880 929 1905 tura
948 1877 1050 1911 densa,
1076 1887 1153 1912 rara,
1176 1876 1265 1910 salsa,
1285 1876 1415 1914 pinguis,
1436 1877 1566 1913 humida,

862 1915 973 1953 gravis,
995 1915 1081 1950 levis,
1103 1915 1196 1955 nigra,
1220 1914 1328 1953 frigida
1353 1917 1567 1953 cognoscenda.

861 1954 900 1982 cf.
922 1954 1000 1982 Plin.
1020 1954 1133 1989 XVII,
1154 1956 1183 1988 5,
1205 1963 1230 1982 S.
1251 1954 1286 1982 3:
1314 1953 1432 1982 Colum.
1459 1954 1507 1990 11,
1535 1958 1566 1991 2,

861 1993 907 2021 19.
929 1993 998 2021 add.
1020 1994 1115 2031 Geop.
1136 1993 1182 2027 ΙΙ,
1204 1993 1251 2021 10.

899 2032 957 2060 230
978 2031 1010 2060 Si
1025 2031 1171 2069 requiras,
1193 2034 1292 2058 utrum
1315 2028 1439 2057 densum
1461 2039 1497 2058 an
1518 2041 1565 2061 ra-

860 2078 925 2098 rum
947 2069 1042 2098 solum
1069 2069 1118 2104 sit,
1144 2069 1250 2105 locum)
1268 2066 1324 2095 soli
1349 2066 1436 2095 solidi
1459 2068 1564 2107 eliges,

860 2107 890 2135 in
917 2118 975 2146 quo
997 2112 1127 2146 puteum,
1155 2107 1244 2136 altam
1273 2105 1399 2139 foveam,
1429 2107 1564 2137 scrobem

860 2147 986 2181 (βόθρον,
1009 2147 1142 2184 Geopon.
1168 2146 1215 2179 II,
1242 2144 1308 2181 11.)
1332 2142 1434 2186 facias,
1454 2146 1563 2183 jubeas

859 2184 919 2213 sodi
932 2185 1008 2219 sive,
1023 2185 1102 2223 quod
1112 2183 1304 2222 exquisitius,
1317 2181 1436 2212 (Iemztti.
1467 2184 1564 2214 Pon-0

857 2222 977 2252 solidum
990 2233 1044 2262 pro
1060 2223 1125 2252 loco
1141 2220 1441 2251 solid0.-233—234
1454 2221 1490 2250 Si
1499 2222 1562 2252 dee-

858 2266 936 2296 runt,
960 2272 1003 2291 se.
1024 2272 1131 2296 arenae,
1146 2266 1233 2294 terra,
1247 2260 1284 2289 ad
1296 2259 1433 2288 scrobem
1445 2261 1562 2299 replen-

858 2300 940 2333 dum,
965 2301 1060 2329 solum
1081 2310 1147 2329 esse
1170 2309 1268 2328 rarum
1283 2298 1495 2328 censeas-sin
1515 2310 1561 2330 eae

855 2339 997 2377 neyctbunt
1015 2349 1101 2378 posse
1124 2338 1165 2367 ire
1190 2338 1221 2367 in
1239 2347 1293 2365 sua
1313 2336 1384 2370 loca,
1405 2336 1435 2365 h.
1458 2347 1484 2367 e.
1503 2348 1561 2368 non

856 2383 996 2415 poterunt
1015 2377 1123 2411 redire,
1145 2377 1200 2416 (cf.
1225 2376 1261 2405 ad
1288 2385 1318 2418 y.
1343 2375 1430 2413 215),
1455 2377 1561 2415 spatiis

857 2417 952 2445 soveae
982 2416 1085 2454 recipi,
1115 2420 1148 2444 ut
1179 2425 1212 2444 su
1238 2417 1311 2442 ersrt
1334 2416 1423 2442 terrae
1446 2419 1559 2453 egestae

856 2454 1037 2493 aliquantum
1062 2458 1118 2482 ete.
1143 2454 1181 2483 cf.
1218 2452 1317 2482 'olma
1344 2451 1391 2486 II,
1415 2453 1445 2487 2,
1473 2455 1559 2482 19.—

854 2495 913 2523 234
927 2493 1006 2527 uber,
1018 2493 1149 2526 ubertas,
1160 2493 1234 2521 uber
1245 2496 1274 2519 et
1285 2491 1438 2520 fecundum
1451 2492 1558 2526 solum,

858 2532 918 2560 rid.
950 2542 980 2560 v.
1011 2533 1065 2559 185
1079 2541 1085 2566 ;
1122 2531 1150 2559 h.
1184 2530 1204 2559 l,
1236 2528 1411 2567 simpliciter
1439 2529 1557 2563 humus,

857 2571 971 2605 solumj.
996 2569 1133 2607 jungitur
1159 2569 1255 2605 enim3
1282 2577 1380 2596 rarum
1406 2566 1474 2596 uber
1501 2568 1556 2596 erit

855 2609 919 2644 (cui
933 2619 1002 2646 opp.
1023 2610 1139 2646 spissus
1154 2618 1233 2646 ager,
1249 2616 1378 2636 crassus.
1396 2616 1425 2633 v.
1439 2606 1554 2634 Colum=

854 2648 919 2681 ΙΙΙ,
943 2649 989 2680 12,
1010 2649 1046 2678 2)
1067 2650 1096 2675 ct
1111 2646 1230 2684 pascuis
1246 2656 1279 2675 ac
1295 2645 1388 2673 vineis
1404 2648 1554 2681 aptum.—

852 2687 910 2716 233
931 2686 1001 2715 vites
1012 2685 1106 2719 almer,
1123 2685 1191 2724 quia
1205 2685 1349 2723 praebcnt,
1364 2692 1422 2720 quo
1437 2682 1496 2711 alas
1512 2686 1552 2715 te,
