1796 3077
605 224 884 267 AENEmos„
905 232 914 241 r
932 222 1033 261 Lm.
1065 224 1117 262 11.
1215 202 1245 229 ⁴⁸

143 351 356 406 Supplicis
376 351 558 400 erubuit,
581 365 820 406 corpusque
839 364 1058 406 exsangue
1080 350 1275 405 sepulcro

145 408 353 450 Reddidit
374 408 648 457 Hectoreum,
670 424 820 462 meque
841 409 882 449 in
904 423 996 449 mea
1016 423 1146 462 regna
1168 408 1337 448 remisit.

144 466 214 506 Sic
235 466 346 507 fatus
368 466 519 515 senior,
540 466 752 519 telumque
773 465 938 506 imbelle
960 465 1047 506 sine
1069 466 1155 506 ictu

142 521 346 576 Conjecit,
368 537 496 563 rauco
516 523 631 576 quod
653 523 842 576 protinus
862 537 944 562 aere
964 521 1191 575 repulsum,

141 579 202 620 Et
223 595 382 620 summo
403 579 526 634 clipei
544 580 829 634 nequidquam
849 579 1031 619 umbone
1052 579 1270 633 pependit.

141 637 223 677 Cui
244 636 434 691 Pyrrhus
452 653 459 676 :
492 636 670 677 Referes
690 651 793 690 ergo
814 636 920 685 haec,
943 644 984 677 et
1002 637 1174 677 nuntius
1194 637 1273 677 ibis

140 693 301 734 Pelidae
321 694 526 748 genitori:
558 693 617 734 illi
636 708 729 734 mea
749 694 882 734 tristia
902 692 1014 733 facta

141 750 495 805 Degeneremque
517 750 846 804 Neoptolemum
866 764 1036 790 narrare
1057 756 1280 791 memento.

139 807 270 848 Nunc
289 822 467 847 morere.
526 807 624 847 Hoc
646 807 803 854 dicens,
825 805 972 846 altaria
991 807 1044 847 ad
1067 807 1158 860 ipsa
1180 814 1426 849 trementem

139 864 293 905 Traxit
314 871 356 904 et
376 865 418 903 in
438 863 569 903 multo
590 863 824 916 lapsantem
846 864 1048 917 sanguine
1070 865 1169 911 nati,

138 919 434 975 Implicuitque
454 935 614 961 comam
634 920 751 968 laeva,
772 919 1008 973 dextraque
1028 934 1249 961 coruscum

139 977 308 1018 Extulit
327 992 376 1018 ac
395 976 516 1017 lateri
536 976 687 1030 capulo
707 984 829 1017 tenus
851 976 1014 1016 abdidit
1034 992 1189 1018 ensem.

138 1035 247 1076 Haec
266 1034 361 1074 finis
379 1033 536 1074 Priami
555 1034 737 1074 fatorum
754 1050 763 1081 3
795 1032 863 1074 hic
885 1033 1022 1073 exitus
1044 1033 1159 1074 illum

138 1092 262 1133 Sorte
282 1090 390 1139 tulit,
412 1090 586 1144 Trojam
607 1091 818 1131 incensam
838 1097 880 1130 et
901 1089 1099 1144 prolapsa
1119 1090 1331 1133 videntem

137 1148 359 1202 Pergama,
380 1154 443 1188 tot
463 1147 677 1201 quondam
696 1145 864 1200 populis
886 1148 1091 1200 terrisque
1113 1150 1343 1202 superbum

135 1205 424 1259 Regnatorem
445 1202 575 1244 Asiae.
635 1202 758 1243 Jacet
778 1203 925 1256 ingens
945 1203 1068 1244 litore
1089 1211 1277 1253 truncus,

134 1261 425 1315 Avulsumque
445 1260 631 1301 humeris
652 1266 796 1313 eaput,
817 1267 861 1300 et
883 1260 970 1299 sine
992 1261 1157 1301 nomine
1178 1275 1350 1315 corpus.

193 1318 254 1360 At
273 1333 339 1359 me
360 1325 450 1358 tum
468 1318 648 1372 primum
667 1331 800 1357 saevus
821 1317 1094 1358 circumstetit
1114 1317 1286 1360 horror:

136 1376 377 1430 Obstupui;
409 1375 537 1415 subiit
556 1374 641 1415 cari
662 1373 861 1427 genitoris
882 1374 1033 1427 imago,
1503 1379 1585 1418 560

138 1435 194 1475 Ut
215 1447 358 1487 regem
379 1445 612 1486 aequaevum
631 1429 793 1474 crudeli
812 1428 982 1472 vulnere
1004 1430 1088 1472 vidi

130 1577 217 1617 plicis
239 1580 269 1607 et
289 1577 389 1615 fidem,
411 1577 582 1617 religionem
604 1582 650 1611 τῆς·
674 1580 839 1607 {uenias—.—

131 1617 272 1655 sepulcro,
293 1617 330 1645 ad
352 1617 606 1655 sepulturam-in
621 1629 681 1647 mea
698 1628 794 1655 reyna,
809 1616 839 1646 in

132 1655 255 1694 regiain.
276 1659 278 1663 '
305 1656 434 1685 Secutus
473 1661 520 1685 est
554 1661 687 1685 nostrum
727 1657 839 1685 Seneca

132 1694 244 1723 Troad.
269 1695 550 1724 1106.-544—549
568 1695 639 1724 Sine
663 1694 732 1729 ictu,
756 1695 837 1733 quod

133 1733 240 1761 vulnus
266 1743 324 1762 non
341 1734 463 1768 faceret,
489 1743 546 1762 non
569 1738 754 1772 penetraret3
785 1733 838 1762 sed

131 1772 168 1799 ab
182 1782 241 1800 {ere
255 1772 403 1809 resiliret3
418 1776 506 1809 κωφὸν
521 1776 606 1808 βέλος
620 1772 698 1802 dixit
713 1773 839 1801 Homer.

130 1809 171 1838 Il.
191 1816 220 1844 λ,
241 1811 437 1839 :wa—rauco
463 1820 531 1845 aere,
552 1821 631 1840 aereo
651 1811 761 1849 clipeo,
787 1809 837 1848 qui

131 1858 277 1885 percussu
299 1858 434 1884 raucum,
457 1850 592 1884 surdum,
619 1850 746 1878 sonitum
769 1850 837 1877 ede-

129 1887 261 1922 bat—et,
282 1888 484 1954 neyuidquam,
505 1888 569 1917 sine
591 1889 702 1917 effectu
722 1892 753 1917 et
770 1887 837 1916 vul-

129 1935 303 1964 nere‚pepen
327 1926 347 1954 it
362 1926 390 1955 in
403 1927 495 1960 corio,
505 1936 564 1965 quo
575 1927 689 1965 clipeus
704 1932 768 1955 erat
783 1927 835 1955 ob-

129 1964 250 1993 ductus.
278 1964 441 2004 (repulsum
466 1969 494 1993 et
514 1966 660 2005 pependit.
707 1965 837 2003 Ellipsis

130 2003 248 2042 copulae
269 2008 321 2039 est,
344 2004 382 2032 de
402 2014 461 2042 qua
485 2004 549 2033 vid.
577 2005 651 2033 Not.
679 2014 750 2043 pag.
770 2005 839 2033 324.

130 2051 221 2071 causa
237 2042 297 2070 fuit
313 2045 506 2072 mutationum
522 2043 723 2077 librariorum,
743 2053 838 2080 neque

129 2080 313 2110 admittenda
335 2085 382 2110 est
412 2081 559 2111 correctio
582 2093 598 2111 e
625 2092 744 2111 summo.
774 2081 838 2118 W.)

131 2118 179 2146 De
192 2119 252 2147 ictu
268 2119 382 2148 imbelli
393 2129 475 2159 saepe
488 2121 558 2150 talia
568 2121 647 2159 apud
657 2121 838 2153 Homerum,

129 2166 161 2185 v.
176 2167 203 2185 c.
218 2158 257 2186 Il.
269 2171 297 2192 γ,
309 2159 377 2187 347.
392 2159 597 2197 sqq—tristia
611 2161 707 2197 sacta,
724 2160 838 2189 atrocia

128 2195 159 2223 h.
179 2195 199 2224 l.
220 2196 264 2224 H.
287 2206 409 2226 narrare
433 2197 649 2236 Neoptolemum
671 2199 838 2236 defleam-em

130 2237 179 2263 est
198 2243 330 2274 narrare,
352 2239 386 2263 ut
407 2236 623 2275 Neoptolemus
642 2237 682 2266 sit
696 2238 838 2276 degener.

128 2282 252 2301 narrare
277 2273 415 2301 homiuem
440 2275 594 2314 exquisita
616 2276 734 2305 dicendi
761 2277 837 2305 ratio

126 2321 182 2349 pro
197 2320 347 2349 exponere
362 2321 412 2340 res
427 2313 475 2342 vel
488 2324 588 2343 mores
599 2314 735 2344 hominis.
758 2315 838 2344 Vell.

129 2350 250 2379 Paterc-
268 2351 316 2385 11,
329 2351 378 2379 29.
391 2351 441 2379 sed
450 2351 544 2390 operis
557 2353 656 2382 modus
664 2353 767 2391 paucis
777 2364 839 2383 eum

127 2389 346 2428 (Pompeium)
375 2390 494 2418 narrari
511 2390 604 2429 jubet.
651 2392 719 2421 Non
746 2392 837 2431 igitur

128 2437 269 2460 necesse.
287 2432 320 2456 ut
332 2427 369 2456 ad
384 2427 547 2466 deyeuerem
558 2430 698 2468 copulam
710 2441 771 2459 esse
789 2441 837 2460 as-

129 2476 242 2495 sumas.
257 2466 304 2495 W.
344 2465 420 2495 Mox
437 2467 474 2495 de
489 2477 640 2497 sarcasmo
654 2479 693 2498 ex
703 2469 839 2498 Homero

126 2505 237 2534 ducto:
265 2505 389 2543 Reseres
403 2515 472 2543 eryo
496 2505 565 2541 haec,
589 2510 660 2541 etc„
685 2508 838 2537 videndus

129 2541 246 2582 Popius
261 2545 298 2573 ad
314 2544 352 2573 ΙΙ.
368 2544 473 2573 XIII.
493 2544 569 2573 obs.
591 2546 748 2576 31.-550.
771 2557 838 2585 sqq.

129 2582 245 2611 Seneca
271 2583 427 2621 expressit
456 2583 567 2612 Troad.
597 2584 646 2612 44.
674 2594 740 2623 sqq.
769 2586 839 2623 (ubi

128 2619 272 2650 AEacidoe
301 2621 695 2659 retinendum).—implicuit
717 2633 836 2658 comam,

127 2658 222 2696 igitur
236 2669 304 2688 cum
315 2660 428 2689 ceteris
441 2660 530 2689 armis
542 2670 572 2688 v.
582 2661 650 2689 509.
665 2670 710 2699 sq.
725 2662 839 2699 galeam

130 2706 190 2724 non
205 2703 357 2728 sumserat
367 2699 508 2728 Priamus
523 2709 530 2734 3
546 2698 646 2727 extulit
657 2709 762 2733 ensem,
772 2710 839 2734 non,

130 2735 240 2773 vagina
261 2737 407 2772 extraxit,
433 2738 487 2766 sed
515 2737 651 2772 sustulit,
670 2737 840 2768 intentavit.

880 1576 980 1607 Versu
1003 1580 1070 1608 529.
1098 1576 1167 1608 530.
1194 1578 1278 1608 hasta
1308 1579 1444 1618 Pyrrhus
1469 1579 1585 1610 eminus

878 1617 1008 1655 petierat
1029 1618 1482 1653 Polite11.—554—559—-sm·te,
1500 1621 1585 1648 fatali

878 1657 1055 1685 necessitate
1070 1657 1205 1685 abstulit.
1244 1657 1269 1686 A
1278 1658 1338 1692 εἱσι»,
1347 1669 1395 1687 ma
1418 1669 1462 1687 nae
1480 1659 1585 1688 saltem

877 1695 972 1731 partis
985 1695 1067 1724 Asiae
1084 1695 1217 1724 minoris.
1232 1706 1261 1724 v.
1275 1696 1374 1725 Sti-ab.
1392 1697 1495 1731 1111,
1517 1708 1586 1736 peg-

879 1734 947 1762 875.
966 1735 1224 1771 Α.-νε,(]ηαίονειη
1242 1735 1358 1772 populis
1381 1746 1436 1773 pro
1456 1736 1584 1774 populo-

879 1781 955 1799 rum.
967 1772 1104 1809 (Similes
1120 1773 1350 1810 compositiones
1363 1775 1423 1804 vid.
1444 1775 1585 1804 collectas

879 1810 917 1838 ad
931 1810 1042 1839 Tibull.
1056 1811 1113 1845 IV,
1131 1812 1159 1845 l,
1171 1813 1237 1839 115.
1257 1811 1321 1847 W.)
1364 1813 1487 1841 Dictum
1501 1823 1583 1852 mag-

879 1849 966 1877 nifiee
986 1850 1022 1877 ad
1045 1849 1140 1887 ipsam
1161 1850 1393 1888 indignatIOnem
1409 1852 1584 1889 aagendam.

877 1887 927 1916 Sic
952 1898 998 1915 res
1018 1887 1102 1916 Asioe
1124 1888 1189 1921 III,
1214 1889 1354 1926 L-jaccl
1381 1889 1479 1928 infleris
1501 1890 1585 1919 litore

877 1930 1005 1954 truncus.
1058 1926 1182 1955 Scilicet
1208 1927 1392 1964 insepultum
1417 1930 1585 1967 projectum

877 1965 935 1993 fuit
953 1965 1065 1994 Priami
1087 1975 1209 2004 corpu&
1250 1966 1319 1994 Hoc
1345 1967 1395 1995 alii
1417 1968 1585 2006 simplicius

879 2008 1047 2038 narrarunt,
1068 2004 1149 2033 nulla
1172 2004 1231 2033 loci
1255 2006 1394 2043 apposita
1414 2007 1585 2041 notatione3

879 2042 949 2071 vide
972 2047 1085 2080 praeter
1105 2042 1210 2079 Quint.
1233 2043 1353 2072 Calabr.
1386 2044 1489 2078 XIII,
1515 2046 1585 2074 241.

879 2091 945 2119 sqq.
980 2081 1123 2109 Senecam
1157 2081 1268 2110 Troad.
1295 2083 1342 2111 54.
1374 2092 1439 2121 sqq.
1468 2084 1585 2112 Auson-

880 2119 1026 2158 Epitaph.
1038 2121 1098 2153 23„
1134 2120 1191 2148 uod
1206 2129 1245 2147 ex
1259 2124 1361 2148 nostro
1374 2122 1584 2151 adumbratum

877 2163 934 2193 est,
952 2163 983 2186 et
1004 2158 1111 2196 Euripi
1135 2179 1142 2185 .
1156 2158 1265 2186 Troad.
1282 2159 1369 2187 1322.
1384 2160 1433 2188 23.
1454 2159 1516 2188 Alii
1532 2160 1584 2189 ad-

877 2197 952 2225 dunt
975 2196 1085 2231 locum,
1108 2196 1159 2224 ubi
1182 2197 1352 2235 projectum
1361 2198 1458 2233 jacuit
1471 2208 1584 2237 empus,

878 2236 959 2273 quod
974 2236 1011 2263 ab
1026 2235 1170 2264 Achivis:
1193 2235 1231 2263 ad
1242 2235 1310 2263 litus
1324 2240 1468 2272 trae-turm
1490 2241 1517 2265 et
1526 2237 1586 2265 illic

877 2274 1006 2303 relictum
1028 2274 1089 2302 sine
1109 2273 1201 2312 capite
1221 2279 1394 2310 memorant3
1414 2285 1482 2313 quae
1496 2276 1585 2305 unice

878 2323 951 2342 vera
969 2312 1180 2349 interpretatio
1194 2312 1340 2350 Pompon.
1362 2314 1475 2349 Sabin„
1495 2315 1585 2344 obvia

878 2352 981 2381 eadem
1001 2351 1030 2379 in
1045 2351 1214 2387 Servianis3
1234 2351 1313 2379 unde
1333 2352 1422 2381 etiam
1441 2352 1584 2393 intelligi-

879 2394 938 2422 tur.
967 2390 1005 2419 ad
1027 2389 1153 2418 Pacuvii
1176 2389 1351 2427 tragoediam
1376 2392 1496 2429 poetam
1522 2402 1586 2420 res-

877 2429 1019 2467 pexisse3
1062 2438 1215 2467 uamquam
1233 2428 1329 2462 locus,
1344 2429 1394 2466 qui
1408 2430 1518 2459 ibidem
1532 2431 1585 2459 ad-

879 2468 1011 2505 scriptus
1037 2439 1105 2501 iiuit,
1130 2466 1255 2495 excidit.
1304 2468 1363 2496 Sed
1389 2468 1587 2498 imitationem

878 2506 966 2545 hujus
988 2505 1047 2534 loci
1068 2508 1207 2533 notarunt
1229 2505 1287 2534 viri
1314 2506 1395 2535 docti
1417 2517 1457 2536 ex
1478 2507 1585 2536 Manil-

879 2546 936 2579 1V,
950 2545 994 2574 64,
1014 2545 1062 2572 65.
1077 2544 1285 2583 Priamumque
1298 2543 1329 2573 in
1343 2544 1427 2574 litore
1441 2551 1584 2579 truncum,

880 2583 937 2613 Cui
953 2593 1002 2612 nec
1020 2583 1110 2620 Troja
1130 2592 1228 2620 royuS,
1251 2587 1283 2611 et
1302 2593 1318 2612 e
1338 2583 1453 2614 Seneca
1473 2585 1583 2614 Troad-

879 2624 946 2652 140.
967 2632 1013 2650 ma
1033 2631 1122 2659 noque
1144 2621 1214 2650 Jovt'
1238 2621 1355 2650 victima
1379 2633 1468 2652 caesus
1493 2622 1584 2660 Sigea

873 2659 985 2700 premis
1024 2659 1100 2688 itora
1131 2664 1259 2689 truncus.
1304 2660 1392 2690 Litus
1417 2663 1453 2690 de
1480 2661 1583 2698 Troja,

880 2703 985 2737 utpote
1002 2697 1110 2727 literali
1127 2698 1226 2736 playa,
1248 2698 1396 2737 accipere,
1416 2701 1524 2729 durum
1537 2703 1585 2727 ar-

881 2738 986 2768 bitror.
1037 2736 1127 2773 Quod
1159 2737 1284 2767 Servius
1319 2738 1413 2772 addit,
1444 2736 1589 2775 Pompeii

1292 2791 1362 2818 00
