1796 3077
580 137 921 178 GEORGICON.
977 140 1078 179 LIB.
1108 141 1161 180 ΙΙ.

1514 151 1602 196 123

146 260 363 303 Tellurem
384 260 526 302 Borea
546 261 724 315 rigidam
745 262 930 316 spirante
951 265 1123 306 moveri.

145 317 267 360 Rura
284 318 384 373 gelu
404 325 492 359 tum
511 317 670 359 claudit
690 318 837 369 hiems,
866 335 957 371 nec,
989 322 1147 363 semine
1160 322 1292 377 jacto,

144 376 395 418 Concretam
414 376 573 430 patitur
592 376 778 418 radicem
798 376 970 432 affigere
992 385 1130 420 terrae.

144 433 320 488 Optima
339 434 487 474 vinetis
508 433 627 484 satio,
658 448 788 488 quum
809 449 906 477 vere
927 437 1097 478 rubenti

142 490 337 532 Candida
357 492 472 532 venit
490 491 590 540 avis,
619 490 756 546 longis
774 491 907 533 invisa
926 493 1135 543 colubris;
1515 498 1601 539 320

143 547 285 589 Prima
304 548 370 589 vel
389 549 602 589 auctumni
622 549 701 590 sub
724 548 895 603 frigora,
927 565 1057 605 quum
1076 552 1250 606 rapidus
1272 552 1346 594 Sol

141 605 347 646 Nondum
367 606 547 647 hiemem
568 606 775 661 contingit
795 607 927 661 equis,
952 608 1041 662 jam
1061 611 1250 663 praeterit
1269 618 1405 653 aestas.

139 662 231 704 Ver
247 663 355 704 adeo
375 663 515 704 frondi
534 677 764 712 nemorum,
796 678 869 704 ver
887 665 989 706 utile
1011 665 1121 707 silvis
1138 683 1148 716 3

140 719 255 761 Vere
278 727 440 761 tument
461 727 585 761 terrae
605 727 648 761 et
667 720 866 775 genitalia
887 723 1046 763 semina
1065 731 1259 778 poscunt.

140 777 254 818 Tum
271 784 393 832 pater
412 777 676 830 omnipotens
696 776 890 818 fecundis
908 779 1114 821 imbribus
1136 781 1295 822 AEther
1515 784 1540 823 3

1544 786 1569 823 ?0

1572 786 1598 823 en

139 835 343 890 Conjugis
363 835 405 874 in
426 834 630 888 gremium
650 833 760 875 laetae
780 834 1013 886 descendit,
1043 844 1086 878 et
1107 852 1250 879 omnes

138 892 326 946 Magnus
345 890 429 941 alit,
459 905 612 946 magno
633 891 884 933 commixtus
906 907 1097 948 corpore,
1124 894 1233 936 fetus
1249 911 1292 938 :I

136 948 248 989 Avia
268 956 356 989 tum
377 955 577 990 resonant
597 949 745 989 avibus
765 949 946 1003 virgulta
964 951 1142 1001 canoris,

138 1006 198 1047 Et
218 1006 431 1047 Venerem
451 1006 577 1047 certis
597 1012 796 1060 repetunt
816 1015 1007 1049 armenta
1027 1009 1199 1049 diebus:

137 1063 328 1104 Parturit
348 1063 479 1104 almus
499 1077 614 1116 ager,
644 1063 904 1118 zephyrique
924 1066 1167 1120 tepentibus
1187 1066 1299 1106 auris

1514 1066 1598 1106 330

138 1120 309 1162 Laxant
329 1135 429 1162 arva
449 1123 795 1219 sinuslysuperat
815 1128 935 1163 tener
954 1123 1147 1164 omnibus
1168 1123 1342 1164 humor:

133 1240 183 1274 321,
205 1249 230 1268 s.
250 1239 300 1274 77,
322 1240 368 1275 1.;
390 1241 453 1267 tum
466 1238 535 1267 319.
554 1236 635 1266 illam
649 1247 720 1267 vere
733 1241 763 1267 et
778 1248 847 1267 auc-

133 1282 235 1307 tumuo
259 1279 420 1307 curandam
442 1276 591 1315 praecipit.
630 1277 714 1306 Inter
735 1277 799 1307 haec
818 1278 847 1306 in

131 1317 238 1347 laudes
267 1317 350 1346 veris
378 1316 524 1345 excurrit.
563 1315 652 1344 Nova
684 1316 847 1346 variatione

132 1360 320 1395 praeceptum
334 1356 452 1385 orditur
465 1366 471 1383 z
485 1364 536 1383 nec
549 1354 603 1382 tibi
614 1354 767 1394 quisquam
775 1366 846 1394 per-

132 1396 271 1432 suadeam
293 1396 331 1425 cf.
353 1405 421 1433 sup.
442 1394 522 1428 adl,
543 1394 632 1429 456.;
654 1395 735 1432 quod
753 1395 846 1431 addit,

131 1435 163 1464 id
174 1435 299 1463 orationi
309 1433 442 1472 vulgaris
453 1434 557 1462 formae
569 1432 720 1462 fastidium
732 1434 846 1463 abster-

131 1474 184 1512 git,
206 1478 382 1503 auctoriam
417 1473 538 1507 rudem-55
560 1471 613 1509 qui
630 1472 707 1500 enim
727 1473 846 1507 suadet,

130 1513 157 1541 is
171 1518 219 1542 est
230 1517 383 1542 auctor.—-·
403 1522 448 1540 or.
466 1511 539 1549 spir.
579 1510 629 1538 Ex
643 1520 730 1548 seqq.
743 1515 845 1548 putes,

133 1553 172 1581 de
188 1553 253 1582 sola
266 1552 361 1581 hieme
375 1551 434 1589 agi,
455 1551 493 1579 ad
509 1559 598 1587 quam
614 1548 715 1577 boreas
729 1554 845 1587 spectat

130 1600 198 1620 nam
211 1591 297 1620 Rura
309 1590 376 1630 yelu
389 1595 450 1618 tum
463 1588 570 1618 claudit
583 1588 683 1622 hiems,
699 1591 758 1616 etc.
787 1588 846 1617 Est

131 1633 228 1659 tamen
248 1634 435 1668 praeceptum
453 1632 599 1662 veterum,
631 1626 730 1663 gelido
753 1631 845 1656 vento

130 1678 191 1697 non
215 1679 282 1697 esse
308 1668 449 1696 serendas
473 1667 563 1700 vites,
585 1666 638 1694 sed
660 1669 763 1694 austro
783 1666 844 1704 spi-

131 1711 233 1744 rante3
266 1707 385 1736 videtur
411 1716 485 1744 ergo
509 1705 611 1733 boreas
638 1714 705 1733 011111
728 1705 845 1742 judicio

132 1750 314 1775 memoratus
339 1755 424 1774 esse:
457 1744 595 1783 aquilone
623 1753 679 1772 non
705 1743 845 1772 flante.—

134 1785 270 1813 Μουείιιν
286 1783 369 1813 tellus
383 1787 492 1818 aratro,
515 1782 631 1815 rastris,
650 1782 759 1821 ligone,
780 1793 843 1812 sar-

131 1824 219 1853 culo:
240 1823 329 1852 etiam
355 1833 423 1852 cum
450 1822 571 1851 scrobes
598 1822 689 1857 fiunt3
717 1825 747 1849 at
773 1821 802 1850 11.
823 1822 843 1850 l.

130 1873 199 1892 cnm
213 1863 407 1900 scrobesjam
421 1861 493 1890 facti
506 1860 583 1889 sint:
606 1871 651 1889 vs.
670 1861 751 1893 258„
771 1861 842 1890 dum

128 1901 174 1930 illi
187 1901 217 1930 in
232 1900 391 1940 superficie
403 1910 456 1930 sua
467 1900 763 1929 refodiuntur.-318
776 1909 842 1928 con-

129 1944 249 1975 cretam,
278 1940 397 1978 poetica
425 1939 511 1978 copia
536 1949 572 1976 ap
584 1938 705 1967 1051111111
736 1939 844 1974 active,

129 1990 197 2018 quae
227 1978 402 2013 concrescit,
437 1979 507 2006 dum
538 1988 554 2006 a
588 1977 845 2016 giturffi-Semz'ne

121 2019 216 2056 jacto,
238 2017 366 2047 surculis
397 2017 518 2056 positis,
539 2020 573 2046 ut
596 2017 665 2045 268.
686 2018 725 2045 ef.
752 2017 789 2045 ad
813 2027 843 2046 v.

130 2057 199 2086 267.
240 2057 291 2086 Sic
313 2056 414 2085 statim
438 2067 466 2085 v.
488 2057 546 2085 319
565 2055 650 2084 satio.
676 2056 790 2085 Porro:
815 2061 843 2084 et

131 2095 237 2124 semine
250 2096 332 2134 jacto
352 2105 407 2124 non
423 2094 536 2133 patitur
550 2094 658 2129 hiems,
679 2095 786 2134 frigus,
807 2094 844 2123 il-

129 2135 184 2163 lud
197 2134 309 2172 affigere
332 2134 458 2163 radicem
473 2138 571 2163 terroe.
605 2133 699 2172 Atqui
716 2135 768 2163 vix
786 2134 843 2162 La-

131 2173 191 2202 11110
217 2173 330 2202 dictum
355 2173 410 2202 1100
436 2177 536 2202 esset:
556 2182 607 2201 nec
628 2172 719 2201 hiems
737 2173 844 2201 semine

120 2213 204 2251 jacto
228 2212 342 2250 patitur
367 2222 410 2241 sc.
434 2211 506 2240 illud
530 2221 644 2247 semem·
677 2221 745 2240 cum
771 2211 845 2241 scri·

130 2251 261 2280 bendum
277 2249 334 2278 sit:
353 2261 403 2279 nec
412 2261 507 2280 semen
509 2250 623 2288 jactum
630 2250 745 2288 patitur
755 2250 846 2279 hiems

129 2290 243 2328 affiyere
265 2289 390 2318 radicem
411 2294 507 2318 terrae.
548 2290 681 2318 Praestat
702 2290 844 2318 hactenus

129 2329 266 2363 alterum,
302 2328 327 2357 si
360 2331 486 2362 statuas,
517 2327 632 2365 affiqere
660 2329 760 2366 po'e'tae
789 2338 844 2366 pro

132 2367 245 2406 affiyere
264 2377 294 2395 se
312 2366 425 2395 dictum
439 2376 517 2396 esse.
557 2367 615 2395 Est
627 2367 717 2396 tertia
729 2366 807 2396 ratio
825 2377 842 2396 e

131 2408 214 2435 varia
226 2405 354 2434 lectione
369 2409 549 2434 concretum:
570 2415 623 2434 1100
637 2406 749 2444 patitur
764 2405 841 2434 radi·
873 2406 894 2442 J

129 2455 194 2475 cem
209 2445 327 2484 affigere
341 2448 428 2473 terrae
439 2447 609 2478 concretum,
623 2444 842 2473 concretionem

132 2494 228 2519 suam,
259 2492 460 2516 concrescere,
492 2483 668 2511 Lucretiano
697 2483 842 2521 loquendi

132 2532 224 2552 more.
245 2523 283 2552 cf.
305 2523 395 2552 Lucr.
413 2522 471 2554 lv,
488 2522 574 2550 1235.
614 2521 839 2550 Substantivum

131 2566 278 2590 concretus
302 2562 381 2600 apud
403 2560 483 2589 Plin.
510 2559 593 2593 XII,
616 2561 663 2588 16.
686 2560 730 2588 Η.
770 2561 840 2589 Hoc

132 2601 278 2637 praefe1·o·,
307 2599 416 2630 ceteris
440 2598 654 2636 interpretandi
680 2598 840 2627 rationibus

131 2638 211 2667 notio
232 2639 382 2678 participii
401 2642 549 2667 concretus
562 2637 672 2665 obstat.
696 2636 841 2666 W.—319

133 2686 198 2706 vere
223 2678 344 2713 rubenti,
372 2685 406 2706 111
434 2677 506 2706 alias
531 2677 632 2715 poetis
654 2685 842 2714 purpureum,

754 2716 772 2729 ἢ(

887 1244 1112 1275 φοινικόπεπλον,
1132 1239 1305 1277 pulchrum.
1325 1239 1365 1268 cs.
1384 1240 1442 1268 Ge.
1458 1239 1516 1273 IV,
1530 1240 1598 1267 3013.

886 1280 986 1307 —320
1021 1280 1069 1307 De
1098 1278 1213 1307 ciconia
1238 1278 1597 1317 intelligen(lum.—-322

887 1317 986 1355 Supra
1000 1318 1059 1347 Ge.
1078 1318 1106 1351 Ι,
1127 1319 1185 1346 312
1206 1317 1255 1345 ubi
1264 1318 1331 1356 jam
1352 1318 1519 1356 breviorque
1538 1317 1597 1346 dies

885 1360 913 1385 et
926 1356 1039 1385 mollior
1051 1361 1149 1385 (estas.
1168 1356 1297 1391 hiemem,
1319 1356 1405 1395 signa
1418 1356 1570 1385 hiemalia.

925 1396 983 1424 323
1005 1396 1066 1424 Ver
1086 1405 1144 1424 non
1166 1396 1256 1423 modo
1282 1395 1408 1429 vitibus,
1430 1395 1485 1423 sed
1501 1394 1594 1423 omni-

886 1433 944 1463 bus
968 1434 1088 1463 omnino
1111 1434 1271 1463 arboribus
1295 1434 1429 1463 ferendis
1451 1433 1597 1462 idoneum

886 1482 921 1501 ac
942 1474 1134 1501 commodum
1158 1474 1386 1511 tempus—324
1411 1474 1440 1499 Ἡ
1469 1475 1525 1506 ὥρα
1548 1486 1596 1506 7⁰·

885 1515 1032 1545 νιμωτάτῃ,
1053 1512 1252 1549 Theophrast.
1273 1511 1382 1540 Causs.
1411 1510 1512 1539 Plaut.
1529 1511 1596 1545 III,

884 1550 914 1577 4.
955 1549 1185 1578 Pulcherrimus
1199 1559 1317 1583 versus,
1338 1554 1372 1578 ut
1391 1552 1474 1578 totus
1494 1549 1594 1583 locus,

884 1598 973 1626 quem
995 1588 1159 1617 imitatione
1177 1598 1357 1627 expressum
1380 1599 1409 1618 v.
1432 1598 1480 1626 ap.
1502 1588 1596 1617 Colu-

884 1627 1003 1656 mellam
1017 1627 1062 1662 X,
1078 1628 1133 1656 197
1149 1637 1215 1666 sqq.
1238 1627 1338 1656 Terra:
1349 1632 1469 1661 tument,
1481 1630 1593 1662 ὺργῶσι,

885 1666 967 1703 quod
983 1669 1014 1695 et
1026 1665 1127 1703 ipsum
1142 1676 1159 1694 a
1174 1667 1345 1704 pubertate,
1368 1666 1417 1694 ubi
1436 1670 1543 1704 pectus
1563 1670 1595 1694 et

883 1713 1020 1734 mammae
1035 1708 1166 1743 turgent,
1188 1714 1257 1733 011111
1269 1705 1307 1733 ad
1322 1705 1462 1733 tellurem
1476 1708 1538 1733 tum
1555 1705 1593 1734 ad

883 1743 990 1781 fruges
1000 1753 1091 1772 novas
1101 1744 1178 1772 lacte
1189 1753 1223 1771 ac
1232 1753 1320 1772 succo
1330 1747 1488 1780 turgentes
1497 1748 1593 1772 trans-

884 1781 1153 1821 fertum—«poscunt
1173 1782 1295 1817 semina,
1316 1782 1346 1812 h.
1368 1782 1490 1811 sationis
1517 1786 1594 1811 tem-

883 1830 942 1858 pus
958 1820 1245 1860 adest.-yenitalia,
1267 1821 1378 1859 quibus
1398 1825 1595 1859 procreantur

881 1860 1110 1899 fruges—325
1143 1860 1278 1889 AEtheris
1311 1860 1492 1889 connubium
1525 1870 1594 1888 cum

882 1899 986 1935 Terra,
1000 1900 1096 1928 imbre
1108 1899 1285 1928 fecundante
1300 1908 1402 1937 agros.
1434 1899 1593 1927 Servatum

884 1938 940 1967 hoc
958 1949 996 1967 ex
1017 1939 1139 1977 antiquo
1155 1947 1302 1973 sermone,
1323 1948 1382 1976 qno
1399 1939 1499 1976 poetae
1517 1938 1593 1975 phy-

883 1977 963 2006 sicas
986 1987 1036 2006 res
1061 1978 1252 2015 exponebant
1274 1981 1304 2005 et
1329 1977 1484 2010 ornabant,
1515 1977 1594 2005 unde

883 2016 993 2045 dehinc
1003 2026 1110 2054 magna
1120 2016 1268 2054 mythices
1281 2025 1351 2052 pars
1363 2015 1461 2043 fluxit.
1482 2015 1593 2044 AEther

883 2065 938 2083 seu
952 2055 1091 2092 superior
1105 2056 1155 2083 ae'r
1168 2054 1257 2083 Jovis
1277 2053 1393 2081 nomine
1410 2053 1593 2091 insignieba-

884 2097 944 2122 tur.
985 2094 1149 2131 Expressit
1169 2099 1243 2121 vero
1265 2093 1357 2129 poe'ta
1374 2091 1515 2130 proxime
1531 2093 1591 2121 Lu-

883 2136 957 2161 0101.
979 2133 1007 2165 Ι.
1028 2134 1085 2161 251
1108 2141 1171 2170 ‚sq-t
1201 2132 1247 2165 II,
1267 2131 1324 2159 991
1347 2140 1393 2169 sq.
1420 2130 1499 2159 cons.
1524 2141 1592 2170 sup.

884 2171 951 2200 Ecl.
971 2171 1048 2205 VII,
1071 2172 1126 2200 60:
1150 2170 1260 2201 Horat,
1281 2169 1381 2208 Epod.
1403 2169 1507 2204 XIII,
1523 2171 1591 2198 l.—

883 2211 941 2239 327
960 2220 1096 2248 maqnum
1107 2219 1210 2247 corpus
1241 2208 1594 2247 Terraeintelligendum,

883 2252 918 2277 ut
932 2249 1001 2278 AEn.
1024 2249 1082 2281 vI,
1102 2249 1172 2278 727.
1193 2247 1232 2276 de
1253 2247 1308 2276 hoc
1330 2247 1484 2276 universo.
1525 2248 1592 2276 Ex-

884 2288 982 2326 pressi
1005 2298 1043 2317 ex
1068 2288 1097 2316 11.
1122 2287 1143 2316 l.
1168 2286 1282 2315 veteris
1306 2287 1405 2324 po'etae
1429 2296 1537 2315 versus
1562 2286 1591 2314 in

885 2327 1052 2365 Pervigilio
1083 2325 1210 2355 Veneris
1240 2326 1289 2353 61.
1321 2325 1388 2354 62.;
1428 2324 1467 2354 In
1496 2325 1591 2353 sinum

881 2365 1005 2394 maritus
1026 2364 1116 2393 imber
1132 2364 1221 2402 fluxit
1240 2363 1325 2392 almae
1341 2362 1480 2402 conjwis,
1509 2363 1592 2392 Unde

894 2407 956 2433 etus
979 2404 1085 2432 mixtus
1109 2413 1206 2431 omnes
1229 2402 1318 2431 aleret
1337 2413 1441 2441 maqno
1462 2412 1591 2440 corpore.

880 2444 978 2471 -329
1005 2443 1078 2470 vid.
1106 2442 1227 2470 Lucret.
1253 2441 1282 2475 Ι,
1305 2442 1342 2470 10
1361 2451 1440 2480 sqq„
1466 2441 1497 2470 in
1515 2450 1590 2478 quos

882 2492 986 2511 versus
1017 2480 1112 2509 omnis
1140 2481 1245 2508 Venus
1273 2479 1371 2509 infusa
1399 2480 1589 2508 est.-Lttx-

879 2525 929 2549 ant
951 2530 1022 2549 arva
1041 2519 1133 2553 sinus,
1154 2528 1234 2553 arva,
1256 2528 1322 2556 quae
1340 2519 1451 2557 frigore
1469 2518 1590 2547 astricta

879 2564 971 2589 erant.
1009 2561 1127 2597 superat
1160 2558 1271 2591 humor,
1306 2558 1450 2591 ubundat3
1480 2558 1508 2585 in
1542 2555 1588 2583 his

880 2597 1039 2636 respicitur
1066 2597 1103 2626 ad
1129 2595 1176 2625 lao
1204 2596 1318 2631 matris,
1345 2597 1382 2626 cf.
1409 2596 1526 2624 Lucret.
1548 2593 1589 2626 V,

879 2639 937 2667 {304
965 2647 1031 2674 sqq.
1077 2636 1170 2665 Terra
1202 2635 1361 2664 admodum
1389 2638 1434 2663 est
1466 2632 1590 2661 humida

880 2678 938 2706 2532
966 2674 1106 2705 Gemina
1125 2674 1246 2712 vulgata
1265 2674 1376 2704 ratione
1396 2671 1533 2709 loquendi
1557 2680 1587 2699 sa
