1796 3077
634 242 904 288 [ENEIDOS.

963 250 1064 290 LIB.
1097 250 1190 288 VII.

137 373 314 417 Saucius
335 382 377 417 at
397 376 639 431 quadrupes
660 384 760 417 nota
780 376 889 417 intra
909 383 1020 418 tecta
1038 376 1207 432 refugit,
1509 378 1592 418 000

135 431 430 488 Successitque
451 449 621 488 gemens
644 433 834 483 stabulis,
859 441 1096 488 questuque
1117 440 1316 475 cruentus

133 488 280 542 Atque
299 490 538 545 imploranti
559 490 700 531 similis
722 497 879 531 tectum
909 505 1031 532 omne
1052 490 1258 544 replebat.

132 545 262 587 Silvia
281 548 415 601 prima
434 563 564 597 soror,
586 547 732 602 palmis
755 561 957 601 percussa
976 547 1171 596 lacertos,

130 602 352 645 Auxilium
371 613 504 655 vocat,
526 612 568 646 et
589 605 718 645 duros
748 602 980 645 conclamat
999 611 1201 659 agrestes·

130 656 212 709 Illi,
233 662 362 715 pestis
384 663 493 703 enim
513 662 648 702 tacitis
678 660 781 701 latet
802 675 952 715 aspera
972 660 1097 711 silvis,

1499 663 1524 702 01

1528 662 1582 702 Ξ

127 715 350 772 Improvisi
371 720 546 760 adsunt:
580 718 649 759 hic
670 725 784 758 torre
803 725 987 758 armatus
1009 719 1176 768 obusto,

129 773 295 828 stipitis
316 775 385 817 hic
406 776 568 830 gravidi
588 775 710 814 nodis
727 790 736 814 :
768 775 884 828 quod
905 775 1056 828 cuique
1077 781 1291 830 repertum

127 830 329 880 Rimanti,
350 832 479 873 telum
499 833 562 871 ira
582 831 694 872 facit.

756 831 896 872 Vocat
916 833 1081 885 agmina
1103 831 1339 886 'l'y1·1·heuS‚

127 887 425 934 Quadrifidam
452 903 654 943 quercum
675 888 818 929 cuneis
838 896 886 929 ut
906 888 1015 929 forte
1036 891 1192 931 coactis

125 943 371 995 Scindebat,
392 954 514 1000 rapta
535 945 698 1000 spirans
721 946 899 986 immane
920 947 1070 987 securi.

1498 946 1582 988 510

123 1001 187 1042 At
208 1017 317 1043 saeva
338 1017 361 1043 e
385 1002 565 1057 speculis
585 1010 750 1056 tempus
770 1003 851 1043 dea
870 1010 994 1043 nacta
1014 1004 1193 1045 nocendi

120 1058 275 1099 Ardua
294 1067 406 1100 tecta
425 1060 532 1113 petit
552 1059 719 1109 stabuli,
741 1066 784 1100 et
804 1059 858 1099 de
877 1059 1056 1101 culmine
1075 1076 1236 1103 summo

123 1114 341 1157 Pastorale
361 1117 471 1157 canit
492 1116 668 1170 signum,
696 1131 913 1169 cornuque
932 1131 1108 1159 recurvo

120 1171 372 1213 Tartaream
392 1173 572 1213 intendit
591 1187 735 1213 vocem
758 1186 766 1210 :
797 1187 882 1226 qua
902 1181 1104 1226 protenus
1124 1191 1247 1217 omne

120 1224 386 1270 Contremuit
406 1244 567 1278 nemus,
593 1236 638 1269 et
658 1228 770 1269 silvae
791 1229 1010 1271 intonuere
1031 1232 1269 1285 profundae,

1494 1231 1576 1275 515

118 1286 271 1327 Audiit
291 1293 333 1327 et
353 1286 511 1327 Triviae
534 1286 659 1340 longe
680 1285 817 1335 lacus3
849 1286 983 1327 audiit
1002 1289 1134 1329 amnis

120 1343 320 1385 Sulfurea
339 1343 434 1384 Nar
453 1343 574 1384 albus
597 1358 718 1396 aqua,
740 1342 963 1397 fontesque
986 1343 1155 1395 Velini3

117 1399 179 1441 Et
198 1400 377 1454 trepidae
397 1408 550 1440 matres
567 1414 759 1453 pressere
781 1400 836 1439 ad
855 1408 1031 1453 pectora
1049 1410 1185 1444 natos.

117 1456 234 1497 Tum
253 1471 352 1497 vero
374 1457 428 1497 ad
449 1471 593 1497 vocem
614 1455 783 1504 celeres,
805 1471 888 1510 qua
907 1457 1085 1498 buccina
1107 1459 1272 1514 signum

117 1510 227 1553 Dira
247 1513 376 1562 dedit,
399 1515 529 1568 raptis
550 1520 806 1555 concurrunt
826 1513 1013 1567 undique
1034 1515 1126 1556 telis

116 1569 316 1611 Indomiti
337 1570 534 1624 agricolae
556 1588 565 1620 ς
596 1585 674 1610 nec
695 1585 778 1610 non
798 1577 841 1610 et
861 1569 995 1611 Troia
1017 1573 1152 1625 pubes

114 1626 301 1668 Ascanio
322 1627 523 1668 auxilium
543 1627 689 1668 castris
710 1625 890 1667 effundit
908 1628 1080 1681 apertis.

115 1683 326 1725 Direxere
348 1685 470 1725 acies.

533 1683 633 1724 Non
648 1684 736 1738 jam
756 1684 981 1725 certamine
999 1687 1172 1740 agresti,

115 1741 340 1796 stipitibus
363 1741 479 1782 duris
501 1742 639 1796 agitur
659 1740 886 1782 sudibusve
907 1743 1103 1795 praeustis
1124 1760 1135 1794 ;

151 1903 209 1930 505
219 1903 324 1940 pestis,
347 1904 449 1934 Furia.
475 1904 554 1933 conf.
578 1914 645 1942 sup.
658 1904 727 1932 476.
747 1903 817 1932 477.

113 1939 204 1969 Latet
225 1942 305 1971 enim
328 1942 379 1971 illa
397 1943 427 1972 in
450 1944 526 1973 silva
548 1943 585 1972 ad
605 1942 818 1981 speculandam

114 1980 240 2009 nocendi
266 1981 411 2010 rationem
435 1986 466 2011 et
492 1983 593 2018 via1n3
623 1991 720 2020 neque
748 1981 817 2009 inde

112 2017 171 2046 nisi
194 2029 224 2047 v.
251 2021 308 2049 511
336 2020 476 2050 discedit.
526 2022 645 2050 Turrem
673 2020 813 2054 obustum,

110 2056 178 2094 quis
204 2068 261 2087 non
287 2059 387 2088 videat
410 2070 477 2089 esse
499 2061 604 2088 sudem
628 2059 814 2097 praeustam?

110 2095 189 2123 conf.
214 2096 266 2126 inf.
285 2099 364 2135 5243
392 2103 424 2128 ut
445 2108 516 2127 mox
541 2098 662 2136 stipites
682 2099 813 2127 nodosos

112 2140 267 2164 memorat.
300 2136 396 2166 cuneis
426 2138 542 2172 coactis,
577 2138 682 2166 adacto
708 2146 813 2170 cuneo,

111 2174 242 2202 accurrit
266 2179 351 2212 pater
375 2176 421 2205 ira
446 2177 586 2211 saeviens,
615 2177 731 2215 spirans
762 2175 817 2203 im-

109 2220 204 2244 mane,
224 2216 296 2247 μέγα
314 2217 410 2244 πνέων.

149 2251 207 2278 512
220 2252 371 2287 stabulum,
392 2254 523 2290 pastoris
541 2253 703 2292 tugurium,
733 2257 767 2283 ut
787 2257 818 2281 et

109 2288 272 2318 alibi.—ln
294 2292 449 2321 514—518
470 2302 633 2330 expressus
655 2292 812 2329 Apollonii

107 2327 205 2362 locus,
219 2329 349 2366 primum
363 2330 480 2367 quidem
493 2331 559 2365 111,
573 2332 660 2365 1217,
675 2331 810 2360 Hecates

109 2376 217 2395 canum
231 2368 362 2398 latratu:
384 2371 486 2397 Πείσεα
510 2371 536 2398 ὸ“
554 2373 650 2404 ἔτρεμε
674 2373 763 2398 πάντα
782 2373 812 2399 et

109 2405 204 2434 multo
232 2407 326 2445 magis
353 2407 491 2436 draconis
516 2408 605 2437 sibilo
629 2409 689 2443 lv,
715 2409 811 2438 127—

109 2445 176 2473 139.
228 2445 350 2484 Virgilii
372 2445 551 2475 imitatorem
567 2447 660 2476 habes
681 2447 809 2476 Statium

109 2482 125 2510 Ι
141 2483 236 2512 Theb.
249 2485 305 2513 118
317 2485 353 2513 de
365 2484 507 2522 anguium
515 2485 692 2523 Tisiphones
707 2486 812 2517 sibilo:

109 2521 214 2550 Audiit
228 2526 255 2550 et
270 2523 377 2553 medius
391 2523 452 2552 coeli
473 2524 643 2552 Parnassus
664 2530 735 2559 etc„
760 2525 812 2553 ubi

108 2559 206 2588 omnia
225 2562 432 2601 multomagis
447 2566 621 2600 portentosa
643 2563 812 2592 videbis.—

108 2599 166 2626 515
190 2601 346 2637 profundae
371 2611 439 2630 cum
461 2601 585 2630 dilectu.
634 2601 671 2629 In
698 2602 812 2631 intimis

107 2646 225 2674 magnae
245 2639 330 2668 silvae
352 2639 528 2670 recessibus
544 2639 723 2669 audiebatur
740 2650 814 2670 vos.

106 2676 206 2705 —516
240 2677 346 2707 Trivioe
373 2679 452 2708 lacus
477 2683 524 2707 est
546 2678 643 2707 Lacus
671 2679 813 2708 Aricinus

104 2723 174 2744 cnut
191 2724 309 2746 nemore
332 2722 361 2747 et
377 2717 489 2757 templo
497 2717 600 2748 Dianae
617 2717 814 2749 nobilissimo.

856 1903 895 1931 cf.
908 1903 962 1932 inf.
978 1915 1007 1933 v.
1021 1905 1091 1933 761.
1131 1904 1220 1934 Nunc
1234 1905 1317 1944 Laqo
1336 1906 1366 1934 di
1386 1905 1487 1941 Nemi,
1507 1918 1563 1938 non

857 1941 946 1981 longe
969 1944 1006 1972 ab
1021 1944 1088 1972 vico
1105 1943 1251 1973 Gens-ano.
1293 1945 1400 1974 Paullo
1421 1947 1564 1976 remotior

859 1982 895 2009 ab
910 1982 957 2010 his
970 1982 1046 2011 locis
1057 1993 1162 2012 versus
1177 1984 1413 2021 septentrionem
1425 1988 1472 2013 est
1481 1985 1562 2021 Nur,

854 2019 906 2057 qui
917 2021 995 2049 inter
1004 2021 1129 2050 Sabinos
1140 2026 1169 2050 et
1179 2022 1308 2051 Umbros
1321 2023 1357 2051 ad
1366 2023 1500 2053 Tiberim
1509 2026 1563 2054 de-

855 2059 982 2093 scendit,
995 2059 1133 2098 sulfureis
1146 2060 1231 2099 aquis
1246 2061 1320 2089 satis
1332 2065 1435 2094 notus,
1451 2062 1488 2091 de
1502 2074 1562 2102 quo

850 2098 913 2134 jam
940 2098 1029 2126 Ennii
1058 2109 1164 2127 versus
1193 2099 1250 2127 VI.
1275 2100 1383 2128 Annal.
1407 2100 1562 2138 Sulfureas

850 2136 949 2174 posuit
962 2137 1119 2174 spiramina
1128 2136 1224 2166 Naris
1235 2137 1274 2166 ud
1283 2137 1384 2173 undas,
1399 2149 1426 2167 v.
1436 2139 1561 2170 Cluver.

858 2185 887 2212 p.
898 2176 967 2209 705,
981 2186 1105 2213 quarum
1120 2180 1225 2204 natura
1238 2175 1388 2205 candorem
1398 2178 1483 2206 facit.
1523 2181 1561 2209 In

857 2214 998 2252 proximo
1012 2214 1108 2243 Lacus
1127 2214 1255 2249 Velinus,
1268 2225 1353 2244 amne
1365 2216 1474 2245 velino
1485 2217 1562 2251 inter

857 2253 1001 2281 montium
1013 2254 1086 2291 juga
1107 2263 1199 2291 super
1211 2254 1310 2282 Reate
1328 2258 1503 2293 stagnante:
1530 2260 1560 2289 in

851 2291 967 2320 Narem
979 2292 1029 2320 ille
1044 2301 1164 2330 quoque
1188 2291 1351 2330 aliquando
1374 2303 1391 2322 a
1404 2294 1449 2322 M.
1464 2294 1558 2328 Curio

851 2330 956 2359 exciso
972 2335 1074 2359 monte
1089 2330 1230 2359 emissus.
1279 2331 1349 2360 Cic.
1365 2332 1422 2362 IV.
1439 2333 1476 2362 ad
1491 2336 1558 2368 Ast,

852 2370 899 2398 15.
913 2369 1000 2398 Cous.
1017 2369 1096 2398 Plin.
1108 2369 1174 2403 ΙΙΙ,
1191 2371 1228 2398 12
1244 2380 1268 2399 s.
1286 2370 1332 2399 17.

889 2409 948 2436 520
976 2408 1064 2437 Ennii
1088 2409 1166 2437 Ann.
1186 2408 1252 2436 111.
1279 2418 1387 2437 versus
1417 2414 1486 2440 sunt
1508 2419 1557 2448 ap.

852 2446 989 2476 Maeroh.
1011 2447 1088 2476 VII.
1109 2448 1137 2475 3.
1186 2447 1348 2485 Postquam
1364 2447 1472 2486 defessi
1490 2454 1557 2478 sune

851 2490 960 2514 stantes
973 2495 1110 2524 sparyere
1123 2496 1183 2514 sese
1196 2485 1304 2514 Hastis
1318 2496 1328 2513 :
1362 2488 1474 2516 ansatas
1489 2499 1556 2517 con-

851 2528 973 2553 currunt
988 2524 1112 2562 undique
1132 2524 1301 2553 telis.—52l
1318 2524 1456 2555 Indomiti
1474 2527 1555 2565 ayri-

850 2562 940 2598 colae,·
964 2562 1141 2600 simpliciter
1161 2563 1277 2601 accipio
1291 2563 1394 2598 duros,
1417 2575 1554 2604 asperos.

850 2611 939 2629 -—-uec
953 2612 1009 2630 non
1021 2606 1049 2630 et
1067 2602 1158 2631 Tro'z'a
1166 2601 1264 2640 pubes.
1296 2602 1471 2633 Castrorum
1487 2614 1558 2642 por-

855 2640 893 2668 tis
916 2640 1055 2668 reseratis
1079 2640 1203 2669 mittunt
1223 2641 1368 2670 auxilium
1382 2643 1555 2680 Trojani.·-

854 2678 931 2708 Mox
948 2689 978 2707 v.
996 2680 1064 2708 525.
1090 2680 1150 2708 526
1171 2690 1252 2718 seyes
1271 2684 1338 2709 atra
1351 2681 1490 2709 horrescit
1507 2692 1557 2709 en-

854 2717 942 2747 silum.
963 2728 1041 2756 seqes
1054 2727 1110 2757 pro
1124 2727 1208 2756 agro,
1222 2719 1310 2758 isque
1330 2719 1398 2747 ideo
1412 2730 1467 2758 pro
1481 2719 1557 2749 acie.

1311 2761 1337 2799 3
1364 2773 1389 2798 o
