1796 3077
602 207 870 246 AENEIDOS.

928 209 1028 246 LIB.
1059 209 1134 246 ΙΙΙ.

202 327 318 373 Tum
338 344 437 372 vero
458 329 603 373 infelix
623 331 718 373 fatis
740 333 943 374 exterrita
964 332 1080 373 Dido
1508 332 1593 372 450

147 385 333 430 'Mortem
358 396 472 438 orat3
505 389 635 430 taedet
655 389 749 431 coeli
771 405 958 431 convexa
979 391 1100 430 tueri.

147 445 249 491 Quo
268 445 401 499 magis
421 445 635 499 inceptum
654 455 844 501 peregat‚
865 446 1086 500 lucemque
1107 444 1330 500 relinquat,

146 500 282 550 Vidit,
303 502 537 543 turicremis
554 518 683 556 quum
704 503 815 544 dona
835 505 1069 558 imponeret
1085 504 1179 552 aris,

147 556 442 609 (Hom-endum
464 559 595 612 dictu)
615 559 759 601 latices
779 561 1016 615 nigrescere
1039 575 1195 609 sacros,

146 613 345 669 Fusaque
364 616 407 657 in
428 617 656 658 obscenum
678 632 722 658 se
742 625 904 658 vertere
923 619 1018 658 vina
1039 632 1245 658 cruorem.
1511 614 1595 654 455

148 670 247 712 Hoc
263 673 396 713 visum
415 672 528 722 nulli,
549 688 633 714 non
652 675 733 728 ipsi
752 674 880 715 effata
902 675 1047 715 sorori.

148 727 365 770 Praeterea
385 729 464 770 fuit
484 730 527 769 in
548 731 669 771 tectis
691 731 744 772 de
766 746 970 772 marmore
991 730 1192 785 templum

149 784 354 839 Conjugis
375 786 548 839 antiqui,
569 787 673 827 miro
694 788 809 840 quod
828 787 989 828 honore
1009 787 1188 836 colebat,

148 840 392 883 Velleribus
411 843 540 883 niveis
563 851 604 883 et
626 843 733 884 festa
753 843 902 884 fronde
923 845 1169 885 revinctum.

147 897 264 939 Hinc
284 899 477 939 exaudiri
497 914 622 940 voces
639 907 681 940 et
701 901 830 940 verba
845 901 1031 941 vocantis

1514 897 1598 938 460

148 953 255 995 Visa
274 955 366 1004 viri,
388 970 474 996 nox
494 971 622 1009 quum
644 964 777 997 terras
798 958 977 998 obscura
999 964 1175 998 teneret.

150 1010 335 1065 Solaque
355 1012 606 1053 culminibus
627 1013 743 1054 ferali
765 1015 947 1055 carmine
968 1015 1083 1055 bubo

151 1068 277 1122 Saepe
299 1069 434 1122 queri,
457 1077 498 1110 et
518 1069 665 1124 longas
687 1071 729 1110 in
748 1070 894 1111 fletum
915 1072 1070 1112 ducere
1090 1085 1229 1112 voces,

150 1124 374 1178 lNIultaque
396 1133 603 1179 praeterea
624 1134 765 1167 vatum
785 1128 990 1181 praedicta
1008 1128 1175 1181 piorum

150 1180 352 1222 Terribili
371 1183 531 1223 monitu
552 1183 812 1224 horrificant.

872 1183 979 1238 Agit
999 1185 1089 1237 ipse
1110 1184 1317 1224 furentem

1516 1179 1600 1220 465

151 1237 202 1278 In
222 1238 374 1278 somnis
395 1238 508 1279 ferus
530 1239 716 1288 fEnea53
749 1254 998 1294 semperque
1019 1240 1199 1294 relinqui

151 1293 251 1335 Sola
271 1295 363 1344 sibi,
386 1309 551 1349 semper
570 1295 740 1350 longam
756 1297 999 1337 incomitata
1019 1298 1186 1337 videtur

150 1351 219 1392 Ire
239 1352 361 1400 viam,
382 1358 425 1392 et
445 1351 600 1406 Tyrios
621 1353 790 1393 deserta
810 1368 999 1406 quaerere
1021 1360 1156 1393 terra:

153 1408 440 1449 Eumenidum
459 1408 589 1449 veluti
609 1409 780 1450 demens
798 1410 914 1450 videt
931 1410 1097 1463 agmina
1119 1407 1353 1456 Pentheus,

153 1464 214 1505 Et
234 1464 362 1505 solem
378 1465 601 1518 geminum,
622 1473 665 1507 et
685 1465 876 1520 duplices
894 1481 937 1507 se
958 1466 1182 1507 ostendere
1203 1465 1403 1513 Thebas;

1518 1462 1608 1504 470

152 1520 245 1562 Aut
266 1519 625 1575 Agamemnonius
647 1524 781 1564 scenis
802 1523 984 1577 agitatus
1009 1523 1201 1571 Orestes,

193 1646 262 1675 450.
285 1647 342 1675 451
359 1646 438 1684 satis
456 1647 605 1681 exterrita,
626 1649 815 1675 consternata
831 1649 860 1674 te

154 1689 255 1714 mente
266 1685 383 1723 dejecta
398 1685 486 1714 malis
502 1686 575 1714 suis.
592 1685 631 1713 cf.
646 1685 698 1713 inf.
711 1686 779 1714 464.
795 1688 860 1714 orat

154 1723 334 1762 exquisitius
363 1733 453 1762 quam
481 1728 574 1762 optat,
605 1723 768 1752 desiderat.
796 1723 858 1752 coele'

154 1772 289 1796 convexa,
323 1766 370 1790 τόν
400 1765 494 1791 κοῖλον
522 1765 645 1797 οὐρανὸν,
680 1764 857 1798 ἀμφίκυρτον.

155 1811 277 1829 convexo
288 1805 435 1829 nutantem
451 1802 578 1840 pondere
591 1800 723 1829 mundum
737 1800 858 1829 dixerat

156 1849 223 1877 sup.
246 1839 314 1868 Ecl.
338 1840 396 1873 IV,
418 1841 467 1868 50.
519 1839 641 1868 Primus
671 1839 791 1873 Cicero,
829 1839 857 1867 in

154 1877 275 1907 Arateis
295 1888 324 1906 v.
338 1879 396 1906 314
415 1878 493 1907 hunc
506 1888 593 1906 usum
607 1877 760 1906 invexisse
772 1877 858 1906 vide-

155 1920 224 1953 tui-5
257 1926 328 1945 mox
352 1916 466 1954 placuit
496 1916 634 1955 Virgilio,
668 1915 792 1950 Ovidio,
828 1920 859 1944 et

155 1955 426 1984 aliis.-453—455
442 1955 528 1984 Inter
542 1955 769 1984 sacrificandum
782 1954 859 1983 vidit

156 1993 270 2029 vinum,
293 1993 324 2022 in
344 1994 442 2032 ignem
468 1993 605 2029 libatum,
629 1994 659 2022 in
686 1993 859 2032 sanguinem

158 2032 246 2061 verti.
285 2033 328 2062 At
360 2042 448 2070 quam
481 2037 585 2061 ornate
613 2032 656 2061 siu
681 2032 740 2067 ula,
770 2031 859 2060 etiam

158 2070 289 2109 propriis
320 2071 441 2100 verbis!
475 2071 620 2100 obscenum
678 2081 694 2099 e
723 2081 757 2099 re
790 2070 859 2099 mali

159 2109 266 2138 ominis
300 2114 331 2139 et
363 2110 437 2139 alibi
471 2114 624 2139 notatum:
655 2110 717 2138 Ge:
746 2110 775 2143 1,
801 2110 860 2138 470

156 2147 310 2176 tricremas
337 2158 407 2177 aras
430 2150 492 2186 jam
522 2148 681 2178 Lucretius
708 2148 789 2177 dixit
816 2148 860 2181 H,

154 2186 320 2215 353.—457
340 2187 397 2215 461
421 2186 512 2216 Hunc
537 2187 638 2216 locum
674 2191 741 2216 ante
773 2186 861 2215 oculo

159 2224 303 2253 habuisse
327 2224 449 2254 videtur
473 2225 589 2264 Popius
624 2226 653 2255 iu
685 2225 862 2264 plenissima

160 2263 286 2291 affectus
311 2263 419 2291 summi
446 2263 576 2302 epistola
604 2264 717 2293 Eloisae
746 2274 774 2292 v.
803 2265 861 2292 30⁷

160 2311 227 2340 sqq.
281 2300 441 2340 Templum,-
474 2302 569 2331 intelli
592 2313 607 2331 e
635 2302 776 2332 sacellum
804 2303 860 2340 Sy-

159 2340 238 2369 chaei
252 2340 394 2369 Manibus
408 2340 549 2375 dicatum,
585 2345 699 2370 ortasse
713 2351 780 2370 cum
796 2342 861 2379 ejus

160 2379 258 2417 signo,
280 2383 314 2407 ut
337 2378 466 2407 Ovidius
481 2380 636 2417 expressit
654 2380 801 2418 Ep.V11,
817 2381 866 2408 99.

162 2418 268 2446 Simile
285 2417 395 2446 Elissae
411 2417 556 2455 templum
568 2422 713 2447 memorat
729 2418 822 2446 Silius
837 2418 866 2452 Ι,

160 2457 198 2485 81
222 2455 451 2495 sqq.—antiqui,
478 2456 804 2494 prioris.—Vclleribus
816 2456 861 2484 ni-

162 2495 240 2532 veis‚·
260 2494 364 2523 infulis
378 2504 411 2523 ac
424 2494 510 2522 vittis
525 2494 627 2526 laneis.
649 2505 717 2533 quae
730 2495 819 2524 etiam
834 2495 863 2523 in

162 2533 362 2562 monumentis
400 2532 513 2571 passim
547 2538 717 2562 occurrunt.

165 2572 374 2601 sertis—462.
388 2572 416 2601 3.
431 2572 477 2600 De
488 2571 595 2600 bubone
609 2572 649 2600 cf.
663 2572 742 2600 Plin.
760 2572 804 2607 X,
818 2573 866 2605 12,

166 2619 192 2638 s.
212 2612 259 2639 16.
283 2610 356 2645 sola,
378 2620 421 2639 sc.
443 2610 518 2639 avis.
535 2610 579 2638 H.
618 2610 790 2648 Virgilium,
815 2611 866 2648 qui

188 2648 304 2677 luribus
330 2648 498 2677 nominibus
522 2659 614 2687 genus
637 2648 788 2677 insolitum
813 2649 866 2677 tri-

189 2686 242 2722 nit,
256 2691 289 2716 ut
304 2688 369 2717 Ecl.
380 2689 439 2724 vl,
454 2688 503 2717 62.
517 2687 629 2725 legitur
641 2692 738 2716 cortex
754 2697 864 2723 amara,

747 2534 868 2571 froude,

898 1645 966 1674 Ecl.
982 1645 1049 1681 ΙΙΙ,
1072 1646 1121 1674 69.
1142 1646 1231 1676 αένὶαῑ
1251 1643 1410 1684 palumbes,
1424 1642 1492 1672 Ecl.
1507 1641 1603 1677 VIII,

897 1684 946 1713 28.
970 1685 1062 1713 damae
1090 1684 1195 1718 timidi,
1224 1685 1280 1712 hoc
1307 1683 1373 1711 loco
1398 1681 1469 1710 bubo
1495 1691 1604 1720 genere

897 1723 1037 1752 feminino
1050 1733 1226 1761 usurpasse,
1245 1723 1370 1750 docetur
1386 1719 1606 1758 compositione

899 1763 1071 1794 verborum,
1093 1766 1123 1790 et
1145 1761 1331 1799 grammatici
1355 1759 1451 1789 Latini
1474 1768 1607 1798 pronun-

897 1799 1075 1828 tiat.—bnho
1094 1800 1190 1838 queri.
1210 1800 1240 1828 h.
1259 1809 1285 1828 e.
1306 1802 1414 1836 questa
1428 1803 1489 1834 estj,
1511 1796 1606 1825 infini-

898 1838 1011 1866 nitivus
1032 1838 1203 1873 historicus,
1224 1838 1263 1867 cf.
1281 1838 1350 1866 422.
1370 1840 1401 1865 et
1417 1836 1472 1864 Ge.
1492 1836 1520 1868 1,
1535 1837 1607 1864 485.

899 1877 970 1905 Noli
985 1876 1047 1905 visa
1062 1881 1209 1914 repetere.
1230 1877 1310 1905 Nam
1324 1876 1405 1904 bubo
1422 1878 1546 1913 questus
1559 1878 1607 1902 est

899 1915 1095 1954 quat—:164
1110 1915 1251 1953 Heynius
1269 1915 1297 1943 in
1317 1924 1380 1942 eam
1394 1917 1511 1952 partem
1536 1922 1606 1950 pro-

898 1964 1011 1992 pensus
1027 1958 1083 1988 est,
1095 1958 1129 1982 ut
1142 1954 1303 1983 lectionem
1317 1953 1384 1981 cod.
1410 1951 1510 1980 Vatic.
1533 1951 1607 1979 alio-

900 2002 1025 2031 rumque
1036 1992 1169 2031 priorum
1186 1993 1319 2030 recipere
1333 1991 1516 2019 velit—465
1539 1989 1606 2018 hor-

899 2031 1023 2068 rificant.
1083 2031 1196 2065 Verba,
1230 2041 1297 2069 quae
1332 2034 1478 2058 terrorem
1509 2028 1608 2057 facere

899 2074 1016 2103 notant,
1051 2079 1122 2098 casu
1153 2079 1210 2098 non
1243 2078 1311 2097 raro
1342 2070 1502 2106 ponuntur.
1536 2066 1609 2096 Tac.

901 2108 986 2137 Hist.
1012 2108 1039 2136 I.
1066 2109 1115 2137 86.
1137 2107 1282 2145 Prodiyia
1304 2107 1421 2149 insuper
1451 2104 1610 2134 terrebant.

902 2147 969 2181 III,
987 2148 1036 2177 26.
1057 2146 1183 2175 terrebat
1197 2147 1323 2184 ipsorum
1336 2143 1519 2173 mzles.--W.
1539 2144 1610 2173 469.

900 2187 959 2214 470
973 2185 1022 2214 Ex
1044 2185 1190 2223 Euripide
1216 2185 1341 2213 ductum
1364 2182 1476 2211 Bacch.
1498 2191 1529 2210 v.
1551 2182 1611 2211 906

901 2234 981 2262 sqq„
996 2233 1033 2253 ex
1053 2223 1119 2252 loco
1133 2223 1255 2252 sublimi
1269 2227 1299 2252 et
1311 2221 1433 2251 terroris
1445 2220 1543 2258 pleno,
1557 2220 1611 2249 ubi

901 2266 1070 2292 contemtor
1085 2262 1201 2291 Bacchi
1225 2261 1380 2290 Pentheus
1403 2260 1433 2288 in
1456 2259 1609 2288 vesaniam

900 2306 986 2330 actus
1008 2304 1052 2329 καὶ
1073 2305 1125 2336 μὴν
1147 2303 1214 2338 ὁρᾷν
1233 2313 1280 2334 μοι
1297 2304 1342 2328 δύο
1356 2302 1406 2333 μὲν
1425 2301 1516 2330 ἡλίους
1529 2302 1609 2326 δοκῶ·

900 2343 1004 2369 Δισσάς
1027 2343 1055 2368 δὲ
1073 2342 1176 2376 Θήβας,
1201 2342 1244 2366 καὶ
1274 2340 1388 2372 πόλισμ’
1422 2339 1610 2371 ἑπτάστομον.

904 2379 1029 2408 Servius
1047 2379 1084 2406 ad
1101 2379 1130 2406 h.
1141 2388 1170 2405 v.
1182 2377 1330 2406 Pentheus
1339 2380 1445 2411 autem,
1455 2375 1609 2404 secuudum

904 2417 1073 2455 tragaediam
1090 2416 1225 2449 Pacuvii,
1239 2415 1326 2444 etiam
1340 2415 1399 2453 ipse
1414 2413 1524 2452 furuit.
1550 2414 1609 2442 Pa-

902 2456 983 2485 cuvii
1016 2455 1137 2493 quidem
1166 2453 1268 2483 fabula
1293 2454 1347 2482 tali
1370 2456 1546 2492 argumento
1572 2462 1608 2480 ac

902 2494 1022 2523 nomine
1037 2493 1155 2522 aliunde
1168 2499 1237 2521 uota
1250 2502 1306 2521 non
1320 2495 1377 2526 est,
1392 2492 1447 2521 sed
1457 2491 1495 2519 L.
1530 2490 1613 2520 Attii

909 2533 1041 2561 Bacchas
1072 2536 1250 2560 memoratas
1284 2531 1400 2566 videas,
1435 2540 1475 2559 ex
1502 2530 1610 2558 Graeco

906 2571 986 2600 haud
1014 2570 1106 2599 dubie
1128 2569 1196 2599 illas
1222 2579 1395 2599 conversas.
1445 2567 1609 2606 Virgilium

906 2608 1053 2647 excripsit
1088 2609 1203 2638 Seneca
1223 2609 1333 2647 Agam.
1367 2608 1426 2638 728
1451 2616 1610 2644 ηιμ-ας]-

905 2649 985 2677 mina
1018 2647 1208 2676 Eumenidum
1238 2647 1328 2679 dixit,
1364 2651 1397 2676 ut
1422 2646 1523 2684 poeta,
1554 2653 1611 2681 pro

906 2696 1011 2725 agmen
1024 2686 1111 2715 Eum.
1124 2687 1208 2724 (cum
1221 2685 1284 2716 visa
1298 2685 1425 2715 Penthei
1441 2686 1609 2716 narrentur,
