1796 3077
212 230 306 275 236

639 225 681 263 P.
713 224 944 263 VIRGILII
974 223 1223 264 MARONIS

218 345 491 394 Monstrarat,
514 353 640 399 caput
660 345 765 386 acris
786 345 908 398 equi3
941 344 997 384 sic
1018 359 1113 385 nam
1134 345 1223 387 fore
1239 345 1350 388 bello

218 402 446 457 Egregiam
467 409 508 442 et
528 401 689 442 facilem
710 401 820 441 victu
842 415 918 455 per
940 400 1092 441 saecula
1112 410 1292 455 gentem.

216 457 302 500 Hic
330 457 529 511 templum
550 457 707 498 Junoni
727 457 873 511 ingens
895 456 1069 497 Sidonia
1090 457 1206 497 Dido

218 515 451 562 Condebat,
475 514 594 554 donis
615 512 861 567 opulentum
880 521 922 553 et
941 514 1108 554 numine
1129 514 1257 563 divae3

215 570 350 612 AErea
370 571 437 611 cui
455 570 656 624 gradibus
688 571 915 624 surgebant
934 568 1086 618 limina,
1109 584 1312 624 nexaeque

216 627 321 668 AEre
342 627 505 667 trabes:
547 625 706 666 foribus
726 627 853 667 cardo
875 625 1077 666 stridebat
1097 626 1254 667 ahenis.

215 683 311 723 Hoc
333 683 512 736 primum
528 683 569 722 in
588 682 683 723 luco
700 697 807 722 nova
827 697 892 723 res
910 680 1051 722 oblata
1071 683 1262 724 timorem

1566 681 1653 721 450

215 738 381 788 Leniit3
412 738 481 779 hic
500 739 679 793 primum
699 738 860 779 AEneas
882 753 1051 792 sperare
1074 738 1248 780 salutem

212 793 369 844 Ausus,
391 802 433 835 et
454 794 632 836 adflictis
652 795 798 836 melius
825 794 1038 836 confidere
1060 796 1204 836 rebus.

214 851 410 906 Namque
444 852 521 892 sub
543 852 699 905 ingenti
719 851 868 892 lustrat
887 852 987 892 dum
1007 852 1169 905 singula
1188 851 1356 906 templo,

214 906 423 962 Reginam
442 909 677 962 opperiens,
699 908 810 957 dum,
828 923 922 961 quae
942 907 1109 948 fortuna
1128 909 1179 949 sit
1195 909 1302 956 urbi,

213 963 523 1018 Artificumque
542 979 687 1004 manus
707 964 814 1005 inter
836 979 879 1004 se
900 978 1158 1017 operumque
1180 964 1366 1004 laborem
1567 961 1651 1000 405

216 1020 413 1070 Miratur,
435 1021 548 1060 videt
568 1020 713 1060 Iliacas
734 1035 787 1061 ex
815 1020 960 1060 ordine
981 1034 1159 1073 pugnas,

216 1076 418 1131 Bellaque
429 1077 517 1131 jam
538 1076 646 1117 fania
666 1084 799 1117 totum
820 1075 988 1130 vulgata
1009 1090 1085 1129 per
1104 1077 1260 1126 orbem,

212 1206 297 1226 omen
317 1197 490 1235 intelligam.
519 1198 583 1227 Sic:
614 1201 697 1236 caput
721 1197 912 1236 eqni—atque

213 1245 297 1264 omen
327 1235 446 1265 clamore
475 1236 612 1270 salutant,
647 1236 738 1265 Silius
766 1237 812 1269 II,
845 1237 912 1264 411.

212 1274 368 1302 Servatum
383 1275 450 1303 inde
465 1275 494 1303 in
515 1275 611 1304 nmnis
627 1274 912 1313 Carthaginiensium

212 1313 381 1350 equicaput.
421 1314 547 1342 Poetam
568 1322 694 1351 agnosce
709 1313 736 1341 in
753 1314 818 1346 hoc,
834 1313 913 1350 quod

213 1359 270 1378 non
300 1351 474 1388 simpliciter
496 1352 658 1385 inventum,
683 1352 734 1379 sed
759 1362 776 1379 α
798 1351 912 1379 Iunone

213 1393 412 1423 monstratura,
429 1391 582 1426 objectum
600 1389 789 1423 fodientibus,
806 1394 913 1418 narrat.

213 1426 264 1454 Sic
277 1437 341 1455 nam
364 1428 595 1465 portendebatur
618 1429 691 1494 (ξει-
703 1427 759 1456 hoc
773 1427 912 1466 siynum),

213 1464 275 1493 fore
304 1465 413 1494 Poenos
445 1471 559 1504 gentem
586 1466 635 1495 bel
650 1466 681 1494 ic«
699 1476 759 1494 sam
780 1466 836 1502 (cf.
861 1466 913 1494 inf.

213 1503 280 1537 III,
295 1505 369 1541 539)
391 1504 639 1542 etsczcilemvictn,
653 1504 681 1532 h.
697 1514 763 1542 quae
777 1504 914 1533 habitura

214 1546 295 1570 esset
306 1542 417 1571 victum
433 1543 547 1571 facilem
559 1547 589 1572 et
598 1543 784 1580 expeditum,
796 1542 913 1570 affluen-

213 1584 272 1608 tem
286 1590 323 1609 ex
341 1591 478 1619 agrorum
490 1582 626 1610 ubertate
650 1585 679 1609 et
702 1580 795 1614 cultu,
811 1581 839 1609 iu
852 1582 913 1619 pri-

213 1619 270 1646 mis
284 1619 367 1656 equis
383 1620 552 1658 pascendis.
573 1619 616 1648 H.
651 1619 731 1649 Add.
747 1619 854 1647 Olaud.
879 1620 914 1649 de

212 1655 292 1686 laud.
314 1658 432 1686 Serenae
456 1660 503 1686 54.
523 1657 914 1696 Hispaniasruyumfhciliffi

214 1695 242 1723 h.
268 1706 294 1723 e.
321 1696 452 1734 copiosa.
478 1696 524 1727 W.
538 1713 576 1718 ——
590 1698 646 1725 446
669 1696 813 1734 Templum
835 1696 916 1725 donis

214 1734 373 1771 opulentum
387 1739 413 1763 et
424 1734 538 1763 numine
553 1735 633 1763 dim.
648 1734 721 1762 dona
735 1744 791 1762 non
806 1740 864 1763 tam
878 1735 915 1764 de

215 1773 346 1801 donariis
373 1783 459 1810 quam
474 1773 510 1801 de
524 1773 615 1804 vasis.
632 1773 821 1806 utensilibus,
836 1776 913 1801 toto-

214 1821 270 1847 que
285 1815 429 1849 apparatu
444 1820 527 1839 sacro
549 1810 699 1847 intellig03
726 1821 826 1838 numen
843 1811 916 1839 divae

214 1859 281 1877 cum
296 1849 404 1877 Servio
421 1848 537 1886 accipio
550 1849 588 1877 de
610 1848 769 1876 simulacro
793 1849 856 1877 deae
877 1859 914 1876 ex

215 1896 286 1914 auro
313 1887 406 1915 aliave
433 1887 564 1924 pretiosa
586 1886 708 1915 materia
727 1886 816 1920 sacto,
836 1887 915 1924 quod

213 1924 373 1961 opulentum
397 1926 550 1963 postulare
576 1924 713 1959 videtum
743 1934 796 1953 nec
820 1929 915 1953 tamen

215 1963 259 1990 sic
274 1974 376 1992 numen
389 1967 434 1992 est
448 1963 649 1996 simulacrum,
662 1963 714 1991 sed
728 1973 829 1991 numen
844 1963 916 1991 divae

216 2011 270 2038 pro
283 2002 359 2033 clim,
382 2006 412 2030 et
432 2002 494 2031 hare
510 2002 546 2030 ad
562 2002 753 2030 simulacrum
776 2002 915 2030 refertur.

214 2039 258 2067 H.
273 2040 322 2068 Sic
339 2040 376 2074 11,
393 2041 460 2069 178.
486 2050 585 2069 numen
601 2040 732 2068 reducere
746 2040 782 2068 de
797 2039 915 2068 simula-

214 2088 276 2106 cro.
298 2079 377 2107 Add.
392 2079 449 2113 lv,
465 2079 533 2107 204.
554 2078 708 2112 Ille—448,
723 2079 781 2106 4:19
801 2079 849 2107 Ad
865 2078 914 2107 he-

213 2116 361 2145 micorum
380 2120 545 2155 temporum
563 2116 807 2154 magnificentiam
822 2117 915 2154 perti.

214 2159 275 2189 net,
287 2156 366 2193 quod
382 2156 478 2184 omnia
490 2166 529 2184 ex
546 2165 605 2184 aere
620 2153 701 2184 l‘ecit.
745 2155 837 2184 Unam
852 2155 913 2184 lau-

212 2194 293 2221 dabo
308 2194 423 2222 Alcinoi
448 2194 562 2232 regiam
585 2194 697 2232 Odyss.
721 2207 746 2227 η,
772 2195 821 2223 86.
847 2204 914 2232 sqq.

214 2231 365 2260 Homerus
386 2233 507 2261 eandem
529 2232 704 2271 elegantiam
730 2233 767 2261 ad
792 2233 914 2260 deorum

215 2271 327 2303 sedem,
340 2270 514 2308 Olympum,
527 2271 688 2300 transtulit.
710 2271 812 2306 Quid?
832 2271 913 2308 quod

214 2308 323 2336 Roman
350 2309 417 2336 talis
442 2309 657 2345 magnificentia
682 2313 745 2337 erat
763 2310 912 2347 frequens,

214 2347 302 2383 cujus
318 2347 414 2375 adhue
428 2347 455 2375 in
473 2348 605 2376 Pantheo
617 2347 743 2385 vestigia
753 2347 788 2375 de
813 2347 913 2376 rehen-

213 2385 332 2413 duntur.
373 2385 572 2414 Ornatjssime
585 2391 682 2415 autem
699 2358 813 2424 singull}
827 2391 913 2414 extu-

210 2422 257 2451 lit.
297 2422 398 2451 AErea
406 2424 544 2461 =(aradibus
557 2425 711 2463 surgebant
724 2424 823 2452 limina
838 2428 914 2453 tem-

213 2461 275 2498 plo,
287 2461 316 2488 h.
330 2461 416 2490 limen
428 2467 491 2491 erat
506 2474 544 2491 ex
562 2473 632 2492 aere.
673 2463 799 2500 Suryere
813 2466 912 2491 autem

213 2509 270 2527 non
286 2500 372 2528 modo
388 2501 555 2536 aedilicium,
572 2502 627 2530 sed
640 2506 670 2530 et
680 2501 803 2539 singulae
814 2506 914 2539 partes

213 2538 364 2572 dicuntur,
403 2549 448 2567 uae
469 2539 496 2567 in
511 2550 545 2568 eo
559 2546 638 2574 sunt,
660 2541 688 2568 in
703 2539 808 2577 primis
825 2540 913 2568 editae

214 2580 246 2604 et
259 2576 326 2604 altae
342 2576 370 2604 h.
398 2597 404 2604 .
420 2578 507 2605 sores.
548 2578 607 2606 Sed
624 2578 696 2616 quid
712 2582 757 2606 est
767 2577 912 2606 alterum:

211 2624 292 2642 7191oe
312 2624 370 2643 a’re
397 2616 492 2643 trabes
516 2615 687 2653 sur-flebant?
715 2615 811 2644 trabes
835 2616 913 2644 haud

214 2652 306 2681 dubie
330 2656 397 2681 sunt
421 2658 540 2691 postes:
571 2659 597 2683 e!
625 2666 702 2683 narse
727 2654 821 2683 trabes
846 2659 913 2682 sunt

214 2694 316 2728 postes
343 2690 418 2724 nexi,
438 2691 533 2729 juncti
562 2692 709 2722 liminibus
738 2692 843 2727 mreis‘3
879 2704 912 2722 ea

217 2729 376 2767 minabant,
401 2735 480 2758 erant
506 2740 555 2763 ex,
579 2742 643 2759 (mv.
689 2731 820 2769 Denique
836 2731 909 2769 ipset·

950 1198 1028 1227 fores
1044 1202 1125 1228 erant
1140 1207 1238 1231 aereae,
1253 1196 1301 1226 rel
1324 1198 1356 1225 ut
1378 1196 1467 1234 poeta
1481 1195 1532 1230 nit,
1539 1195 1657 1233 foribus

950 1237 1036 1265 cardo
1063 1237 1201 1265 stridebat
1232 1235 1339 1264 altenis.
1394 1235 1475 1262 Olim
1512 1235 1654 1272 putabam

950 1285 1038 1303 nexas
1051 1285 1107 1303 ‹z’re
1121 1275 1215 1303 trabes
1235 1284 1302 1302 esse
1321 1279 1427 1311 postes
1442 1273 1547 1302 AEneis
1561 1273 1656 1302 cardi-

952 1313 1037 1341 nibus
1049 1315 1181 1350 junctos.
1202 1313 1292 1350 idque
1316 1317 1417 1350 patere
1441 1321 1477 1339 ex
1502 1311 1656 1340 Claudiani

952 1351 1117 1380 imitatione
1132 1352 1172 1380 R.
1187 1351 1276 1379 Pros.
1292 1351 1320 1384 1,
1334 1349 1520 1387 23?.jerrati
1540 1354 1655 1388 postes,-

952 1389 1141 1428 immensaqne
1155 1389 1239 1418 nectit
1254 1388 1380 1417 claustra
1394 1387 1518 1426 chalybs.
1532 1388 1560 1416 h.
1575 1398 1602 1416 e.
1616 1398 1656 1416 ex

953 1428 1080 1466 chalybe
1104 1433 1185 1457 erant
1206 1427 1338 1456 cardines
1363 1427 1572 1455 immensarum
1593 1425 1656 1455 val-

952 1467 1150 1495 varum—H.
1173 1467 1288 1495 Durum
1303 1467 1483 1503 estjungere
1505 1464 1659 1503 suryebane

952 1514 1020 1533 (ηε.
1059 1506 1148 1539 Nam,
1174 1509 1206 1533 ut
1228 1504 1361 1533 omittam
1385 1504 1425 1532 du
1450 1503 1534 1532 licem
1558 1507 1655 1532 struc-

953 1547 1049 1571 turam
1079 1543 1176 1572 limina
1196 1547 1317 1580 suryuut
1337 1543 1423 1580 yradi
1443 1552 1485 1577 us,
1510 1545 1541 1570 et
1563 1541 1659 1570 trabes

953 1586 1075 1619 surqunt
1099 1592 1167 1615 (ere,
1188 1592 1224 1610 ea
1245 1586 1292 1610 est
1312 1581 1466 1609 collocatio
1487 1581 1658 1614 verbonun,

954 1623 987 1647 ut
995 1630 1075 1648 nexoe
1085 1631 1141 1649 (ere
1155 1621 1348 1658 conjungatur
1363 1619 1505 1648 audienti.
1530 1618 1658 1648 Videtur

953 1662 1073 1687 nectere
1089 1659 1200 1697 aliquid
1220 1658 1317 1696 aliqua
1331 1658 1377 1686 vel
1393 1668 1431 1687 ex
1446 1657 1545 1695 aliqua
1560 1660 1654 1686 mate-

953 1697 1102 1726 ria—nam
1126 1702 1250 1736 utraque
1271 1696 1451 1725 constructio
1469 1696 1545 1724 bona
1562 1699 1657 1724 est—-

954 1745 1021 1764 esse
1029 1736 1176 1773 fabricari
1199 1735 1310 1774 aliquid
1335 1735 1371 1763 de
1398 1734 1541 1769 niateria3
1568 1733 1610 1762 ita
1626 1738 1659 1762 ut

953 1784 1043 1802 nexus
1062 1785 1118 1802 aere
1140 1784 1195 1812 pro
1216 1784 1311 1803 :erens
1335 1773 1461 1802 dicatur.
1499 1773 1575 1801 'rum
1590 1782 1659 1801 con-

956 1812 1081 1841 structio
1100 1817 1126 1841 et
1142 1812 1297 1849 surqebant
1321 1811 1416 1840 trabes
1434 1820 1514 1840 nexae
1530 1820 1603 1846 aere;
1626 1815 1658 1839 et

955 1849 1085 1878 evitatur
1129 1850 1288 1879 difficultas
1332 1851 1478 1879 referendi
1507 1848 1656 1887 partiprii

955 1897 1053 1916 nexus.
1098 1889 1222 1917 Graecos
1252 1888 1390 1916 similiter
1416 1892 1577 1922 χρυσόδετος
1602 1896 1657 1924 pro

954 1931 1067 1958 χρύσεος
1086 1936 1258 1964 usurpasse,
1284 1926 1391 1954 evincit
1403 1926 1486 1954 locus
1501 1924 1658 1962 Sophoclis

955 1962 1069 1991 Electr.
1084 1965 1151 1993 837.
1191 1964 1224 1992 Is
1243 1964 1375 2002 loquitur
1393 1964 1430 1992 de
1454 1972 1543 1992 aureo
1557 1962 1658 1991 monili

955 2002 1128 2040 Eriphyles.
1181 2002 1271 2040 Apud
1298 2001 1492 2030 Claudianum
1525 2000 1658 2029 immensa

953 2039 1080 2068 claustra
1103 2044 1171 2069 sunt
1193 2040 1288 2068 valvae
1318 2044 1471 2077 portarum
1496 2039 1657 2068 immensae.

959 2078 1007 2107 W.
1041 2079 1130 2114 Quod
1152 2083 1251 2107 autem
1267 2079 1356 2106 toties
1372 2078 1523 2106 materiam
1536 2078 1658 2115 repetit,

954 2117 1025 2146 facit
1048 2117 1171 2145 Homeri
1186 2117 1334 2156 exemplo.
1348 2117 1386 2144 cf.
1410 2116 1517 2144 Burin.
1542 2116 1578 2144 ad
1597 2116 1657 2144 0».

954 2155 1002 2189 II,
1024 2156 1099 2184 Met.
1121 2157 1284 2184 loz—152
1304 2154 1427 2191 Afflictis
1451 2154 1550 2182 melius
1573 2155 1656 2191 confi-

954 2193 1020 2222 dere
1034 2194 1126 2222 rebm.
1139 2194 1176 2222 de
1190 2194 1272 2222 rebus
1283 2193 1394 2230 afflictis
1407 2193 1507 2230 explet
1519 2193 1605 2221 Serv.
1626 2196 1657 2221 et

953 2232 1056 2261 ceteri.
1095 2233 1154 2260 Sed
1168 2232 1303 2261 absolute
1318 2232 1360 2260 sic
1372 2231 1493 2269 ponitur
1507 2231 1594 2259 etiam
1608 2240 1657 2268 ap.

953 2270 1049 2299 Cicer.
1065 2271 1211 2307 confidere,
1225 2271 1406 2299 confidenter
1425 2270 1654 2307 sperma—455

952 2309 1106 2346 Arlificmn
1126 2320 1235 2342 manns,
1260 2309 1288 2336 h.
1310 2319 1336 2337 e.
1363 2318 1464 2346 opera,
1487 2312 1519 2336 et
1541 2317 1655 2345 operum

952 2346 1086 2381 laborem,
1103 2357 1193 2385 opera
1207 2347 1317 2376 ass'abre
1332 2347 1494 2380 elaborata,
1518 2345 1593 2373 inter
1612 2355 1654 2380 se,

952 2385 1025 2414 dum
1043 2386 1115 2414 varii
1140 2386 1255 2424 generis
1279 2390 1309 2414 et
1335 2385 1450 2414 artificii
1469 2393 1559 2422 opera
1574 2392 1655 2411 com·

952 2429 1047 2461 parat.
1079 2425 1121 2452 H.
1137 2434 1237 2452 monus
1251 2428 1392 2462 art.—op.
1406 2422 1461 2451 lab.
1476 2431 1566 2459 opera
1581 2421 1654 2449 affa-

952 2462 1005 2491 bre
1019 2463 1178 2492 elaborata.
1195 2473 1294 2491 manus
1317 2463 1354 2491 ad
1379 2466 1471 2490 artem
1492 2460 1570 2488 refer
1590 2459 1654 2502 sive

952 2500 1090 2539 pingendi
1106 2501 1256 2535 rationem,
1279 2501 1385 2538 cuique
1406 2498 1510 2527 artifici
1535 2507 1654 2535 propn—

953 2548 1010 2567 am.
1060 2540 1144 2568 Petr.
1170 2541 1268 2577 Satyr.
1289 2541 1338 2568 53.
1391 2536 1535 2565 Zeuxidos
1554 2546 1656 2564 munus

952 2577 1021 2611 vidi,
1036 2578 1158 2606 nondum
1176 2578 1324 2607 vetustatis
1335 2575 1440 2612 injuria
1453 2575 1551 2602 victas.
1573 2575 1655 2604 Add.

953 2617 1030 2644 Stat.
1046 2617 1130 2649 Stlv.
1156 2617 1182 2651 I,
1208 2618 1235 2645 3.
1259 2617 1308 2645 47.
1329 2618 1453 2643 velerum
1473 2612 1654 2650 (artificum)

952 2650 1152 2683 711111111s.'—Ab
1165 2659 1227 2683 arte
1242 2659 1338 2682 autem
1359 2651 1523 2689 distingues
1537 2660 1653 2688 operum

951 2692 1088 2728 lahorem,
1102 2694 1140 2721 cs.
1156 2694 1209 2721 Ge.
1226 2693 1269 2726 II,
1287 2693 1352 2720 155.
1398 2690 1442 2719 'V-
1484 2689 1529 2718 Est
1542 2692 1652 2722 autem,

951 2742 1075 2767 quorum
1093 2735 1264 2765 :irinum-uta
1289 2739 1356 2758 mox
1381 2732 1583 2766 exponuntur,
1604 2727 1654 2755 aa(
