1796 3077
658 218 927 258 AENEmOS.
984 195 1086 258 Lm.
1117 217 1194 257 111.

1521 228 1616 273 293

163 344 405 388 POSTQUAM
426 360 494 387 res
516 345 632 386 Asiae
653 344 892 399 Priamique
913 353 1102 387 evertere
1122 354 1291 400 gentem

161 400 418 443 Immeritam
438 404 571 444 visum
591 403 766 457 superis,
787 402 1023 457 ceciditque
1043 404 1274 457 superbum

164 458 297 508 Ilium,
320 467 363 500 et
383 461 514 501 omnis
535 460 663 501 humo
684 459 818 500 fumat
837 459 1058 514 Neptunia
1078 460 1212 515 Troja
1229 477 1239 510 3

162 515 344 557 Diversa
364 517 509 559 exsilia
530 524 573 558 et
594 518 783 558 desertas
805 532 995 570 quaerere
1015 525 1148 558 terras

160 571 364 627 Auguriis
384 575 547 628 agimur
566 575 721 624 divum,
743 572 1002 628 classemque
1024 575 1103 615 sub
1122 574 1217 628 ipsa
1585 575 1611 615 5

159 628 386 672 Antandro
407 639 449 672 et
466 631 666 687 Phrygiae
687 630 880 672 molimur
900 632 1112 672 montibus
1135 631 1238 680 Idae,

157 686 327 736 Incerti,
351 703 435 742 quo
456 689 544 730 fata
564 689 715 738 ferant,
736 689 810 729 ubi
831 689 978 729 sistere
1000 689 1150 738 detur3

158 743 541 800 Contrahimusque
560 747 685 786 viros.

747 745 835 786 Vix
853 746 990 799 prima
1008 746 1225 800 inceperat
1244 752 1382 795 aestas,

159 800 220 841 Et·
240 809 362 855 pater
383 801 593 843 Anchises
615 802 717 843 dare
738 802 835 842 fatis
857 801 947 842 vela
962 803 1170 856 jubebat3

158 857 307 898 Litora
327 874 456 912 quum
477 860 624 913 patriae
644 858 865 899 lacrimans
888 867 1123 912 portusque
1144 858 1338 911 relinquo
1563 858 1613 899 lO

158 914 218 954 Et
231 930 421 969 campos,
443 917 516 956 ubi
534 915 667 970 Troja
689 915 783 956 fuit.

843 915 977 956 Feror
997 915 1118 956 exsul
1139 916 1181 956 in
1201 914 1331 956 altum

157 970 265 1012 Cum
286 973 407 1014 sociis
429 981 613 1027 natoque
635 973 869 1014 Penatibus
889 980 933 1013 et
953 973 1114 1026 magnis
1135 973 1213 1013 dis.

212 1028 351 1070 Terra
371 1029 521 1084 procul
540 1030 668 1071 vastis
690 1029 842 1070 colitur
862 1028 1076 1071 Mavortia
1097 1029 1270 1084 campis,

155 1084 349 1127 Thraces
370 1094 503 1135 arant,
525 1087 612 1128 acri
632 1087 846 1141 quondam
866 1093 1041 1140 regnata
1064 1087 1279 1141 Lycurgo,

154 1141 400 1196 Hospitium
420 1144 639 1197 antiquum
661 1143 823 1197 Trojae,
846 1144 1030 1197 sociique
1052 1143 1249 1190 Penates,
1558 1144 1611 1184 15

155 1198 272 1240 Dum
292 1199 462 1241 fortuna
482 1200 574 1241 fuit.

190 1333 307 1364 Rerum
326 1336 472 1365 varietate
492 1340 522 1366 et
541 1336 686 1366 doctrinae
705 1337 791 1375 copia
816 1336 864 1364 hic

152 1371 228 1402 liber
247 1374 358 1403 ceteris
379 1375 467 1404 facile
492 1380 630 1414 praestat‚
653 1379 736 1404 totus
756 1375 806 1404 ille
828 1375 865 1403 ad

153 1411 302 1450 Odyssea:
323 1413 497 1452 exemplum
517 1414 716 1452 conscriptus.
738 1415 815 1443 conf.
836 1413 865 1441 in

152 1449 257 1488 primis
289 1451 413 1481 Cluver.
446 1452 531 1481 Sicil.
559 1456 620 1482 ant.
646 1463 679 1491 p.
703 1454 772 1482 252.
798 1462 864 1490 sqq.

153 1489 244 1525 Quod
261 1494 358 1519 tamen
372 1490 502 1520 lectores
524 1491 673 1520 suavitate
694 1502 748 1520 sua
768 1491 864 1520 minus

152 1528 245 1566 vulgo
257 1529 385 1563 detinet,
399 1539 455 1558 non
469 1534 529 1559 tam
544 1530 575 1558 id
591 1530 676 1564 facit,
697 1530 777 1569 quod
788 1530 865 1558 liber

152 1567 302 1596 secundus
331 1569 501 1611 gravissimi
526 1569 801 1607 argumenti—nam
826 1569 864 1597 de

153 1605 255 1644 Trojae
270 1607 391 1636 excidio
403 1608 663 1646 agit—antecedit,
688 1612 719 1636 et
735 1607 864 1636 Didonis

152 1654 270 1674 amores
282 1646 459 1675 suavissime
472 1646 865 1690 narratisequuntur‚quam

152 1682 219 1718 hoc,
233 1685 312 1722 quod
324 1685 485 1713 multarum
499 1695 610 1719 rerum,
631 1695 660 1713 ln
675 1685 781 1723 primis
796 1695 864 1723 quae

151 1722 191 1750 ad
218 1723 338 1761 mythos
361 1729 480 1753 veteres
505 1728 536 1752 et
557 1724 774 1762 geographiam
790 1724 864 1752 anti-

153 1770 242 1798 quam
264 1766 412 1799 spectant,
432 1762 568 1791 notitiam
589 1763 698 1792 habere
717 1763 808 1792 debet
824 1762 864 1797 is,

150 1800 204 1837 qui
219 1801 328 1836 omnia,
370 1811 417 1830 uae
435 1803 525 1840 poeta
544 1801 652 1831 leviter
665 1805 778 1830 tantum
792 1801 861 1830 atti-

152 1837 197 1876 git
209 1843 239 1867 et
254 1841 446 1877 perstrinxit,
457 1840 625 1877 intelligere
641 1840 724 1869 velit.

192 1877 266 1906 1-3
281 1889 329 1907 res
341 1879 435 1913 Asiae,
448 1888 573 1917 regnum
588 1879 683 1913 Asiae,
695 1889 725 1907 v.
739 1888 807 1917 sup.
823 1878 860 1907 ad

152 1915 200 1950 ΙΙ,
214 1917 427 1956 556.—(humo
443 1917 577 1955 intellige
590 1917 691 1952 solum,
706 1920 818 1954 ἔδαφος,
830 1917 860 1945 in

148 1964 210 1992 quo
225 1956 295 1984 urbs
309 1956 475 1992 aedificata3
489 1957 542 1985 hac
554 1956 746 1995 humofumat
760 1956 860 1994 Troja,

149 1992 286 2022 incendio
306 1995 487 2034 conflagrata
507 1995 640 2033 (cecidit)
655 2000 686 2024 et
699 1996 729 2024 in
743 1995 862 2024 cineres

147 2031 275 2070 dilapsa
293 2033 359 2072 W.)
397 2035 476 2063 4—ss
490 2034 620 2063 Diversa
633 2034 746 2068 exsilia,
766 2034 863 2062 ‹leser-

149 2073 188 2098 tae
205 2075 305 2106 ierroe,
325 2073 363 2101 ad
384 2073 605 2102 miserationem
627 2073 701 2102 satis
716 2073 862 2111 graviter,

150 2117 207 2150 pro
233 2111 321 2140 terris
347 2112 433 2141 novis
460 2122 494 2141 ac
519 2111 652 2146 diversis,
677 2112 861 2151 long-inquis,

149 2147 430 2180 inhabitandis.—A
436 2151 549 2188 uquriis
561 2151 656 2180 divum
676 2160 742 2189 sup.
755 2151 782 2184 1,
793 2151 862 2179 382.

150 2195 208 2222 sq„
228 2187 287 2216 nisi
305 2188 417 2218 addere
438 2189 526 2219 malis
546 2190 719 2228 prodigium
733 2190 860 2218 ssammae

150 2224 197 2252 ΙΙ.
212 2235 241 2253 ν.
254 2226 323 2260 682,
332 2231 362 2255 et
372 2227 496 2257 Creusae
512 2229 656 2257 monitum
671 2239 700 2257 V.
715 2229 784 2257 780.
825 2228 862 2256 In

149 2262 307 2293 Antandro
322 2270 495 2303 argutantur
510 2267 706 2304 grammatici,
722 2270 754 2296 et
767 2267 796 2295 in
811 2267 863 2295 ad-

145 2302 229 2339 jecto
243 2302 307 2342 ipsa
320 2303 427 2333 Cerda.
467 2305 583 2334 Sufficit
595 2316 634 2335 ex
646 2306 748 2335 Strab.
759 2306 861 2339 XIII,

148 2349 180 2377 p.
195 2342 264 2370 606.
278 2342 318 2370 D.
332 2345 446 2377 tenere,
455 2353 562 2373 versus
572 2345 727 2373 meridiem
739 2349 769 2373 et
780 2345 859 2373 haud

148 2380 255 2416 procul
277 2381 314 2409 ab
336 2381 405 2415 Ilio,
427 2382 464 2410 ad
484 2382 580 2411 sinum
595 2384 859 2420 Adramyttenum,

147 2418 253 2453 fuisse,
277 2419 383 2448 saltem
403 2419 567 2450 serioribus
588 2422 787 2460 temporibuS‚
808 2432 859 2451 nr-

146 2456 213 2485 bem
235 2458 433 2493 Antandrum,
453 2459 568 2493 navale,
589 2460 627 2490 ad
648 2460 727 2490 Idaei
747 2462 859 2489 montis

147 2495 277 2525 radices.
319 2497 400 2525 Nihil
434 2497 526 2535 igitur
559 2498 677 2532 mirum,
710 2499 736 2527 si
768 2501 859 2537 poeta

147 2543 236 2564 naves
263 2536 368 2565 AEneae
398 2536 428 2564 in
452 2541 513 2565 tam
537 2536 629 2565 nobili
648 2542 678 2566 et
701 2539 858 2567 commodo

147 2571 213 2602 loco
244 2575 408 2603 aedificatas
442 2575 546 2604 tradit.
586 2575 732 2605 Materies
768 2577 858 2606 classi

148 2612 333 2642 aedificandae
348 2614 377 2642 in
392 2614 458 2647 Ida,
477 2618 507 2642 et
525 2613 644 2652 quidem
661 2613 692 2642 in
709 2615 793 2652 jugis
820 2617 856 2645 ad

147 2658 226 2678 mare
273 2653 506 2685 mouri-entibus,
530 2652 688 2689 Gccrgyarv's,
713 2658 856 2691 suppete-

148 2688 208 2716 bat.
224 2661 270 2731 eti.)
279 2691 382 2720 Wood
398 2692 494 2730 Essay
510 2701 547 2719 on
565 2691 692 2725 Homer,
706 2701 736 2730 p.
749 2693 856 2721 323.—

145 2727 164 2755 8
201 2727 255 2757 Vm
279 2729 378 2768 prima
404 2730 549 2770 inceperat
575 2734 663 2759 (escas
691 2740 714 2759 s.
743 2731 857 2760 aestatis

635 1200 768 1241 Feror
788 1199 885 1249 huc,
905 1207 948 1240 et
968 1200 1089 1241 litore
1112 1214 1240 1241 curvo

902 1335 1000 1374 prima
1020 1346 1102 1374 pars,
1123 1336 1150 1364 h.
1166 1346 1193 1364 e.
1214 1343 1278 1363 ver.
1300 1333 1379 1362 Nam
1398 1334 1490 1372 Troja
1511 1345 1617 1366 eversa

904 1374 1000 1402 fertur
1015 1375 1070 1403 snb
1084 1375 1202 1403 initium
1215 1372 1366 1402 veris—9
1379 1373 1477 1407 Fatis,
1490 1380 1616 1413 propter

905 1413 1031 1441 deorum
1042 1414 1130 1450 jussa
1143 1416 1172 1441 et
1184 1411 1306 1445 monita,
1322 1412 1361 1440 de
1377 1412 1485 1449 quibus
1501 1414 1538 1441 ad
1553 1424 1582 1442 v.
1595 1418 1614 1444 5

903 1451 1185 1481 dictum.—10—l2
1212 1450 1255 1479 Ec
1283 1460 1407 1488 campos,
1443 1450 1492 1478 ubi
1526 1451 1615 1491 Trry'a

896 1490 972 1527 fuit,
985 1490 1093 1529 pathos
1108 1491 1137 1518 in
1151 1489 1299 1518 brevitate
1315 1490 1378 1526 jam
1399 1489 1537 1519 Macrob.
1559 1492 1614 1520 mi-

904 1532 988 1558 ratus
1001 1534 1047 1558 est
1061 1529 1100 1563 V,
1114 1531 1141 1557 1.
1158 1539 1219 1557 cum
1232 1527 1319 1556 sociis
1338 1537 1367 1555 v.
1389 1537 1457 1565 sup.
1477 1528 1524 1557 ΙΙ.
1544 1530 1614 1559 796.

903 1567 1103 1596 -Ρεηαίἰὺιιε
1117 1571 1144 1595 ct
1157 1565 1269 1605 maym's
1281 1565 1326 1593 dis
1336 1576 1345 1593 .·
1365 1565 1395 1594 hi
1410 1566 1489 1594 inter
1505 1577 1537 1596 se
1550 1568 1614 1597 dis-

904 1607 1047 1635 cernendi
1067 1606 1217 1644 quomodo
1232 1605 1299 1638 sint,
1315 1604 1369 1633 vix
1391 1605 1492 1634 dicere
1507 1606 1612 1644 habeo,

905 1655 973 1673 cum
999 1650 1030 1674 et
1054 1649 1200 1683 perpetuo
1224 1653 1280 1682 pro
1302 1643 1408 1672 iisdem
1436 1643 1614 1682 habeantur,

904 1693 1000 1722 neque
1015 1684 1087 1713 alios
1104 1684 1215 1713 AEneas
1228 1691 1330 1711 secum
1346 1683 1439 1719 Troja
1452 1683 1615 1715 abstulisse

903 1727 1106 1759 memoretur3
1141 1722 1289 1751 creditum
1323 1724 1421 1749 autem
1448 1726 1505 1756 est,
1540 1724 1613 1752 deos

903 1771 1027 1800 magnos
1042 1761 1295 1793 Samothracicos,
1307 1759 1445 1793 Cabiros,
1460 1761 1516 1789 hos
1530 1761 1614 1800 ipsos

903 1800 1033 1829 Penates
1054 1800 1158 1828 fuisse.
1175 1800 1232 1829 Inf.
1250 1809 1279 1827 v.
1300 1798 1368 1826 148.
1382 1798 1501 1837 Effiqies
1520 1811 1614 1831 sacroe

899 1838 1003 1867 divum
1017 1838 1199 1877 Phrygiique
1215 1838 1358 1867 Penates.

938 1879 1054 1906 13-18
1072 1878 1208 1906 Primum
1220 1875 1379 1906 Thraciam
1398 1876 1539 1906 universe
1560 1878 1612 1908 de-

901 1916 1009 1954 signat,
1038 1916 1130 1945 Terra
1156 1914 1309 1944 Mavortia
1341 1915 1426 1951 (nam
1452 1915 1613 1947 Thraciam

900 1956 995 1984 Marti
1006 1956 1110 1984 sedem
1123 1955 1216 1984 tribui
1228 1956 1290 1993 jam
1301 1954 1338 1982 ab
1351 1953 1494 1989 Homero,
1508 1960 1611 1985 notum

901 1999 961 2029 est,
981 2000 1011 2023 et
1031 1994 1072 2023 cf.
1091 1994 1142 2022 inf.
1157 1994 1211 2032 35)
1224 1993 1315 2022 vastis
1335 1993 1613 2030 campis—Thraces

900 2038 988 2061 arant
1008 2037 1110 2061 natum
1130 2032 1258 2061 sortasse
1279 2042 1318 2060 ex
1342 2031 1448 2069 primis
1468 2032 1610 2064 Hecubae

902 2072 1077 2110 Euripideae
1091 2081 1190 2100 verss.
1211 2072 1240 2100 8.
1254 2069 1398 2103 9.--αει-ἰ,
1411 2080 1506 2105 saevo,
1520 2082 1611 2110 quon-

901 2111 968 2139 dum
990 2115 1112 2149 regnata
1133 2109 1279 2147 Lycur90‚
1306 2113 1374 2138 noto
1400 2118 1416 2136 e
1442 2108 1551 2138 sabulis
1571 2111 1610 2140 de

902 2150 1035 2183 Baccho,
1061 2159 1091 2177 v.
1113 2148 1241 2177 Homer.
1268 2147 1358 2176 Iliad.
1385 2150 1409 2180 ζ,
1438 2148 1504 2175 130.
1525 2159 1609 2188 sqq-3

900 2192 1023 2226 reynata
1047 2187 1182 2225 passive,
1205 2191 1240 2215 ut
1265 2190 1296 2215 et
1319 2185 1402 2215 alibi.
1440 2186 1610 2226 Hospitium

900 2227 1049 2266 antiquum
1073 2226 1168 2263 Trojae
1188 2235 1368 2259 memorans,
1392 2234 1493 2263 regem
1514 2226 1608 2256 Thra-

901 2276 969 2295 cum
993 2265 1120 2304 hospitii
1140 2265 1210 2301 jure
1238 2274 1306 2292 cum
1328 2263 1450 2294 Priamo
1469 2264 1608 2302 junctum

900 2304 1032 2335 indicat:
1052 2313 1149 2342 neque
1161 2302 1253 2331 socios
1269 2304 1396 2332 Penates
1411 2302 1503 2337 aliud,
1519 2314 1608 2342 quam

898 2343 1131 2372 declarationem
1157 2342 1223 2379 ejus
1256 2342 1391 2381 hospitii,
1425 2352 1491 2370 esse
1523 2347 1609 2381 puto.

899 2382 1048 2411 Videntur
1064 2381 1141 2410 enim
1156 2380 1294 2419 hospites
1306 2381 1429 2409 eosdem
1444 2381 1517 2410 deos
1530 2386 1609 2411 tute-

897 2420 987 2455 lares,
1014 2420 1119 2448 saltem
1144 2420 1250 2449 Jovem
1279 2419 1403 2458 hospitii
1432 2420 1607 2457 przmidem,

898 2459 1048 2488 habuisse.
1089 2459 1206 2496 Regem
1228 2458 1363 2488 Thraciae
1390 2459 1542 2497 sequentia
1577 2470 1608 2488 v.

897 2500 946 2526 49.
984 2497 1137 2526 declarant
1176 2502 1237 2525 unu
1270 2497 1362 2527 fuisse
1394 2497 1608 2534 Polymnesto-

896 2547 969 2566 rem.
1010 2537 1077 2566 Jam
1097 2536 1175 2564 hune
1198 2536 1416 2566 Chersonesum
1429 2537 1605 2566 Thracicam

897 2575 1040 2608 tenuisse,
1050 2574 1140 2613 vulgo
1155 2576 1329 2604 narrabatur
1341 2587 1349 2613 ;
1366 2575 1447 2614 quod
1460 2576 1489 2604 in
1500 2576 1607 2614 primis

897 2614 1053 2652 Euripidis
1074 2613 1252 2642 auctoritate
1275 2618 1405 2647 constat,
1427 2615 1455 2643 in
1478 2615 1607 2643 Hecuba

897 2665 926 2681 v.
951 2654 980 2682 8.
1001 2657 1030 2681 et
1048 2653 1085 2681 al.
1107 2652 1267 2691 Virgilius,
1281 2654 1352 2683 dum
1367 2653 1403 2682 ad
1420 2653 1516 2682 Hebri
1530 2653 1606 2682 ostia

895 2693 1000 2721 urbem
1017 2692 1054 2720 ab
1066 2691 1161 2720 AEnea
1173 2692 1324 2721 conditam
1337 2693 1531 2723 memorabat,
1540 2701 1607 2719 nar-

897 2731 1053 2765 rationem,
1078 2730 1179 2760 fabula
1199 2741 1216 2760 a
1240 2731 1336 2760 vicina
1358 2730 1478 2768 regione
1499 2729 1606 2768 petita.
