1796 3077
587 210 923 249 GEORGICON.
973 211 1074 250 Lm.
1106 212 1175 249 1v.
1515 220 1602 265 199

155 332 290 375 Jussit
311 334 424 375 adire
446 333 626 375 domus?
657 336 811 389 quidve
831 334 929 376 hinc
950 335 1060 390 petis
1077 336 1092 375 ’ἰ
1124 335 1270 390 inquit.

1329 334 1390 376 At
1410 335 1477 377 ille
1496 352 1504 376 ε

157 391 262 441 Scis,
294 391 466 440 Proteu,
494 391 573 431 scis
593 392 708 446 ipse;
744 407 880 446 neque
901 400 964 433 est
983 400 1024 433 te
1045 391 1188 433 fallere
1209 393 1438 447 quidquam
1457 410 1467 442 ;

157 448 244 489 Sed
265 455 312 488 tu
332 448 474 489 desine
496 446 614 489 velle.

676 449 820 490 Deum
840 456 1055 504 praecepta
1075 449 1221 499 secuti,

156 503 360 546 Venimus
380 505 478 546 hinc
497 504 625 559 lapsis
646 507 870 560 quaesitum
891 505 1061 547 oracula
1079 507 1222 547 rebus.

154 560 342 603 Tantum
362 561 528 603 effatus.

587 561 660 604 Ad
680 563 771 604 haec
792 570 907 603 vates
929 563 968 602 vi
987 563 1170 616 denique
1191 562 1320 604 multa
1516 562 1600 602 450

153 617 368 660 Ardentes
391 618 534 660 oculos
554 619 720 661 intorsit
739 619 893 661 lumine
915 619 1079 674 glauco,

154 674 228 724 Et,
252 677 436 730 graviter
454 676 664 726 frendens,
687 677 745 718 sic
765 676 862 717 fatis
883 691 957 716 ora
976 675 1147 717 resolvit
1164 693 1173 717 :

211 732 314 773 Non
335 740 376 774 te
397 732 548 774 nullius
568 741 769 775 exercent
791 733 969 774 numinis
990 734 1076 774 irae.

154 788 317 844 Biagna
335 789 413 830 luis
435 791 652 831 commissa
672 806 680 829 :
709 790 787 830 tibi
807 790 884 830 has
904 788 1150 830 miserabilis
1172 787 1375 843 Orpheus

153 845 542 900 Haudquamquam
563 847 617 887 ob
639 848 831 886 meritum
852 861 1014 900 poenas,
1038 847 1080 886 ni
1101 846 1185 886 fata
1207 847 1417 895 resistant,
1519 845 1557 885 4.
1576 873 1583 884 .

1553 846 1602 885 55

154 902 351 951 Suseitat,
379 910 421 943 et
441 911 564 957 rapta
585 903 768 957 graviter
788 917 866 956 pro
888 903 1068 956 conjuge
1091 903 1220 942 saevit.

156 958 233 1000 Illa
256 960 439 1013 quidem,
469 960 569 1000 dum
591 967 632 1000 te
654 959 820 1013 fugeret
840 973 917 1013 per
937 958 1107 999 flumina
1129 973 1331 1013 praeeeps,

155 1015 385 1057 Immunem
407 1024 503 1057 ante
523 1017 655 1070 pedes
676 1016 871 1069 hydrum,

901 1017 1102 1056 moritura
1122 1015 1274 1069 puella,

155 1073 402 1114 Servantem
423 1074 535 1127 ripas
558 1073 641 1114 alta
662 1088 745 1113 non
767 1073 870 1112 vidit
890 1072 931 1111 in
952 1072 1100 1113 herba.

153 1129 215 1171 At
235 1130 388 1171 chorus
409 1129 583 1184 aequalis
606 1130 830 1183 Dryadum
851 1128 1032 1170 clamore
1054 1143 1272 1184 supremos
1519 1130 1602 1170 460

151 1258 206 1286 Gr.
220 1262 272 1293 γὰρ
293 1268 348 1296 pro
363 1262 405 1293 δὴ,
421 1259 490 1311 fluis
512 1257 647 1287 tandem?
679 1258 776 1297 (Add.
801 1259 859 1286 Te—

152 1300 226 1325 rent.
254 1297 376 1325 Phorm.
403 1297 442 1332 l,
472 1299 498 1331 1,
522 1300 551 1325 5.
598 1297 677 1326 Nam
704 1307 779 1335 (μα),
809 1296 861 1325 ubi

154 1335 289 1364 Donatus
312 1335 390 1364 hunc
413 1335 512 1365 lociun
533 1335 644 1364 attulit.
670 1335 734 1373 W.)
782 1335 861 1364 Nam

152 1373 230 1412 quis,
251 1384 306 1412 pro
329 1374 473 1412 quisnam,
496 1375 576 1412 quod
596 1379 627 1403 et
646 1374 784 1412 Heynius
800 1384 861 1402 mo-

152 1412 227 1441 nuit.
248 1412 451 1442 S.—Homer.
476 1412 537 1441 Od.
559 1417 584 1447 δ,
605 1413 772 1441 462.-447
796 1412 862 1441 Scis

153 1451 278 1484 Protea,
297 1451 353 1479 scis
370 1451 440 1490 ipse,
462 1462 499 1480 ex
513 1451 552 1481 Il.
567 1465 594 1484 α,
615 1453 775 1485 aea—est,
792 1457 862 1480 noto

154 1490 322 1527 graecismo,
352 1495 387 1519 ut
412 1490 479 1519 Ecl.
504 1490 549 1525 X,
569 1491 618 1519 46.
641 1492 686 1518 οὐκ
713 1493 787 1518 ἐστὶν
813 1491 862 1527 (οὐ

152 1533 263 1556 δυνατὸν
282 1529 358 1565 ἐστι)
380 1531 479 1561 θνητῶν
503 1543 562 1557 τινα
583 1531 758 1562 ἠπεροπεύειν
778 1532 810 1556 σέ
824 1542 860 1563 τι,

152 1567 238 1602 (κατά
253 1566 405 1605 τι.)ῄ148
424 1567 519 1596 desine
540 1566 609 1596 velle
625 1577 666 1595 sc.
687 1567 789 1594 fallere
804 1576 861 1596 me.

152 1606 202 1634 Ita
217 1615 286 1634 cum
306 1606 476 1634 Burmanno
498 1606 569 1634 olim
582 1605 799 1642 interpretabar
815 1615 861 1633 se-

151 1645 280 1673 cundnm
294 1643 454 1673 lectionem
468 1643 622 1682 vulgarem
644 1643 793 1681 cuiqnam,·
816 1647 860 1671 at-

152 1693 210 1721 que
226 1683 397 1717 etiamnum,
412 1683 540 1712 lectione
555 1683 701 1711 bonorum
715 1681 860 1709 librorum

150 1721 308 1760 quidquam
322 1726 456 1758 recepta,
475 1731 533 1749 non
547 1720 632 1749 aliter
654 1720 859 1758 accipiendum

151 1770 219 1789 esse
235 1760 332 1789 video.
372 1759 451 1788 Nam
472 1763 593 1788 extorta
615 1763 662 1787 est
684 1768 751 1787 cnm
771 1758 803 1787 vi
818 1758 860 1786 al-

150 1802 217 1827 tera
241 1798 466 1836 interpretatio:
498 1802 528 1826 ἰιι
551 1797 645 1826 desine
667 1796 737 1825 velle
759 1807 802 1825 sc.
828 1801 858 1826 te

148 1837 255 1865 fallere
280 1837 455 1875 quidquam,
490 1846 526 1865 ne
553 1835 670 1869 simula,
704 1840 733 1864 te
766 1834 859 1864 latere

151 1876 325 1913 quidquam.
363 1875 487 1904 Servius
499 1878 530 1903 et
542 1874 593 1903 alii
610 1873 752 1912 supplent
764 1873 858 1901 desine

149 1914 219 1942 velle
243 1913 331 1947 scire,
351 1913 382 1941 h.
394 1923 421 1942 e.
444 1923 481 1942 ne
507 1923 609 1951 quaere
633 1922 673 1941 ex
699 1922 757 1946 me,
777 1913 859 1950 qnod

144 1953 282 1990 jejunum
304 1955 362 1980 est.
382 1951 426 1981 H.
449 1952 592 1981 Ceterum
613 1950 779 1989 quidquam,
802 1960 858 1989 pro

150 2001 210 2029 quo
222 1990 272 2019 alii
287 1991 357 2019 dant
367 1990 511 2029 cuiquam,
534 1990 618 2019 unice
630 2000 744 2019 verum.
779 1989 858 2018 Nam

151 2030 188 2058 ad
203 2029 341 2058 codicum
355 2029 563 2058 auctoritatem
583 2028 729 2068 elegantia
741 2028 858 2057 accedit

152 2071 335 2097 structnrae:
367 2067 476 2104 fallere
506 2067 630 2106 aliquem
662 2066 783 2106 aliquid,
820 2067 859 2095 ad

152 2106 289 2135 Graecam
309 2107 494 2144 compositae.
535 2105 693 2135 Demosth.
713 2106 752 2134 de
776 2105 858 2134 Pace

151 2154 182 2183 p.
194 2146 244 2174 59.
262 2145 283 2173 l.
299 2145 349 2174 20.
369 2148 445 2173 οὐδὲν
464 2149 563 2173 τούτων
579 2146 752 2178 ἐξαπατήσας
774 2147 858 2180 φανὴ-

152 2196 248 2217 σομαι.
299 2183 366 2211 Neo
393 2193 496 2213 verum
521 2187 579 2216 est,
617 2183 697 2220 quod
727 2182 857 2211 nonnulli

151 2225 257 2250 contra
264 2221 421 2250 lectionem
430 2222 585 2260 quidquam
594 2225 781 2255 monuerunt,
789 2231 859 2249 esse

151 2259 182 2288 in
198 2270 233 2288 ea
246 2259 480 2297 ambiguitatem,
501 2270 569 2288 cum
584 2260 718 2288 construi
732 2264 837 2298 posset
851 2270 858 2294 3

151 2309 201 2327 nec
216 2302 269 2331 est,
284 2297 439 2336 quidquam
444 2297 551 2336 fallere
565 2299 688 2336 (latere)
703 2303 740 2326 te.
781 2298 861 2326 Nam

152 2338 204 2375 qui
228 2337 332 2365 Latine
358 2337 464 2371 sciunt,
485 2346 542 2365 non
565 2337 711 2375 ignorant,
738 2341 779 2365 est
804 2346 858 2374 pro

151 2376 216 2404 licet
232 2374 435 2404 accusativum
450 2384 517 2403 cum
537 2375 681 2404 infinitivo
698 2374 790 2403 activi
804 2384 859 2403 non

151 2414 323 2443 adsciscere
337 2413 443 2441 solere.
484 2413 624 2451 Denique
644 2413 756 2451 saepius
771 2413 859 2442 Maro

152 2453 329 2482 Graecorum
353 2461 441 2479 usum
469 2451 648 2488 pronominis
673 2466 698 2479 τι
725 2452 858 2480 imitatus

154 2496 212 2520 est.
233 2490 300 2519 Ecl.
314 2489 410 2523 VIII,
426 2490 472 2517 10.
513 2489 549 2517 Si
562 2490 632 2528 quid
644 2499 756 2519 cessare
767 2495 859 2528 potes.

157 2529 198 2558 W
198 2530 305 2558 .-449
319 2527 469 2567 qztaesitum
484 2526 549 2555 hinc
569 2528 696 2563 oracula,
718 2529 747 2556 h.
766 2539 860 2558 reme-

155 2567 238 2596 dium
250 2568 340 2596 sortis
354 2566 421 2595 vice
437 2565 563 2600 editum,
584 2565 672 2604 lapsis
694 2566 788 2600 rebus,
811 2577 858 2596 ca-

152 2604 277 2635 lamitati
297 2615 335 2635 ex
355 2615 446 2642 apum
470 2604 779 2634 internecione.--151
792 2615 859 2634 ocu-

154 2643 207 2677 los,
237 2644 341 2673 lumine
366 2643 480 2682 ylauco,
512 2642 646 2685 glaucos,
677 2643 860 2672 ardentes.—

155 2681 223 2710 452.
253 2692 305 2711 ora
327 2682 444 2711 resolvit
463 2683 552 2718 fatas,
584 2681 621 2709 ad
649 2680 765 2709 edenda
790 2681 860 2710 fata.

155 2719 294 2749 Ceterum
316 2731 346 2750 v.
365 2721 522 2749 450—452
544 2723 661 2748 narrata
685 2729 741 2747 non
763 2719 800 2749 ad
817 2719 861 2748 iu-

901 1256 1112 1295 dignationem,
1135 1258 1188 1286 sed
1209 1258 1244 1286 ad
1264 1257 1394 1286 furorem
1418 1258 1606 1287 vaticinantis

901 1297 1060 1334 pertinent.

939 1336 996 1363 453
1017 1334 1087 1364 Non
1102 1334 1208 1363 nullius
1224 1334 1358 1370 numinis,
1380 1335 1408 1364 h.
1429 1346 1454 1365 e.
1470 1336 1607 1374 profecto

903 1373 1029 1411 alicujus
1046 1374 1104 1406 dei,
1125 1374 1333 1412 Nympharum
1347 1374 1472 1406 scilicet,
1495 1374 1562 1403 vide
1578 1384 1607 1402 v.

902 1412 1063 1440 532.—i1·oe
1076 1417 1217 1446 exercent,
1241 1418 1363 1448 vexant,
1379 1417 1608 1451 persequuntur,

902 1454 938 1478 te.
960 1450 1104 1479 divinitus
1128 1450 1370 1480 haec-calamitas
1395 1452 1450 1480 tibi
1474 1451 1608 1480 immissa

903 1494 968 1524 est3
990 1494 1024 1518 ut
1038 1489 1173 1518 solebant
1187 1489 1350 1528 antiquitus
1366 1494 1478 1527 pestes,
1499 1489 1607 1524 morbi,

903 1538 1041 1563 agrorum
1069 1528 1244 1556 sterilitates
1271 1532 1329 1555 etc.
1358 1528 1531 1556 civitatibus
1565 1528 1609 1557 ira

901 1564 1024 1594 deorum
1044 1565 1137 1603 infligi
1152 1570 1276 1603 propter
1292 1570 1358 1597 ἄτην
1371 1576 1424 1594 seu
1441 1570 1518 1600 ὄγος,
1540 1566 1606 1604 pia-

901 1604 1010 1632 culum.
1052 1604 1100 1632 lta
1114 1604 1172 1632 h.l.
1187 1604 1311 1632 Aristaei
1324 1607 1400 1640 ὕβρις
1414 1614 1503 1642 apum
1515 1605 1605 1633 inter-

901 1642 1022 1671 necione
1042 1642 1184 1671 divinitus
1203 1642 1481 1672 vindicatum-454
1494 1643 1607 1681 BIayna

900 1681 956 1709 luis
969 1681 1127 1715 commissa,
1148 1691 1202 1719 pro
1217 1691 1323 1719 magno
1338 1681 1450 1720 flagitio
1464 1681 1530 1710 haec
1550 1682 1606 1710 tibi

898 1724 1048 1757 tamquam
1063 1729 1153 1757 poena
1175 1719 1284 1748 intlicta
1299 1720 1532 1758 est—Orpheus
1547 1720 1606 1749 Or-

898 1758 968 1796 phei
981 1759 1097 1791 umbra,
1120 1758 1237 1791 Manes,
1254 1757 1330 1786 haud
1343 1768 1487 1796 quaquam
1501 1759 1535 1787 ob
1547 1769 1604 1787 me-

899 1796 997 1829 ritum,
1012 1795 1122 1824 merito
1138 1806 1203 1830 sno,
1222 1795 1405 1830 miserabilis,
1420 1797 1539 1826 suscitat
1555 1797 1608 1826 tibi

900 1835 952 1862 has
993 1844 1070 1862 amas
1091 1834 1238 1873 (fortasse
1259 1840 1466 1868 ποιητικώτερον
1484 1834 1605 1870 Ρὰῖηαδ,

899 1873 928 1902 h.
980 1873 1087 1910 urias),
1107 1873 1138 1901 ui
1151 1874 1221 1910 fata
1244 1874 1391 1907 resistant,
1412 1874 1471 1902 nisi
1492 1875 1521 1903 in
1536 1875 1606 1903 satis

899 1912 950 1945 sit,
972 1911 1014 1942 ita
1028 1912 1175 1947 evenerit,
1195 1915 1229 1939 ut
1243 1912 1298 1940 tibi
1312 1912 1540 1941 avertendamm
1560 1913 1607 1942 di-

898 1960 995 1979 rarum
1026 1954 1057 1979 et
1082 1950 1239 1988 expiandae
1267 1950 1365 1988 culpae
1396 1951 1471 1980 ratio
1498 1961 1531 1980 ac
1556 1951 1606 1980 via

898 1993 1090 2017 monstretur.
1131 1989 1238 2026 Itaque
1252 1989 1307 2017 tibi
1318 1990 1481 2018 curandum
1494 1995 1550 2025 est,
1573 1995 1606 2018 ut

899 2027 1016 2065 Orphei
1038 2027 1146 2056 Manes
1166 2027 1459 2066 placentur.—rapta
1480 2029 1533 2066 (de
1556 2038 1605 2056 co-

897 2066 985 2103 natu)
1001 2076 1059 2104 pro
1081 2066 1209 2104 conjwa,
1238 2067 1406 2095 verecunde
1429 2076 1463 2095 ac
1484 2067 1606 2104 pudice,

896 2105 946 2133 cui
975 2104 1125 2132 Aristaeus
1152 2104 1213 2132 vim
1243 2104 1351 2133 inferre
1384 2104 1533 2133 voluerat.
1559 2105 1605 2134 Η.

899 2142 1005 2171 Malim
1030 2146 1116 2180 rapta
1139 2151 1194 2180 pro
1222 2146 1326 2180 erepta
1345 2146 1441 2171 morte
1463 2143 1607 2181 accipere.

900 2182 951 2210 Sic
972 2180 1101 2209 atlemtns
1121 2190 1176 2218 pro
1198 2185 1333 2210 mortuus
1357 2180 1465 2209 Horat.
1482 2182 1542 2210 Od.
1557 2182 1606 2214 11.

898 2221 928 2254 9,
955 2221 1001 2248 10.
1035 2219 1114 2248 Add.
1140 2219 1206 2247 infr.
1231 2220 1299 2247 504.
1328 2218 1473 2248 W.4157
1487 2221 1605 2258 suycret

894 2268 1036 2297 praeceps,
1058 2257 1206 2295 praecipiti
1222 2267 1274 2286 seu
1287 2257 1477 2295 praecipitato
1493 2268 1583 2287 cursu
1599 2270 1606 2289 2

895 2296 1093 2336 perflnmina,
1117 2296 1145 2324 li.
1163 2296 1260 2333 ripam
1283 2296 1421 2324 fluminis.
1462 2297 1604 2326 Ceterum

901 2339 1074 2373 comparent
1099 2334 1236 2362 cultioris
1261 2334 1289 2362 in
1313 2334 1370 2363 enii
1397 2335 1603 2364 adolescentes

900 2384 969 2403 cum
995 2384 1061 2411 sqq.
1083 2372 1174 2401 Ovid.
1198 2373 1276 2402 Met.
1295 2373 1327 2401 J
1354 2383 1412 2411 pr.,
1431 2374 1605 2403 Hermesia-

899 2419 1018 2441 nactem
1041 2422 1089 2449 ap.
1118 2411 1295 2440 Athenaeum
1322 2411 1413 2440 XIII
1441 2423 1473 2450 p.
1493 2414 1561 2441 597.
1589 2423 1605 2441 a

901 2450 1080 2479 Ruhnkenio
1095 2459 1189 2487 nuper
1210 2450 1403 2480 illustratum.
1442 2451 1530 2480 Adde
1552 2452 1607 2480 Se-

899 2499 999 2518 necam
1026 2488 1121 2517 Herc.
1148 2488 1204 2516 sur.
1224 2490 1293 2517 569.
1317 2499 1402 2527 sqq.:
1425 2489 1518 2518 Herc.
1534 2490 1604 2518 Oct.

901 2529 986 2556 1031.
1004 2527 1170 2564 sqq.-459
1184 2531 1343 2555 seruantem
1365 2527 1455 2565 ripas,
1476 2528 1605 2556 incolen-

902 2570 973 2599 tem,
995 2566 1024 2594 in
1038 2565 1075 2593 iis
1091 2565 1241 2600 latentem,
1263 2570 1297 2594 ut
1311 2566 1412 2604 paullo
1427 2571 1504 2601 ante,
1521 2570 1604 2599 λοχη-

901 2618 1000 2633 σαντα-

938 2644 997 2672 -160
1017 2643 1120 2670 chorus
1132 2642 1252 2680 aequalis
1263 2642 1428 2681 Dryadum,
1440 2653 1494 2681 pro
1507 2652 1605 2679 requa-

899 2682 984 2716 lium,
1006 2691 1064 2709 una
1085 2691 1153 2709 cum
1174 2691 1208 2709 ea
1229 2681 1417 2710 nutritarum.
1437 2682 1475 2709 cf.
1492 2691 1520 2709 v.
1536 2681 1604 2709 532.

901 2721 969 2749 533.
995 2720 1151 2748 <tol-463
1178 2719 1240 2748 Per
1263 2724 1355 2750 totam
1379 2719 1532 2749 Thraciam
1564 2719 1606 2747 la-
