1796 3077
204 289 300 334 618

631 286 675 324 P.
706 284 938 322 VIRGILII
971 283 1225 323 MARONIS

209 408 390 464 Insignis
410 409 534 463 longe
556 409 756 464 Phryoiis
777 409 968 464 fulgebat
988 410 1031 450 in
1051 409 1191 458 armis,

677 444 703 465 ὅ

210 465 569 519 Spumantemque
590 467 779 520 agitabat
796 481 972 520 equum:
1006 480 1131 519 quem
1146 464 1266 520 pellis
1287 465 1434 506 ahenis

1579 464 1665 504 770

212 521 263 561 In
283 521 466 575 plumam
488 523 670 575 squamis
691 537 794 563 auro
814 529 1008 564 conserta
1028 523 1215 577 tegebat.

214 577 324 631 Ipse,
346 578 571 632 peregrina
590 578 805 633 ferrugine
819 578 955 620 clarus
976 585 1018 619 et
1040 587 1167 627 ostro,

216 633 388 686 Spicula
408 635 634 688 torquebat
657 635 790 689 Lycio
812 635 1023 688 Gortynia
1044 648 1196 684 cornu3

216 688 386 729 Aureus
406 704 460 730 ex
480 690 664 732 humeris
687 699 808 732 sonat
829 706 963 739 arcus,
978 698 1021 731 et
1036 705 1164 731 aurea
1179 691 1266 731 vati

216 744 415 795 Cassida3
447 753 536 787 tum
553 762 745 788 croceam
765 747 1113 801 chlamydemque
1135 747 1334 801 sinusque
1351 752 1570 801 crepantes
1587 745 1672 786 775

217 800 453 843 Carbaseos
470 802 582 844 fulvo
603 804 645 844 in
666 804 822 845 nodum
836 803 1065 857 collegerat
1085 818 1202 851 auro,

216 856 362 898 Pictus
383 873 462 899 acu
482 860 657 909 tunicas,
678 868 719 901 et
739 861 921 901 barbara
942 860 1125 914 tegmina
1140 874 1323 900 crurum.

217 912 347 955 Hunc
366 915 498 969 virgo,
515 917 600 957 sive
621 925 668 957 ut
687 916 852 970 templis
872 916 1117 970 praefigeret
1136 930 1251 956 arma.

219 969 366 1019 Tro'l'a,
389 972 554 1025 captivo
575 973 660 1013 sive
676 980 724 1013 ut
743 988 786 1013 se
805 972 933 1013 ferret
955 973 997 1012 in
1017 987 1135 1020 auro,

219 1025 442 1076 Venatrix,
463 1043 594 1069 unum
614 1043 669 1070 ex
689 1029 801 1069 omni
822 1029 1048 1069 certamine
1068 1041 1224 1081 pugnae

222 1081 347 1123 Caeca
364 1085 643 1138 sequebatur3
674 1092 894 1138 totumque
915 1085 1083 1125 incauta
1103 1098 1179 1138 per
1200 1096 1351 1136 agmen

219 1137 420 1180 Femineo
440 1141 599 1194 praedae
616 1149 658 1182 et
679 1141 908 1195 spoliorum
929 1141 1107 1181 ardebat
1129 1153 1291 1180 amore:

221 1193 377 1235 Telum
395 1211 449 1236 ex
469 1197 629 1237 insidiis
650 1212 780 1251 quum
800 1197 970 1238 tandem
986 1203 1175 1250 tempore
1191 1201 1317 1248 capto

223 1249 430 1299 Concita-t,
453 1260 495 1292 et
515 1267 690 1306 superos
711 1252 877 1293 Arruns
898 1254 956 1293 sic
972 1266 1075 1293 voce
1094 1258 1315 1305 precatur:

223 1306 394 1347 Summe
416 1308 554 1357 deum,
571 1309 704 1350 sancti
724 1316 865 1350 custos
888 1309 1074 1349 Soractis
1091 1306 1261 1360 Apollo,

223 1361 363 1407 Quem
384 1365 505 1417 primi
521 1364 707 1412 colimus,
730 1365 797 1404 cui
818 1365 966 1417 pineus
983 1364 1110 1403 ardor
1131 1377 1280 1403 acervo

222 1416 430 1468 Pascitur,
449 1427 490 1460 et
505 1421 689 1460 medium
711 1420 806 1460 freti
827 1420 984 1473 pietate
1005 1433 1084 1473 per
1099 1419 1238 1472 ignem

225 1473 420 1515 Cultores
441 1475 571 1516 multa
591 1476 818 1529 premimus
838 1476 1014 1529 vestigia
1033 1490 1195 1528 pruna3

223 1529 310 1579 Da,
333 1530 475 1581 Pater,
492 1532 573 1573 hoe
594 1533 746 1574 nostris
763 1532 921 1573 aboleri
942 1532 1128 1573 dedecus
1145 1531 1282 1580 armis,

224 1663 294 1691 770.
315 1665 371 1693 771
394 1665 522 1695 Haerent
541 1666 570 1694 in
590 1666 637 1695 his
665 1667 768 1704 Intpp.
789 1666 869 1694 Mihi
891 1666 936 1694 sic

223 1703 379 1738 jungenda
393 1704 548 1733 videntur:
569 1705 653 1742 pellis
673 1706 769 1733 serina
782 1715 854 1733 auro
869 1715 935 1733 con-

226 1745 316 1774 serta,
338 1741 366 1769 h.
381 1743 479 1771 aureis
497 1743 609 1776 fibulis,
631 1743 738 1772 subter
752 1743 851 1771 alvum
866 1743 935 1781 equi

227 1787 294 1806 oras
309 1780 398 1816 pellis
411 1781 695 1820 constringentibus,
706 1781 832 1810 collecta
846 1786 875 1810 et
887 1783 936 1809 lir-

229 1821 310 1845 mata
323 1827 330 1844 2
347 1819 401 1846 sed
409 1819 498 1856 pellis
506 1820 605 1848 ahenis
614 1820 642 1847 in
651 1820 780 1857 plumam
795 1820 936 1858 squamis

228 1853 259 1882 b.
273 1865 338 1883 cum
355 1857 499 1893 squami5‚
523 1857 635 1886 habens
651 1867 801 1895 squamas,
826 1859 854 1886 in
869 1858 936 1895 plu-

230 1901 288 1920 mae
304 1895 425 1922 modum
439 1905 476 1923 ex
498 1905 558 1923 aere
580 1896 673 1923 factas
693 1898 783 1933 (puta
798 1896 935 1924 laminam

231 1940 339 1959 aeream
357 1932 385 1959 in
407 1942 546 1970 squamas
569 1933 768 1967 elaboratam)
792 1934 873 1970 pelli,
898 1944 935 1962 ue

230 1978 340 2005 corpus
362 1970 459 2007 rigore
481 1971 550 1999 airis
571 1971 747 2005 laederetur,
776 1981 830 2008 pro
860 1976 935 2000 stra-

232 2006 301 2042 gula
316 2008 491 2042 substratae,
504 2009 630 2046 injectas
644 2009 691 2038 vel
703 2010 838 2038 innexas.
878 2010 935 2038 Ca-

231 2044 420 2081 taphractum
445 2047 578 2084 equitem
601 2048 729 2081 ostendi,
755 2048 831 2076 bene
856 2053 940 2077 notat

232 2082 368 2111 Servius.
409 2084 526 2113 Plumae
550 2095 594 2114 eae
614 2085 689 2123 ipsae
705 2095 837 2124 squamae
858 2090 939 2120 sunt,

232 2130 248 2147 a
260 2120 354 2149 forma
366 2122 468 2152 dictae.
509 2124 680 2152 Occurrunt
697 2134 741 2153 eae
757 2124 846 2152 etiam
859 2125 940 2153 alibi.

231 2160 423 2197 ——pereqrz'na
435 2162 592 2200 ferragine
607 2166 635 2190 et
653 2167 742 2196 ostro,
762 2162 790 2190 h.
807 2172 940 2200 purpura

231 2196 422 2235 ferruginea5
444 2200 652 2237 ut‚se1·1·119ine
663 2200 758 2229 claras
770 2201 857 2229 Ibera
872 2201 935 2235 IX,

232 2235 300 2262 582.
314 2236 410 2265 clarus
433 2237 462 2265 h.
478 2238 497 2266 l.
517 2238 707 2276 conspicuus.
751 2239 893 2276 Epitlieta
908 2250 937 2267 v.

231 2272 289 2302 773
312 2279 430 2309 tantum?
447 2276 485 2304 ad
508 2281 645 2305 ornatur-n
669 2277 835 2314 pertinent:
864 2277 938 2306 nihil

233 2311 379 2353 amplius:
403 2314 502 2351 etjam
515 2315 587 2342 alibi
610 2315 849 2344 vidimus—775
865 2315 938 2343 Cas-

231 2350 313 2377 sula:
336 2350 430 2380 forma
447 2352 528 2380 vocis
541 2353 630 2381 etiam
646 2354 727 2390 apud
743 2354 935 2391 Propertium

232 2386 298 2421 111,
314 2388 344 2421 9,
361 2391 407 2418 15.
422 2390 569 2426 occurrit3
589 2391 629 2419 cf.
643 2391 853 2420 Cerda.-775
866 2392 937 2420 Col-

234 2425 346 2463 legerat
369 2428 397 2456 in
419 2430 530 2457 nodum
551 2429 632 2457 sinus
649 2430 801 2458 carbaseos
814 2440 937 2467 crepan-

234 2464 352 2507 les-:fle
373 2467 479 2495 eadem
493 2467 650 2505 chlamyde
667 2477 784 2501 crocea,
802 2469 938 2506 utigitur

235 2511 269 2529 ea
283 2506 320 2530 snt
334 2512 371 2530 ex
385 2505 467 2533 tenui
479 2505 581 2538 linteo,
595 2515 702 2534 croceo
715 2506 825 2534 colore.
870 2507 934 2535 Lin-

232 2544 313 2568 teum
336 2539 390 2569 hoc
407 2548 437 2571 ut
455 2548 557 2580 crepet
572 2548 602 2571 et
616 2544 747 2572 sonitum
762 2545 842 2577 edat,
858 2549 939 2573 mota

234 2579 401 2616 chlamyde,
415 2581 538 2609 intextae
554 2581 667 2610 faciunt
687 2582 803 2610 lamina?
819 2592 935 2611 aureae:

231 2618 417 2656 jungendum
441 2619 535 2646 enim:
572 2620 655 2647 sinus
674 2625 823 2658 crepantes
848 2621 936 2658 fulvo

234 2667 317 2685 auro.
332 2657 382 2686 Sic
396 2656 454 2689 YI,
468 2658 544 2684 200:
559 2658 716 2694 crepitabat
730 2659 845 2687 bractea
855 2659 918 2688 auri
932 2668 938 2684 τ

235 2696 378 2724 -viudum
393 2694 421 2722 in
434 2704 463 2722 v.
478 2695 536 2722 776
550 2695 588 2723 de
604 2696 694 2724 libula
707 2697 843 2734 accipere
855 2697 939 2736 cogi-

237 2742 312 2765 mur,
330 2734 442 2771 quippe
462 2732 489 2760 in
505 2732 672 2769 chlamyde,
691 2744 757 2772 qum
772 2735 869 2763 nonin
885 2746 937 2763 no-

975 1666 1045 1695 dum
1057 1665 1213 1704 colligitur
1234 1669 1265 1693 ut
1290 1668 1374 1701 toga.
1414 1664 1544 1693 Tandem
1558 1664 1681 1693 interior

975 1705 1072 1734 vestis
1087 1714 1138 1733 seu
1154 1704 1253 1732 tunica
1265 1714 1310 1732 vs.
1324 1704 1382 1731 777
1395 1708 1459 1732 erat
1475 1713 1566 1741 opere
1584 1703 1683 1740 Phry-

976 1743 1037 1781 gio.
1066 1743 1104 1771 cf.
1133 1743 1199 1775 III,
1225 1743 1292 1770 483.
1318 1742 1389 1770 «484.
1442 1742 1490 1770 Ad
1518 1741 1683 1779 Phrygium

976 1782 1128 1815 amictum,
1144 1781 1241 1819 qualis
1257 1781 1286 1809 iu
1302 1779 1395 1818 signis
1412 1784 1443 1808 et
1464 1779 1529 1808 aliis
1549 1785 1684 1808 veterum

976 1820 1120 1857 operibus
1143 1819 1286 1853 occurrit,
1306 1820 1395 1847 etiam
1414 1818 1606 1846 referendum
1627 1822 1685 1852 est,

977 1858 1058 1895 quod
1085 1859 1122 1886 de
1150 1867 1272 1886 crurum
1303 1856 1514 1895 integumentis
1549 1856 1685 1894 sequitur

975 1898 1050 1932 (non
1065 1896 1102 1924 ad
1118 1896 1247 1924 colorem
1271 1904 1424 1928 croceum,
1446 1899 1479 1923 ut
1494 1894 1594 1923 Cerda
1615 1894 1686 1922 facit

975 1938 1045 1971 post
1059 1934 1213 1968 Servium)
1226 1944 1232 1961 z
1247 1938 1274 1962 et
1289 1937 1373 1962 erant
1388 1932 1513 1961 barbara
1528 1933 1575 1970 (h.
1587 1932 1683 1969 Phry-

977 1972 1041 2009 gia)
1050 1972 1175 2009 teymimz
1183 1982 1311 2000 crurum.
1333 1972 1382 2000 Ita
1393 1971 1472 2000 enim
1484 1972 1571 2008 Atys,
1585 1970 1686 2003 Paris,

977 2010 1182 2047 Ganymedes,
1198 2010 1287 2044 Galli,
1311 2010 1487 2038 braccarum
1510 2018 1616 2046 genere
1639 2008 1684 2037 in-

979 2048 1121 2076 dutiesse
1137 2048 1231 2075 solent
1245 2048 1357 2075 femora
1370 2052 1399 2075 et
1412 2056 1510 2075 crura.

1017 2087 1073 2114 785
1090 2086 1137 2114 De
1153 2086 1277 2113 Soracte
1289 2089 1388 2113 monte
1400 2085 1516 2120 (ssIwzte
1530 2084 1560 2113 di
1571 2084 1605 2113 S.
1623 2084 1684 2113 Sil-

979 2124 1091 2159 vestre)
1106 2123 1169 2161 agri
1182 2123 1309 2158 Falisci,
1324 2128 1354 2152 et
1369 2123 1536 2160 Hirporum
1552 2123 1685 2158 familiis,

979 2171 1047 2200 quae
1063 2161 1212 2199 Apollinis
1235 2171 1319 2190 sacra
1333 2162 1362 2189 in
1376 2171 1411 2190 eo
1425 2162 1579 2194 curabant,
1593 2171 1686 2199 super

977 2201 1144 2228 ambustam
1164 2199 1235 2237 ligni
1261 2204 1374 2228 struem
1399 2200 1597 2232 ambulantes,
1623 2199 1684 2229 loc.

978 2239 1067 2267 class.
1091 2237 1183 2266 Plinii
1209 2238 1287 2271 vll,
1309 2239 1328 2266 2
1355 2242 1385 2266 et
1414 2238 1540 2266 Salmas.
1568 2238 1684 2267 Exere.

978 2277 1059 2305 Plin.
1073 2286 1103 2313 p.
1116 2276 1364 2314 59.—-78012rimi
1377 2276 1531 2314 praecipue
1544 2276 1621 2304 inter
1635 2286 1685 2305 ce-

979 2319 1071 2350 teros,
1087 2314 1167 2351 quod
1183 2315 1293 2352 vulgoz
1308 2315 1336 2342 in
1348 2315 1465 2352 primis.
1480 2324 1613 2343 acervam
1628 2324 1683 2351 pro

978 2357 1061 2381 strue
1084 2352 1230 2390 lignorum
1253 2353 1351 2382 dixit:
1383 2357 1424 2387 et,
1447 2353 1517 2390 quia
1536 2357 1566 2381 et
1586 2352 1683 2390 pinea,

977 2392 1047 2420 hinc
1071 2391 1207 2419 traduxit
1228 2392 1265 2419 ad
1285 2391 1402 2429 ignem:
1420 2391 1524 2428 pineus
1545 2390 1682 2418 ardor.—

977 2429 1203 2467 788pr12mimus
1216 2429 1349 2467 vestiyia,
1366 2430 1498 2466 plantas:
1522 2432 1553 2456 ut
1564 2439 1684 2466 ponere,

977 2468 1152 2505 imprimere,
1159 2467 1323 2496 h.incidere
1333 2468 1473 2505 pedibus.
1481 2466 1685 2503 maltaprzma,

978 2506 1007 2534 in
1019 2505 1121 2534 multis
1137 2506 1252 2542 prunis.
1293 2505 1375 2534 Fieri
1390 2506 1444 2534 hoc
1458 2505 1566 2542 plantis
1585 2506 1683 2533 medi-

978 2547 1113 2572 camento
1124 2543 1238 2578 tinctis,
1251 2554 1306 2572 non
1318 2543 1463 2581 ignoravit
1475 2543 1583 2575 Varro,
1595 2545 1682 2579 cujus

979 2583 1072 2611 verba
1087 2581 1210 2610 Servius
1225 2583 1372 2610 servavit.
1412 2581 1487 2608 Cum
1508 2586 1606 2609 autem
1623 2582 1681 2610 So-

977 2626 1060 2649 racte
1075 2625 1105 2648 et
1118 2620 1228 2648 Falisci
1243 2620 1319 2653 Vll,
1332 2620 1399 2648 695.
1413 2619 1472 2647 696
1483 2619 1679 2648 auxilia'l'ur-

980 2669 1015 2687 no
1038 2659 1184 2692 miserint,
1200 2659 1359 2687 Arruntem
1376 2657 1539 2685 Etruscum
1556 2667 1680 2686 necesse

979 2701 1025 2726 est
1040 2707 1118 2725 nunc
1131 2706 1199 2725 esse
1213 2706 1250 2724 ex
1266 2695 1372 2724 vicinis
1390 2695 1521 2723 Etruriae
1533 2695 1607 2724 locis
1620 2696 1679 2723 ori-

979 2736 1106 2764 undum:
1129 2745 1183 2763 non
1200 2743 1288 2762 unum
1308 2743 1344 2761 ex
1366 2733 1494 2771 nimis-3
1516 2734 1619 2764 saltem
1634 2734 1679 2761 di-
