1796 3077
660 249 930 290 AENEIDOS.
987 250 1089 290 LIB.
1124 251 1173 291 V.
1558 259 1654 304 387

18 297 25 394 l
187 371 288 414 Non
310 373 462 424 valuit3
495 374 628 416 nodos
650 382 693 416 et
714 373 882 418 vincula
901 373 1011 415 linea
1029 374 1156 429 rupit,
1328 374 1331 376 ’
1565 379 1650 419 510

185 428 320 476 Queis
341 431 496 472 innexa
515 433 669 486 pedem
688 433 796 474 malo
817 431 1033 489 pendebat
1053 433 1107 473 ab
1128 431 1238 474 alto:

3 485 13 529 l
184 485 262 527 Illa
283 495 404 529 notos
426 498 552 543 atque
575 497 665 531 atra
684 489 828 531 volans
847 490 890 530 in
909 488 1053 529 nubila
1074 489 1194 543 fugit.

4 531 11 607 ἒ
183 542 298 584 Tum
319 546 506 599 rapidus,
523 547 775 600 jamdudum
795 561 896 587 areu
918 553 1115 586 contenta
1136 553 1285 601 parato

3 587 18 686 a]
179 599 291 641 Tela
311 609 470 651 tenens,
494 603 666 644 fratrem
688 603 898 658 Eurytion
919 603 962 643 in
981 610 1079 643 vota
1099 604 1274 652 vocavit,

4 655 6 660 ’
178 656 277 698 Jam
301 673 432 700 vacuo
454 659 593 701 laetam
614 660 722 701 coelo
744 659 984 714 speculatus
1002 677 1010 709 3
1043 667 1085 700 et
1105 659 1180 701 alis
1559 661 1643 702 515

8 687 15 809 J
180 712 461 757 Plaudentem
480 718 601 771 nigra
620 717 714 772 figit
735 719 813 758 sub
834 717 948 758 nube
970 715 1221 758 columbam.

178 769 354 813 Decidit
374 773 589 822 exanimis,
621 775 832 827 vitamque
854 773 1052 826 relinquit
1069 774 1110 813 in
1130 774 1253 815 astris

7 812 11 863 l
179 827 402 878 AEtheriis,
433 829 647 883 fixamque
668 830 798 871 refert
820 829 994 884 delapsa
1014 830 1224 884 sagittam.

6 878 11 907 l
174 883 343 926 Amissa
364 885 476 926 solus
498 886 636 940 palma
656 887 887 941 superabat
907 887 1085 927 Acestes
1104 902 1112 926 :

4 911 10 998 l
176 940 266 987 Qui
287 949 425 984 tamen
445 944 578 984 aerias
600 943 728 984 telum
749 943 968 985 contendit
988 943 1030 983 in
1051 958 1189 993 auras,
1557 946 1642 986 5520

0 1000 8 1090 j
175 997 408 1040 Ostentans
430 1008 648 1054 artemque
669 1009 790 1055 pater
810 1015 1038 1054 arcumque
1064 1008 1297 1042 sonantem.

172 1053 259 1096 Hic
280 1056 409 1098 oculis
431 1057 616 1098 subitum
638 1058 836 1112 objicitur
855 1072 1092 1111 magnoque
1113 1058 1303 1100 futurum

0 1094 5 1173 l
171 1110 368 1167 Augurio
389 1121 643 1163 monstrum3
676 1115 820 1156 docuit
841 1123 938 1169 post
959 1115 1098 1155 exitus
1119 1115 1294 1170 ingens3

173 1168 363 1224 Seraque
386 1170 558 1212 terrifici
579 1172 821 1212 cecinerunt
843 1172 982 1211 omina
1000 1179 1132 1211 vates.

169 1224 369 1281 Namque
390 1227 533 1269 volans
552 1227 721 1282 liquidis
743 1229 785 1268 in
805 1227 989 1269 nubibus
1011 1228 1112 1268 arsit
1133 1229 1310 1278 arundo,
1548 1230 1632 1271 525

170 1282 445 1338 Signavitque
465 1285 573 1326 viam
593 1285 782 1334 flammis,
804 1292 1038 1339 tenuesque
1059 1286 1233 1326 recessit

169 1339 400 1382 Consumta
418 1342 460 1382 in
481 1350 625 1383 ventos
644 1358 652 1382 :
685 1341 793 1383 coelo
815 1356 894 1383 ceu
915 1357 1027 1395 saepe
1048 1341 1184 1382 refixa

167 1395 486 1439 Transcurrunt
506 1399 746 1453 crinemque
767 1397 949 1439 volantia
965 1398 1103 1439 sidera
1119 1399 1295 1440 ducunt.

168 1452 374 1495 Attonitis
397 1455 560 1497 haesere
582 1456 740 1505 animis,
765 1455 1038 1510 Superosque
1059 1456 1221 1508 precati

169 1509 380 1552 Trinacrii
399 1511 640 1566 Teucrique
661 1513 751 1553 viri.
811 1511 908 1553 Nec
928 1512 1133 1553 maximus
1154 1526 1278 1553 omen
1545 1513 1628 1553 530

166 1566 332 1609 Abnuit
351 1568 536 1619 AEneas3
569 1569 644 1610 sed
664 1568 806 1609 laetum
825 1568 1044 1623 amplexus
1065 1567 1255 1610 Acesten

166 1624 421 1666 Muneribus
443 1625 627 1666 cumulat
646 1626 822 1680 magnis,
855 1640 904 1666 ac
924 1625 1023 1665 talia
1042 1624 1178 1665 fatur:

165 1681 294 1723 Sume
316 1690 436 1736 pater
453 1699 462 1732 3
493 1698 589 1723 nam
610 1690 651 1724 te
672 1682 803 1723 voluit
823 1697 900 1723 rex
920 1697 1096 1736 magnus
1118 1681 1290 1736 Olympi

165 1737 344 1780 Talibus
366 1739 561 1793 auspiciis
582 1747 793 1781 exsortem
814 1739 970 1780 ducere
991 1739 1186 1780 honores.

163 1794 302 1848 Ipsius
323 1795 526 1837 Anchisae
545 1796 725 1851 longaevi
744 1796 825 1836 hoc
845 1810 997 1835 munus
1016 1795 1208 1844 habebis,
1541 1797 1623 1838 535

162 1851 341 1893 Cratera
359 1853 606 1907 impressum
628 1854 774 1908 signis:
807 1867 931 1906 quem
953 1851 1165 1893 Thracius
1185 1851 1282 1893 olim

161 1974 235 2000 tum.
250 1971 290 2000 cf.
305 1982 373 2011 sup.
389 1972 424 2001 ad
439 1972 491 2001 lib.
505 1973 532 2007 Ι,
555 1973 593 2001 14
619 1975 650 2000 et
670 1973 709 2000 99
730 1972 870 2000 miseran·
909 1971 1031 2009 ananio
1045 1973 1194 2009 futurum.
1235 1972 1302 2001 Non
1326 1971 1424 2009 primo
1449 1971 1550 2001 statim
1568 1973 1623 2001 ob-

158 2009 223 2043 tin-⁹,
243 2014 381 2045 σχέτλιος.
402 2011 491 2040 nodos
504 2016 531 2040 et
549 2011 663 2039 vincula
678 2010 739 2039 vid.
752 2011 771 2039 l.
787 2021 816 2039 c.
830 2011 870 2039 11.
910 2014 977 2039 tutu
992 2011 1135 2045 occurrit,
1152 2010 1233 2048 quod
1248 2011 1364 2039 tandem
1379 2014 1539 2039 monstrum
1552 2011 1622 2046 hoe,

157 2049 214 2077 865
230 2051 372 2092 sq.——5l2
387 2053 414 2078 ‘H
427 2053 476 2084 μὲν
491 2053 575 2079 ἔπειτ’
592 2052 647 2081 ἤϊξε
664 2054 729 2083 πρὸς
744 2053 867 2083 οὐρανὸν,
909 2049 1004 2077 mirus
1024 2049 1073 2077 hic
1093 2059 1193 2082 casus,
1216 2049 1326 2087 sagitta
1350 2049 1378 2076 in
1403 2048 1494 2078 altum
1511 2049 1621 2078 emissa

150 2087 234 2124 fnyit
254 2098 283 2116 ιιι
303 2093 385 2117 notos
403 2093 431 2117 et
449 2088 558 2121 nubila.
579 2089 608 2117 h.
622 2099 648 2117 e.
667 2089 695 2117 in
718 2089 811 2117 nubes
835 2098 869 2117 ao
909 2088 1123 2122 exardescens,
1168 2091 1298 2116 tractum
1329 2087 1454 2115 ssammae
1481 2087 1509 2116 in
1543 2088 1619 2116 coelo

158 2125 268 2154 coelum
284 2126 436 2163 evolavit;
457 2137 526 2157 mox
541 2129 598 2157 517
612 2126 693 2156 idem
707 2135 713 2151 ἰ
729 2127 758 2155 in
775 2127 865 2156 astris
906 2126 1028 2161 faciens,
1052 2131 1082 2154 et
1098 2126 1220 2154 tandem
1236 2125 1296 2164 igni
1311 2129 1476 2159 consumta,
1497 2131 1619 2164 porten-

159 2164 286 2192 aetlteriis
307 2165 458 2194 ornatius:
487 2167 546 2195 etsi
579 2166 608 2195 in
631 2175 667 2195 eo
688 2169 866 2204 argutantur
906 2165 977 2193 dere
990 2164 1149 2193 debuerit:
1167 2169 1198 2193 et
1211 2164 1308 2193 docuit
1321 2168 1419 2192 tamen
1433 2173 1503 2192 mox
1512 2164 1617 2194 exitus.

159 2202 296 2231 Macrob.
311 2203 375 2232 ΙΙΙ.
397 2204 461 2233 Sat.
481 2206 499 2233 8
523 2209 553 2234 et
567 2205 639 2241 alii3
663 2209 694 2232 et
709 2215 737 2233 ν.
753 2206 809 2233 525
831 2204 865 2232 li-
908 2204 983 2232 Rem
998 2203 1099 2242 igitur,
1122 2212 1190 2241 quae
1206 2213 1277 2232 vere
1292 2202 1400 2236 evenit,
1423 2208 1488 2231 ante
1510 2203 1616 2232 oculos

157 2241 253 2279 quidis
266 2241 296 2269 in
313 2242 442 2277 nubibus,
458 2243 489 2272 h.
503 2253 529 2272 e.
542 2244 720 2272 aera—513
734 2243 864 2281 rapidus,
906 2242 1011 2271 habuit
1025 2243 1126 2279 poeta.
1167 2241 1355 2270 Imitationes
1371 2240 1429 2269 loci
1444 2251 1511 2279 quae
1526 2247 1594 2271 sunt
1608 2252 1614 2270 ε

156 2280 272 2318 rapide,
296 2281 388 2309 Hom.
408 2281 429 2309 l.
453 2291 479 2311 c.
498 2292 528 2311 v.
543 2284 600 2311 870
622 2286 821 2315 Σπερχόμενος,
836 2281 866 2310 in
907 2279 1003 2310 altera
1018 2280 1109 2309 Statii
1122 2280 1180 2314 vl,
1194 2280 1288 2309 Theb.
1299 2281 1357 2309 925
1370 2289 1414 2318 sq.
1429 2280 1482 2308 ubi
1493 2281 1616 2310 Adrasti

154 2323 221 2347 vola
244 2319 353 2347 vocavit
380 2329 407 2347 v.
434 2329 502 2358 sup.
523 2321 560 2350 ad
583 2331 613 2349 v.
642 2322 718 2349 234:
741 2322 864 2349 fratrem
907 2320 999 2349 telum
1021 2319 1166 2348 emissum
1189 2328 1242 2357 per
1262 2319 1362 2347 aerem
1377 2318 1466 2353 redit,
1489 2320 1614 2359 ejusque

155 2357 328 2386 Pandarum
366 2357 528 2393 invocavit,
554 2363 705 2398 tamquam
733 2359 864 2389 heroem.
906 2358 994 2387 unius
1011 2358 1143 2386 reditum
1156 2357 1184 2386 in
1200 2357 1329 2395 patriam
1344 2357 1476 2386 declarat
1491 2366 1499 2393 ;
1521 2359 1615 2388 altera

155 2396 247 2431 Quod
264 2396 410 2434 Eurytion
427 2396 475 2425 hic
490 2397 570 2432 facit,
592 2398 739 2427 Merionae
754 2408 801 2427 ars
813 2402 860 2427 est
899 2397 968 2426 S1lii
984 2397 1079 2430 XVI,
1093 2397 1374 2425 614—628.—527.
1386 2397 1445 2425 528
1458 2395 1549 2426 slellae
1565 2408 1613 2426 ca-

154 2443 202 2472 ap.
217 2434 342 2464 Homer.
356 2435 375 2463 Ι.
390 2445 417 2463 c.
435 2445 463 2462 v.
475 2436 533 2464 870
548 2437 703 2474 sqq.——De
717 2447 746 2465 v.
759 2438 814 2466 517
829 2437 859 2465 in
899 2437 1008 2470 dentes,
1030 2440 1064 2463 ut
1078 2436 1173 2470 vulgo
1191 2434 1347 2466 dicuutur:
1361 2445 1391 2463 v.
1403 2445 1469 2473 sup.
1481 2435 1528 2470 ΙΙ,
1540 2437 1609 2466 663.

152 2473 243 2501 tu'tris
261 2474 325 2512 jam
347 2474 463 2502 dictum
484 2474 521 2502 ad
546 2485 575 2504 v.
594 2476 857 2504 512.—512-531
898 2475 950 2503 ubi
975 2485 1006 2503 v.
1032 2474 1104 2502 Not.
1130 2474 1185 2502 Ge.
1205 2473 1233 2507 I,
1258 2474 1423 2502 365—-367.
1440 2474 1538 2510 refixa,
1554 2476 1607 2504 de-

152 2511 368 2547 Acestes,cum
378 2514 440 2551 jam
454 2522 511 2541 non
525 2513 658 2547 haberet,
672 2513 702 2542 in
717 2523 776 2552 quo
787 2524 856 2542 cum
896 2514 996 2547 cidua,
1017 2523 1084 2541 nam
1102 2512 1175 2540 alias
1191 2511 1288 2540 stellae
1303 2512 1442 2541 dicuntur
1449 2514 1518 2550 fixoe
1531 2523 1611 2542 esse.

153 2550 263 2579 ceteris
278 2551 388 2590 sagitta
401 2552 604 2585 contenderet,
626 2553 856 2590 certammejam
894 2553 992 2581 -530
1020 2561 1071 2579 uec
1095 2560 1177 2579 omen
1212 2550 1326 2579 Abnuit
1348 2550 1484 2580 AEneas:
1518 2552 1613 2590 igitur

153 2588 302 2625 absoluto,
323 2600 360 2618 ne
381 2594 477 2619 tamen
499 2590 617 2619 omnino
638 2600 741 2619 arcum
765 2591 855 2620 semel
896 2589 1010 2628 accepit
1032 2594 1184 2627 tamquam
1204 2588 1329 2619 laetum?
1350 2594 1431 2619 certe
1455 2592 1534 2628 quod
1559 2590 1609 2620 ille

152 2626 301 2657 intentum
333 2629 395 2658 sine
423 2628 475 2658 teli
504 2630 588 2666 jactu
612 2628 741 2663 laxaret,
763 2633 855 2658 artem
895 2630 1032 2667 putabat.
1046 2628 1084 2656 of.
1102 2628 1188 2657 Serv.
1205 2627 1242 2656 ad
1261 2629 1329 2657 524.
1344 2630 1610 2658 530.-531-540

154 2675 238 2694 suam
260 2666 291 2695 in
310 2676 346 2696 eo
366 2667 509 2701 declarat,
532 2667 611 2705 quod
629 2666 805 2705 longissime
826 2667 856 2696 in
896 2668 1038 2697 Imitatur
1060 2666 1153 2695 Hom.
1172 2667 1193 2696 1.
1215 2677 1242 2695 c.
1268 2666 1356 2696 Iliad.
1377 2674 1412 2701 ψ,
1444 2668 1501 2696 615
1526 2677 1604 2706 sqq„

154 2704 246 2733 altum
269 2705 377 2735 emittit
399 2706 550 2745 sagittam,
579 2715 742 2744 arcumque,
772 2707 802 2735 h.
829 2718 856 2735 e.
897 2706 948 2735 ubi
963 2706 1078 2735 Nestor
1093 2704 1183 2734 simili
1192 2706 1282 2734 modo
1293 2706 1450 2744 praemium
1462 2711 1549 2734 extra
1559 2716 1608 2735 or—

152 2752 240 2772 arcus
256 2745 401 2774 tractandi
417 2745 566 2785 peritiam.
587 2748 741 2774 monstram
754 2754 856 2782 magno
896 2745 998 2774 dinem
1014 2744 1082 2774 sert.
1123 2744 1173 2774 Ad
1195 2749 1335 2774 craterem
1357 2744 1462 2773 saltem
1484 2744 1522 2773 cf.
1540 2755 1607 2773 cra-
