1796 3077
575 303 846 344 AENEIDOS.
904 303 1005 341 LIB.
1036 302 1107 341 IX.
1489 307 1583 353 525

135 429 237 472 Non
256 436 394 472 tamen
415 430 580 472 omnino
602 430 794 472 Teucros
815 429 955 472 delere
977 429 1146 485 paratiS,

137 487 283 534 Quum
303 487 407 528 tales
428 488 586 529 animos
601 489 803 543 juvenum
823 495 865 528 et
885 495 970 528 tam
993 494 1109 528 certa
1129 483 1282 526 tulistis

136 543 331 585 Pectora.
391 544 461 586 Sic
481 559 728 594 memorans,
749 544 946 585 humeros
965 544 1221 596 dextrasque
1242 543 1415 584 tenebat
1502 541 1586 582 5250

136 600 385 651 Amborum,
408 609 450 642 et
470 601 629 643 vultum
648 601 826 655 lacrimis
848 608 975 654 atque
992 615 1066 641 ora
1085 599 1252 653 rigabat
1268 615 1277 639 :

137 656 249 703 Quae
268 659 399 707 vobis,
420 674 515 712 quae
536 659 675 714 digna,
698 659 786 708 viri,
808 673 886 713 pro
907 657 1102 697 laudibus
1123 657 1227 705 istis,

138 713 320 756 Praemia
340 730 465 770 posse
486 730 580 756 rear
600 715 734 757 solvi?
765 714 1048 769 pulcherrima
1067 713 1247 768 primum

136 770 212 811 Dii
231 787 452 827 moresque
472 773 636 814 dabunt
656 773 784 813 vestri
805 788 814 812 ε
845 778 934 812 tum
954 778 1108 812 caetera
1124 770 1276 811 reddet

136 827 344 870 Actutum
361 830 454 883 pius
475 829 650 878 AEneas,
673 835 799 882 atque
819 828 984 881 integer
1003 828 1080 868 aevi
1507 825 1591 867 255

136 883 360 934 Ascanius,
380 885 519 926 meriti
540 887 644 926 tanti
664 900 748 925 non
768 885 984 925 immemor
1003 898 1202 937 unquam.

135 940 269 983 Immo
289 957 368 997 ego
389 957 476 991 VOS,
494 943 562 983 cui
582 941 670 982 sola
690 940 800 982 salus
818 941 1009 996 genitore
1030 941 1222 988 reducto,

135 996 312 1052 Excipit
333 998 555 1048 Ascanius,
576 1014 653 1053 per
673 1013 862 1053 magnos,
884 997 1004 1046 Nise,
1028 997 1223 1044 Penates,

137 1053 421 1110 Assaracique
436 1054 604 1105 Larem,
625 1061 668 1096 et
688 1070 804 1096 canae
824 1054 1055 1109 penetralia
1075 1053 1116 1095 V
1120 1060 1237 1102 estae,

137 1111 366 1154 Obtestor:
399 1112 691 1167 (quaecumque
712 1112 814 1152 mihi
834 1112 1003 1152 fortuna
1021 1111 1214 1163 fidesque
1237 1115 1314 1158 est,
1509 1108 1593 1148 ‘260

138 1167 191 1208 In
209 1170 358 1210 vestris
379 1184 493 1223 pono
513 1169 681 1224 gremiis
699 1169 727 1221 z)
747 1175 942 1209 revocate
961 1174 1178 1222 parentem
1195 1183 1206 1215 3

140 1225 329 1266 Reddite
351 1233 625 1279 conspectum
643 1242 651 1275 3
684 1225 787 1264 nihil
807 1224 877 1265 illo
897 1225 1016 1264 triste
1036 1229 1225 1276 recepto.

140 1281 250 1322 Bina
270 1282 382 1323 dabo
404 1289 578 1337 argento
598 1281 789 1336 perfecta
806 1288 933 1334 atque
955 1295 1106 1335 aspera
1126 1278 1252 1333 signis

139 1338 315 1389 Pocula,
338 1339 504 1380 devicta
523 1340 689 1394 genitor
708 1353 804 1392 quae
825 1338 937 1391 cepit
958 1337 1137 1385 Arisba3

140 1395 201 1436 Et
219 1396 409 1450 tripodas
429 1397 633 1450 geminos,
655 1397 746 1436 auri
767 1395 851 1435 duo
872 1409 1026 1447 magna
1045 1394 1202 1438 talenta
1223 1413 1233 1446 3
1513 1395 1598 1436 5365

141 1452 319 1494 Cratera
339 1453 570 1506 antiquum,
594 1466 719 1506 quem
739 1451 813 1491 dat
834 1450 1007 1490 Sidonia
1024 1450 1156 1494 Dido.

143 1509 190 1549 Si
208 1524 309 1550 vero
330 1524 483 1563 capere
505 1508 668 1549 Italiam
689 1508 951 1562 sceptrisque
971 1508 1098 1561 potiri

144 1566 380 1620 Contigerit
400 1566 559 1615 victori,
582 1572 625 1607 et
645 1565 801 1620 praedae
822 1564 978 1605 ducere
1000 1572 1177 1607 sortem:

141 1622 313 1673 Vidisti,
344 1638 428 1678 quo
449 1622 624 1664 Turnus
647 1637 770 1676 equo,
790 1621 943 1675 quibus
963 1621 1052 1662 ibat
1072 1622 1114 1662 in
1134 1623 1257 1663 armis

141 1679 312 1721 Aureus
330 1697 339 1730 3
371 1680 509 1735 ipsum
528 1679 654 1729 illum,
678 1679 858 1734 clipeum
879 1677 1112 1734 cristasque
1131 1680 1332 1721 rubentes
1514 1678 1598 1720 „⁶270

142 1809 240 1838 modis
271 1809 412 1848 loquendi
440 1810 718 1849 elegantissimum:
756 1811 851 1840 animo
891 1810 972 1839 circa
997 1811 1139 1849 Abydum
1175 1811 1231 1840 sita
1256 1820 1284 1839 v.
1312 1810 1341 1838 in
1368 1807 1474 1848 primis
1501 1809 1603 1838 Strab.

141 1853 270 1884 maturo,
286 1854 418 1878 mataras
431 1850 525 1878 animo
539 1854 569 1878 et
587 1855 718 1878 maturus
729 1849 819 1878 animi
835 1859 851 1877 e
891 1849 982 1877 XIII
997 1860 1027 1888 p.
1040 1852 1109 1879 582.
1123 1851 1181 1879 883
1195 1860 1202 1877 z
1231 1849 1339 1885 Steph.
1365 1850 1497 1887 Byzant.
1522 1848 1550 1876 h.
1574 1858 1604 1876 v.

144 1887 362 1924 gramis—‘²48
378 1889 490 1917 Putant
503 1888 612 1926 respici
630 1889 744 1927 Odyss.
759 1888 853 1917 &754
892 1887 994 1926 ibique
1019 1889 1160 1917 Holsten.
1181 1898 1248 1917 cum
1274 1888 1435 1916 Eustachio
1460 1887 1496 1915 ad
1521 1886 1606 1915 varia

144 1927 289 1963 sq.—252
304 1927 402 1955 landes
416 1931 446 1956 et
461 1927 509 1956 hie
521 1937 577 1964 pro
588 1928 708 1962 virtute,
747 1938 779 1955 ro
793 1927 853 1955 fac·
894 1927 1023 1955 Homeri
1036 1927 1102 1956 loca
1116 1927 1154 1956 ΙΙ.
1178 1931 1209 1963 β,
1232 1927 1289 1955 837
1305 1930 1336 1954 et
1355 1927 1392 1954 al.
1434 1925 1606 1954 Difficultas

144 1964 184 1992 tis
209 1965 350 1998 strenuis.
379 1966 418 1994 cf.
438 1966 519 1995 adv.
538 1967 605 1995 197.
659 1966 766 1995 Paulo
788 1969 855 1994 ante
894 1965 943 1993 hic
972 1965 1001 1993 in
1029 1976 1064 1995 eo
1099 1966 1187 1999 inest,
1222 1965 1303 2002 quod
1330 1965 1450 1998 Arisba,
1479 1963 1607 1992 Troadis

142 2007 222 2031 certa
234 2008 302 2033 sunt
312 2004 405 2038 firma,
422 2004 522 2037 fortia,
538 2007 768 2042 pectora—’255
783 2004 856 2032 inte·
895 2005 980 2038 urbs,
1014 2005 1154 2043 Trojanis
1178 2003 1290 2033 auxilia
1315 2004 1352 2032 ab
1376 2003 1451 2032 Asio
1477 2002 1609 2031 adducta

142 2043 267 2079 yeraevz'.
308 2043 402 2071 Pueri
418 2043 599 2080 autjuvenis
613 2044 640 2072 in
657 2046 732 2082 ἀκμῇ
745 2043 856 2072 consti-
896 2042 995 2071 misit:
1029 2043 1079 2072 vix
1107 2044 1182 2071 adeo
1207 2042 1327 2080 assequi
1350 2042 1432 2076 licet,
1458 2041 1608 2079 quomodo

147 2080 216 2114 tuti,
242 2091 358 2111 summa
372 2091 514 2112 annorum
538 2082 635 2111 adhuc
659 2087 705 2111 est
726 2083 855 2120 integra,
896 2081 969 2109 urbs
1001 2082 1151 2110 sociorum
1176 2091 1193 2109 a
1211 2080 1350 2118 Trojanis
1377 2081 1445 2118 capi
1466 2079 1611 2117 potuerit.

146 2119 273 2148 nondum
304 2120 471 2150 imminuta.
485 2138 523 2142 —
537 2121 595 2150 258
623 2121 709 2155 Nise,
721 2139 760 2143 —
775 2124 856 2149 recte
897 2119 958 2148 Sed
969 2120 1092 2158 repetiit
1106 2121 1162 2148 boc
1177 2120 1268 2157 po'c'ta
1282 2129 1321 2148 ex
1336 2120 1437 2152 rebus,
1454 2128 1520 2156 quae
1535 2118 1610 2146 'rro-

146 2157 233 2186 Serv.
265 2162 283 2175 “
303 2159 335 2187 id
361 2163 407 2188 est
431 2159 552 2188 familiae
581 2164 693 2188 nostrae
725 2160 771 2189 vel
807 2169 856 2198 ge-
893 2160 996 2197 janum
1020 2158 1131 2187 bellum
1148 2162 1386 2194 antecesserant3
1416 2166 1482 2185 nam
1500 2157 1536 2184 ab
1549 2155 1611 2184 Au-

145 2196 210 2224 neri
224 2197 410 2235 proprium.'¹
452 2198 535 2236 Ergo
556 2202 601 2226 est
615 2209 620 2225 z
654 2200 790 2227 obtestor
804 2208 860 2236 per
899 2197 983 2225 chisa
996 2201 1112 2235 captam
1128 2198 1234 2225 urbem
1248 2201 1358 2225 narrat.
1398 2194 1507 2224 Potuit
1519 2194 1612 2238 igitur

150 2234 280 2264 Penates
300 2239 331 2264 et
344 2236 438 2265 Lares
461 2237 568 2265 domus
589 2247 674 2266 meae.
715 2239 800 2274 Quos
814 2237 860 2265 di-
900 2236 1030 2264 fabulam
1047 2236 1143 2273 sequi,
1167 2245 1234 2273 quae
1250 2245 1318 2263 cum
1340 2234 1479 2272 pluribus
1495 2233 1560 2261 aliis
1575 2233 1614 2262 de

147 2282 253 2301 versos
267 2274 384 2302 habitos
405 2284 486 2309 esse,
509 2285 548 2303 ex
568 2275 623 2304 hoc
641 2276 710 2314 ipso
727 2279 862 2315 apparet.
900 2275 990 2304 rebus
1011 2275 1150 2312 Trojanis
1175 2273 1394 2302 narrationibus
1409 2272 1613 2301 intercidit.—

148 2312 247 2341 —260
271 2313 421 2342 Laborant
434 2313 538 2351 Intpp.
559 2313 587 2342 in
603 2314 687 2351 fides,
708 2316 778 2344 inde
793 2318 862 2354 post
900 2315 1087 2351 265‘mayna
1108 2312 1216 2341 talenta
1241 2323 1256 2341 e
1283 2312 1405 2350 poetica
1427 2310 1553 2344 ratione,
1582 2314 1615 2340 ut

149 2350 301 2380 Servium.
341 2351 402 2379 Sed
421 2352 496 2388 fides
511 2353 662 2390 exquisite
680 2365 735 2392 pro
757 2365 811 2392 spe
832 2357 863 2381 et
903 2352 1057 2390 epitheton
1079 2355 1174 2380 ornet.
1213 2351 1304 2384 Nam,
1323 2350 1404 2388 quod
1419 2353 1521 2388 partes
1538 2349 1568 2378 in
1584 2359 1616 2377 se

147 2394 220 2418 voto
236 2399 317 2428 saepe
339 2390 481 2427 ponitur:
511 2401 591 2425 nam,
616 2402 684 2429 quae
708 2402 863 2431 speramus
903 2392 1048 2426 continet,
1084 2395 1192 2423 totum,
1223 2399 1363 2428 magnum
1396 2393 1444 2417 est
1471 2391 1617 2427 respectu

147 2432 304 2461 eventura,
327 2428 365 2456 iis
384 2428 482 2466 aliqua
504 2439 542 2457 ex
564 2434 652 2467 parte
673 2432 761 2461 fidem
775 2432 866 2460 habe·
904 2430 1046 2469 partium.
1060 2439 1090 2458 v.
1104 2429 1141 2458 ad
1156 2428 1210 2457 lib.
1222 2429 1260 2463 V,
1274 2429 1342 2457 248.
1378 2427 1504 2456 Cratera
1517 2431 1617 2456 antem

148 2477 238 2498 mus:
261 2477 450 2506 quaecunque
479 2467 552 2496 mibi
575 2469 704 2503 fortuna,
729 2475 759 2499 et
782 2480 865 2508 quae·
906 2470 1056 2508 antiquum.
1080 2468 1132 2496 int.
1161 2467 1283 2505 antiquo
1308 2476 1410 2505 opere.
1443 2466 1503 2500 dal,
1523 2469 1618 2500 ἔδωκε,

150 2516 270 2544 cunque
287 2505 360 2534 mihi
371 2515 443 2543 spes
458 2509 517 2540 est,
530 2516 566 2534 ea
578 2506 607 2535 in
623 2508 867 2538 disideratissimi
908 2509 952 2537 sic
963 2509 1018 2537 361
1034 2506 1121 2536 mittit
1131 2515 1185 2544 pro
1200 2506 1389 2535 misit.—267
1402 2505 1493 2534 Color
1509 2505 1620 2533 oratio-

150 2544 284 2582 parentis
300 2544 401 2573 reditu
416 2548 463 2572 est
479 2545 586 2582 posita.
910 2548 955 2576 nis
968 2557 1007 2575 ex
1025 2547 1158 2575 Homero
1173 2545 1276 2573 eadem
1289 2545 1318 2573 in
1333 2555 1365 2574 re
1380 2543 1421 2572 Il.
1440 2558 1459 2577 1,
1480 2544 1537 2573 135
1553 2554 1620 2581 sqq.

193 2583 252 2612 263
278 2584 315 2612 In
340 2583 476 2621 praemiis
492 2583 670 2620 pollicendis
696 2586 782 2615 loc'ns
802 2589 870 2614 ante
911 2583 1312 2624 capereltaliammagnifice,
1326 2583 1350 2611 si
1362 2583 1622 2612 sedemobtineat.

153 2621 259 2650 oculos
272 2622 364 2650 Illad·
389 2636 409 2655 t,
440 2623 497 2651 122
513 2632 578 2659 Sqq·
634 2624 804 2662 Sapientius
815 2625 871 2653 eti⁴
912 2629 943 2653 et
965 2627 1074 2652 terram
1094 2623 1123 2650 in
1139 2622 1238 2655 Latio,
1260 2632 1347 2660 quam
1368 2621 1533 2650 inhabitent
1546 2621 1621 2648 Tro-

154 2670 200 2689 am
217 2660 282 2688 haec
297 2660 395 2689 omnia
410 2661 555 2689 adornata
572 2670 589 2688 a
604 2660 746 2700 Virgilio.
793 2664 874 2691 Nam
910 2662 984 2700 jani,
1000 2666 1030 2690 et
1051 2661 1183 2699 praedam
1203 2662 1309 2689 sortito
1323 2660 1489 2699 dispertiri,
1509 2658 1620 2695 sortiri,

154 2699 233 2737 apud
270 2699 439 2727 Homerum
483 2699 581 2727 minus
617 2699 741 2731 honeste
776 2701 875 2730 Dolon
918 2700 1188 2739 contigerit.-'269
1206 2699 1325 2734 Vidisti,
1346 2702 1546 2738 quofflpotest
1569 2697 1625 2725 eti-

153 2737 281 2775 praemia
302 2738 435 2775 postulat
464 2738 503 2767 ll.
524 2751 550 2770 κ,
576 2738 633 2767 321
660 2740 880 2778 sqq.--‹levicta
921 2749 966 2768 am
986 2739 1195 2777 interrogando
1223 2738 1335 2768 efferri.
1379 2739 1494 2766 Turum
1519 2745 1625 2765 aureus

153 2776 269 2816 qenitor
289 2786 355 2815 qnae
376 2776 449 2817 cepit
476 2777 601 2807 Arisba.
658 2779 705 2808 De
728 2779 801 2808 urbe
825 2779 880 2808 hac
922 2778 1019 2808 aureis
1042 2778 1071 2808 in
1085 2777 1294 2808 a1·mis.-270.
1313 2778 1369 2807 ’271
1390 2775 1513 2806 habebis
1533 2773 1626 2804 'Furni
