1796 3077
186 224 282 271 228

617 220 660 257 P.
691 217 923 256 VIRGILII
953 217 1202 257 MARONIS

191 339 346 389 Corda,
364 338 527 381 volente
549 340 629 380 deo
647 355 656 387 3
688 339 731 378 in
748 339 891 392 primis
908 338 1054 392 regina
1073 339 1259 391 quietum

189 395 361 451 Accipit
381 399 424 438 in
444 396 634 437 Teucros
655 396 837 436 animum
855 402 1122 448 mentemque
1141 397 1378 451 benignam.

244 453 305 494 At
326 455 418 508 pius
439 453 613 500 AEneas,
635 466 712 506 per
736 460 902 494 noctem
922 452 1102 508 plurima
1121 452 1303 504 volvens,
1546 453 1631 495 005

191 509 254 552 Ut
273 512 452 565 primum
472 508 545 549 lux
566 507 673 549 alma
694 509 794 550 data
812 518 888 559 est,
911 511 1039 558 exire,
1060 508 1259 564 locosque

190 567 429 622 Explorare
449 581 593 616 novOS‚
615 581 720 621 quas
741 575 864 609 vento
884 566 1108 609 accesserit
1128 581 1236 616 oras,

190 625 278 670 Qui
298 631 620 665 teneant—nam
639 623 798 665 inculta
816 624 1243 673 videt—hominesne,
1266 624 1433 673 feraene,

190 682 394 727 Quaerere
416 681 643 730 constituit,
666 682 872 736 sociisque
892 690 1043 723 exacta
1062 681 1236 722 referre.

190 737 378 778 Classem
397 738 439 778 in
460 753 648 779 convexo
668 753 899 788 nemorum,
921 739 1000 780 sub
1021 753 1126 793 rupe
1149 746 1295 779 cavata

1548 739 1631 778 310

189 794 426 835 Arboribus
447 795 630 836 clausam
649 796 805 837 circum
825 804 952 850 atque
972 796 1241 837 horrentibus
1261 795 1419 836 umbris

190 852 382 893 Occulit:
414 853 503 907 ipse
524 868 608 893 uno
628 854 820 907 graditur
840 855 1060 895 comitatus
1081 852 1262 902 Achate,

189 909 298 950 Bina
318 924 443 950 manu
462 909 546 950 lato
566 911 753 964 crispans
774 911 941 951 hastilia
962 911 1089 952 ferro.

190 966 270 1006 Cui
288 974 420 1007 mater
441 967 582 1007 media
602 982 692 1008 sese
713 967 808 1008 tulit
828 969 952 1009 obvia
973 967 1088 1016 silva,

189 1022 376 1077 Virginis
397 1039 442 1064 os
463 1023 737 1078 habitumque
757 1040 920 1079 gerens,
943 1031 984 1064 et
1005 1023 1174 1078 virginis
1195 1037 1310 1063 arma

1549 1022 1633 1062 315

189 1080 422 1134 Spartanae,
444 1080 509 1121 vel
529 1080 662 1135 qualis
684 1096 814 1134 equos
835 1081 1042 1122 Threissa
1063 1081 1212 1135 fatigat

187 1136 443 1191 Harpalyce,
463 1137 758 1192 volucremque
778 1138 880 1193 fuga
900 1139 1166 1193 praevertitur
1187 1137 1365 1178 Eurum.

187 1235 239 1254 eos
259 1225 601 1264 propulsent—quietum
628 1225 765 1261 animum,
783 1228 893 1262 ἕκηλον,

188 1274 244 1302 pro
258 1264 419 1301 placidum,
435 1264 609 1302 propitium,
623 1267 730 1299 εὐμενῆ.

228 1304 284 1331 305
311 1303 440 1331 Paratur
464 1313 538 1331 nunc
564 1303 670 1332 AEneae
700 1304 738 1332 ad
766 1304 892 1332 Cartha-

189 1340 288 1380 ginem
314 1351 462 1375 accessus,
489 1341 537 1370 cui
558 1341 661 1370 Venus
686 1347 779 1370 mater
800 1343 893 1372 inter-

188 1380 280 1410 venit.
320 1382 382 1409 Per
405 1384 513 1407 noctem
538 1379 667 1418 plurima
691 1380 816 1415 volvens,
847 1384 893 1410 οὐκ

188 1420 460 1452 Ἀτρεὶὀην-έΎπνος·
472 1422 518 1452 ἔχε
533 1423 672 1453 -χλυκερὺτ,
687 1422 783 1447 πολλὰ
797 1424 893 1456 φρεσὶν

191 1460 370 1493 ὁρμαίνοντα,
386 1457 425 1487 Il.
441 1470 464 1491 κ,
481 1458 510 1486 3.
524 1457 708 1491 H.v0l1;enS,
724 1458 774 1496 qui
796 1458 892 1487 VOlvit

188 1497 235 1525 vel
252 1497 396 1526 volverat.
438 1496 495 1524 Est
516 1496 708 1534 participium
730 1498 891 1535 praesentis

188 1535 336 1564 historici.
377 1535 561 1564 Insolenticr
577 1539 623 1564 est
644 1545 717 1564 usus
739 1536 892 1574 participii

189 1574 332 1602 cadentem
353 1575 432 1613 apud
454 1574 521 1602 val.
545 1573 591 1602 Fl.
615 1574 642 1608 I,
662 1576 729 1602 355.
751 1575 779 1602 h.
793 1585 819 1602 e.
842 1575 892 1612 xxui

187 1613 349 1649 ceciderat,
373 1613 474 1642 ullas
486 1613 573 1648 alma,
589 1614 837 1651 grata,jucunda‚
853 1614 891 1643 cf.

188 1651 261 1680 Not.
292 1653 327 1680 ad
356 1652 422 1681 1301.
446 1652 542 1686 YIII,
570 1653 713 1681 17.—307
739 1652 892 1690 Explorat

189 1690 254 1720 loca
267 1701 352 1723 nova,
368 1698 398 1720 et
411 1691 544 1730 quidem,
566 1691 602 1719 ad
617 1701 691 1729 quas
707 1701 774 1720 oras
791 1702 891 1720 acces-

190 1730 273 1765 serit,
292 1731 370 1759 venti
393 1731 434 1763 vi,
457 1734 645 1767 tempestate,
673 1729 829 1767 appulsus,
852 1731 891 1759 cf.

188 1769 256 1798 333.
284 1769 363 1802 VII,
392 1770 609 1801 lar—exacta,
632 1769 790 1806 explorata
816 1771 894 1805 (qua

191 1807 410 1844 significatione
431 1806 527 1835 rarius
549 1806 613 1834 haec
636 1816 697 1834 vox
719 1810 893 1843 usurpatur.

193 1845 259 1881 W.)
274 1846 491 1883 referre.-—308
502 1844 594 1873 Color
605 1845 714 1872 ductus
729 1855 765 1872 ex
779 1845 894 1882 Odyss.

189 1888 212 1917 ζ,
224 1886 289 1913 119.
299 1894 376 1922 sqq.,
387 1883 437 1912 ubi
446 1883 575 1920 Ulysses
586 1883 615 1911 in
627 1883 787 1911 Phaeacum
795 1883 895 1912 insula

190 1927 408 1960 experrectus,
422 1926 452 1950 et
466 1921 559 1950 multo
576 1921 670 1959 magis
684 1931 723 1950 ex
738 1922 853 1959 Odyss.
868 1935 893 1955 κ,

189 1962 257 1989 144.
275 1971 353 1999 sqq.,
372 1960 422 1989 ubi
436 1960 562 1998 Ulysses
575 1960 613 1988 ad
626 1960 750 1989 AEneain
767 1960 894 1988 insulam

189 1999 335 2038 appulsus
358 2001 513 2028 est—:310
530 1999 668 2027 Classem
689 1999 820 2028 occultat
838 2000 893 2027 sub

189 2048 328 2067 convexa
355 2048 428 2076 rupe
457 2038 628 2066 nemoribus
654 2038 770 2066 consita
799 2039 895 2067 162-

190 2076 478 2106 165.—horrentilms
502 2076 623 2112 umbris,
643 2086 672 2104 v.
696 2078 732 2105 ad
755 2076 800 2111 X,
824 2078 893 2106 2:37.

187 2116 225 2144 cf.
241 2116 269 2151 I,
283 2116 446 2144 165.-313
461 2115 602 2153 crispans
610 2115 790 2153 exquisitius
805 2126 893 2153 quam

189 2154 321 2188 vibrans,
333 2155 454 2183 habens.
495 2154 656 2193 (Similiter
671 2154 782 2183 dicitur
796 2164 894 2182 corus-

189 2203 255 2222 care
270 2194 367 2228 VIII,
384 2195 453 2222 601.
467 2193 522 2222 duo
535 2193 656 2232 quisque
670 2192 782 2232 Alpina
794 2204 894 2222 corus-

189 2237 255 2260 cant
283 2232 371 2261 Goesa
399 2243 494 2260 manu.
550 2233 627 2262 Add.
654 2242 796 2270 quassans
826 2232 893 2260 Ecl.

192 2270 238 2305 X,
254 2272 302 2299 25.
321 2271 385 2307 W.)
400 2271 494 2300 Binas
508 2271 609 2300 hastas
621 2281 736 2308 gerere.
751 2280 816 2300 mos
831 2271 892 2300 sere

190 2309 316 2338 heroum
331 2314 361 2337 et
376 2310 454 2347 apud
467 2311 585 2348 poetas,
608 2310 648 2339 cs.
669 2309 752 2345 XII,
771 2311 839 2343 165,
862 2314 893 2338 et

189 2348 272 2385 apud
307 2348 446 2376 artifices.
491 2348 619 2377 Achates
651 2349 754 2378 sEneae
788 2358 891 2378 comes

191 2387 293 2421 (latus,
306 2391 339 2415 ut
353 2387 575 2424 {tp-Homerum
592 2391 754 2421 θεράποντες
767 2387 891 2416 heroum

191 2433 221 2454 et
242 2427 355 2460 ἑταῖροι,
380 2426 534 2455 Idomenei
555 2426 717 2461 Meriones,
734 2426 892 2455 Diomedis

191 2463 360 2498 Sthenelus,
376 2464 500 2493 Achillis
515 2465 685 2494 Patroclus.
701 2465 804 2504 sicque
821 2465 881 2493 alii.

228 2503 287 2532 314
303 2504 470 2541 Antequam
491 2503 595 2533 silvam
616 2504 714 2533 litoris
728 2503 892 2543 egreditur,

191 2551 251 2570 sese
265 2542 340 2575 tulit,
363 2542 499 2576 incessit,
517 2543 596 2573 facta
610 2548 658 2571 est
671 2543 752 2571 obvia
767 2543 824 2581 (cf.
839 2542 892 2571 inf.

190 2581 278 2616 503),
293 2581 423 2609 occurrit
437 2581 464 2608 ei
480 2581 591 2615 Venus,
605 2582 715 2620 puellae
733 2581 891 2611 venatricis

190 2619 294 2648 habitu
307 2623 337 2648 et
351 2619 449 2647 armis.
476 2619 602 2654 Habuit,
616 2620 892 2658 quemimitaretur,

192 2658 358 2687 Homerum
380 2657 494 2695 Odyss.
519 2673 545 2692 η,
572 2660 619 2687 19.
641 2670 707 2698 sqq.
728 2664 758 2688 et
778 2673 801 2693 ν,
822 2660 892 2688 221.

192 2707 269 2735 sqq.,
298 2697 349 2726 ubi
380 2696 518 2725 Minerva
544 2698 638 2727 altero
673 2699 740 2727 loco
772 2698 891 2737 puellae,

192 2736 326 2773 aqualem
349 2735 488 2774 gestanti.
510 2735 539 2764 in
562 2736 666 2772 altero,
688 2737 799 2775 pastori
816 2737 890 2766 assi-

931 1226 1042 1261 milata,
1059 1226 1163 1264 Ulyssi
1184 1226 1273 1255 obvia
1293 1231 1323 1255 et
1341 1225 1398 1254 viae
1411 1225 1475 1254 dux
1491 1226 1533 1254 fit.
1573 1226 1635 1256 Sed

932 1275 989 1293 non
1014 1265 1169 1294 infeliciter
1196 1275 1258 1294 rem
1284 1264 1412 1293 variavit
1437 1264 1634 1304 Virgilius.—

931 1305 990 1332 316
1006 1305 1100 1333 Veste
1121 1304 1276 1332 succincta
1291 1308 1365 1336 erat,
1380 1313 1464 1332 coma
1479 1303 1588 1337 soluta,
1604 1309 1635 1333 et

933 1352 1033 1371 arcum
1048 1352 1115 1370 cum
1130 1342 1248 1380 sagittis
1262 1343 1401 1375 habebat,
1416 1342 1526 1379 puellae
1543 1342 1634 1380 Spar-

934 1385 1009 1409 tanne
1022 1381 1072 1410 vel
1086 1381 1236 1409 Threissae
1252 1390 1345 1409 more.
1386 1380 1456 1409 Hoc
1472 1385 1634 1411 structurae

932 1419 1028 1448 forma
1052 1419 1190 1448 variavit.
1232 1420 1279 1448 De
1306 1420 1520 1457 Spartanarum
1548 1420 1636 1457 puel-

932 1458 1028 1487 larum
1043 1458 1257 1487 exercitatione
1271 1458 1454 1496 palaestrica,
1475 1468 1563 1496 quam
1577 1459 1636 1488 huc

933 1502 1040 1526 vocant
1068 1498 1258 1536 interpretes‘,
1282 1502 1351 1526 nota
1374 1508 1432 1526 res.
1473 1497 1635 1527 Enimvero

932 1541 995 1565 tum
1019 1536 1102 1565 nudoe
1124 1541 1217 1571 erant,
1240 1539 1274 1564 ut
1296 1540 1342 1564 tot
1362 1536 1427 1564 loca
1440 1536 1548 1565 docere
1566 1547 1637 1574 pos-

933 1579 1011 1603 sunt.
1051 1576 1158 1613 Neque
1180 1579 1277 1603 tamen
1299 1575 1347 1603 hic
1368 1575 1405 1604 de
1421 1575 1557 1612 gymnico
1572 1586 1636 1604 cer-

932 1614 1049 1647 tamine,
1065 1624 1170 1643 verum
1183 1614 1219 1642 de
1230 1613 1409 1651 jaculatione
1425 1614 1540 1650 agitur3
1557 1615 1585 1642 in
1602 1625 1637 1645 ea

932 1657 1030 1681 autem
1054 1662 1237 1681 communem
1258 1653 1360 1690 potius
1388 1652 1555 1690 puellarum
1576 1653 1637 1682 La-

931 1701 1079 1720 caenarum
1093 1692 1226 1721 habitum
1242 1692 1383 1721 exhibere
1394 1692 1526 1720 debebat
1533 1693 1635 1729 poe'ta,

932 1740 1001 1758 cum
1027 1731 1171 1759 brevibus
1197 1730 1317 1765 tunicis,
1348 1731 1447 1768 iisque
1474 1730 1511 1758 ad
1540 1731 1637 1760 semur

932 1779 1028 1806 usque
1041 1769 1179 1804 dissutis,
1194 1774 1356 1803 uterentur,
1371 1775 1404 1798 ut
1416 1770 1526 1798 nudum
1540 1770 1639 1799 femur

932 1807 962 1834 in
997 1807 1115 1836 incessu
1148 1812 1319 1846 appareret,
1352 1808 1430 1837 unde
1456 1811 1638 1845 φανομηρὶὄει·

933 1845 1089 1882 Spartanae
1105 1846 1225 1883 puellae.
1266 1847 1328 1875 Hic
1346 1851 1454 1880 tamen,
1475 1847 1569 1884 idque
1584 1848 1637 1876 ob-

934 1884 1106 1912 servatione
1137 1885 1272 1921 dignum,
1307 1885 1344 1913 ab
1378 1895 1414 1913 eo
1444 1885 1636 1922 potissimum

934 1922 1082 1959 Spartana
1105 1922 1190 1961 virgo
1219 1923 1404 1959 designatur,
1430 1924 1509 1960 quod
1533 1933 1636 1952 arcum

933 1971 1001 1988 cum
1023 1961 1141 1996 sagittis
1163 1961 1252 1998 gerit.
1293 1961 1456 1989 Probabile
1476 1961 1577 1998 itaque
1591 1963 1636 1997 fit,

932 1999 1050 2037 puellas
1064 2000 1235 2037 Spartanas,
1254 2009 1270 2027 e
1284 2001 1383 2037 po'ctae
1393 1999 1637 2037 saltemjudicio‚

934 2038 1081 2066 venationi
1107 2047 1227 2076 operam
1251 2038 1381 2072 dedisse,
1411 2038 1516 2066 saltem
1544 2039 1636 2077 sagit-

933 2076 1013 2105 tandi
1028 2076 1085 2105 arti
1096 2087 1231 2105 vacasse.
1272 2076 1453 2114 Harpalycae
1464 2077 1494 2105 in
1509 2078 1637 2106 vetustis

933 2115 1043 2144 sabulis
1057 2120 1159 2144 notum
1173 2126 1287 2144 nomen.
1328 2116 1397 2144 Alia
1408 2120 1453 2144 est
1468 2116 1505 2143 ab
1519 2115 1638 2154 Iphiclo

933 2158 1046 2192 spreta,
1067 2165 1083 2182 a
1107 2165 1165 2192 qua
1190 2154 1338 2183 cantilena
1353 2154 1521 2193 Harpalyce
1542 2155 1635 2191 dicta,

933 2198 967 2221 ut
987 2203 1024 2222 ex
1037 2193 1212 2222 Aristoxeni
1232 2196 1406 2227 ὑπομνήμασι
1428 2197 1527 2222 narrat
1544 2193 1637 2223 Athe-

933 2241 1016 2260 naeus
1036 2232 1130 2266 XLV,
1152 2234 1180 2266 3,
1206 2243 1236 2270 p.
1259 2234 1326 2261 619.
1343 2233 1378 2260 F.
1419 2232 1486 2261 Alia
1501 2231 1638 2270 Clymeni

932 2270 1002 2305 filia,
1032 2271 1069 2300 de
1095 2281 1153 2308 qua
1178 2281 1215 2299 ex
1238 2271 1431 2308 Euphorione
1454 2271 1636 2299 Parthenius

933 2309 1047 2338 Erotio.
1060 2320 1086 2338 c.
1104 2311 1150 2338 13.
1190 2310 1253 2338 Hic
1272 2310 1370 2344 tertia,
1393 2309 1495 2347 paullo
1516 2309 1569 2338 illa
1584 2319 1636 2337 no-

932 2348 990 2376 tior
1003 2348 1121 2382 ceteris,
1132 2348 1310 2387 Harpalyci‚
1324 2350 1568 2387 Amymnaeorum
1576 2347 1635 2385 (ita

931 2386 1113 2425 legendum,
1136 2388 1179 2416 sic
1201 2390 1366 2425 Amymnos
1388 2387 1473 2425 Epiri
1490 2390 1636 2415 memorat

931 2426 1036 2463 Steph.
1061 2427 1156 2464 Byz.)
1198 2426 1334 2456 Tiiraciae
1360 2427 1451 2464 regis,
1475 2424 1546 2457 filia,
1565 2434 1633 2462 quae

931 2464 959 2492 in
975 2464 1061 2493 silvis
1076 2465 1185 2494 educta
1199 2466 1358 2494 venatibus
1373 2469 1403 2494 et
1417 2463 1554 2493 cursibus
1567 2473 1635 2492 sese

931 2503 1102 2532 duraverat.
1143 2508 1190 2536 De
1206 2514 1240 2533 ea
1252 2515 1281 2533 v.
1297 2505 1327 2532 h.
1340 2503 1361 2532 l.
1375 2503 1461 2531 Serv.
1474 2505 1505 2530 et
1518 2501 1636 2539 Hygia.

931 2541 952 2569 s·
976 2543 1043 2571 193.
1068 2544 1175 2572 3—16.
1200 2543 1245 2572 vel
1265 2542 1350 2581 (talis
1371 2540 1514 2579 virginis)
1540 2540 1634 2578 qualis

931 2591 1018 2618 equos
1034 2581 1156 2619 fatiqut,
1179 2591 1256 2620 equo
1283 2580 1497 2610 insidet—317
1522 2578 1636 2607 Eurus.

932 2620 1018 2648 Hanc
1033 2621 1235 2657 conjecturam
1249 2618 1387 2656 exemplo
1402 2617 1547 2646 Brunckii
1561 2617 1634 2647 alio-

932 2668 1058 2697 rumque
1087 2660 1200 2698 recepi.
1249 2657 1439 2696 Comparatio
1470 2656 1634 2685 celeritatis

932 2708 999 2726 cum
1028 2698 1122 2728 ventis
1156 2697 1244 2727 obvia
1270 2702 1301 2726 et
1327 2696 1559 2729 acconnuodata,
1591 2696 1632 2724 cf.

933 2737 1009 2772 vll,
1024 2738 1091 2767 807.
1110 2747 1250 2774 cursuque
1262 2735 1366 2773 pedum
1381 2739 1555 2773 proevertere
1565 2744 1631 2763 mm-
