1796 3077
564 253 834 292 AENEIDOS.

123 373 249 428 Saepe
270 388 395 414 manu
417 373 641 427 multisque
663 374 853 415 oneravit
872 374 1013 416 limina
1033 375 1169 418 donis.

893 252 994 291 LIB.
1024 254 1073 292 X.

122 430 205 470 Cui
224 445 300 471 rex
321 430 485 471 aetherii
505 431 689 471 breviter
709 431 767 470 sic
790 430 902 471 fatur
919 431 1114 486 Olympi:

123 486 170 525 Si
190 501 306 527 mora
327 488 545 540 praesentis
564 486 637 526 leti
659 495 908 540 tempusque
935 489 1098 529 caduco

123 542 285 582 Oratur
299 543 458 596 juveni,
480 557 632 596 meque
652 543 733 583 hoc
755 543 812 583 ita
831 558 989 598 ponere
1011 547 1139 586 sentis
1158 562 1166 585 :

121 597 246 638 Tolle
269 598 371 653 fuga
391 599 601 648 Turnum,
625 606 751 652 atque
772 600 1025 641 instantibus
1047 602 1162 656 eripe
1184 602 1295 646 fatis.

122 653 345 695 Hactenus
366 655 589 696 indulsisse
605 662 738 696 vacat.

799 655 875 696 Sin
895 656 1018 697 altior
1037 658 1126 699 istis

122 709 214 750 Sub
236 712 435 765 precibus
457 712 578 752 venia
599 711 683 752 ulla
699 711 814 760 latet,
833 719 1053 767 totumque
1070 716 1227 757 moveri

122 766 337 808 Mutarive
359 776 484 821 putas
505 767 682 808 bellum:
716 783 812 820 spes
833 770 971 822 pascis
994 771 1151 812 inanes.

121 822 183 862 Et
203 823 232 863 J
235 838 318 863 uno
339 823 632 864 allam-amans:
669 823 790 869 Quid
811 826 857 872 si,
879 826 995 878 quod
1015 841 1117 867 voce
1137 829 1337 881 gravariS,

119 878 270 919 Nlente
287 879 411 920 dares
430 896 439 927 ;
472 886 599 932 atque
621 879 713 920 haec
735 879 885 920 Turno
902 889 993 921 rata
1013 883 1097 922 vita
1117 887 1333 925 maneret!

122 935 251 975 Nunc
271 942 412 976 manet
427 936 635 975 insontem
654 936 792 989 gravis
812 937 974 976 exitus:
1007 946 1080 978 aut
1100 954 1180 993 ego
1202 942 1288 983 veri

456 991 591 1037 Quod
613 999 659 1032 ut
680 1007 705 1032 ο
719 992 862 1045 potius
879 992 1103 1035 formidine
1125 996 1230 1037 falsa

123 991 247 1032 Vana
270 991 397 1032 feror.

1496 942 1581 983 630

124 1046 286 1096 Ludar,
309 1056 352 1088 et
370 1048 412 1088 in
432 1048 580 1088 melius
601 1056 685 1096 tua,
709 1049 781 1101 qui
801 1056 935 1102 poteS,
958 1064 1053 1090 orsa
1068 1051 1286 1099 reflectas!

121 1104 231 1144 Haec
253 1104 326 1144 ubi
343 1104 457 1144 dicta
477 1105 619 1145 dedit:
653 1104 761 1145 coelo
779 1120 823 1145 se
845 1113 1049 1158 protenus
1070 1107 1155 1149 alto

121 1159 256 1208 Misit,
275 1175 404 1213 agens
424 1160 618 1209 hiemem,
640 1162 782 1200 nimbo
804 1162 1031 1210 succincta,
1055 1178 1132 1216 per
1151 1179 1276 1207 auras
1294 1184 1303 1216 3

119 1215 376 1269 Iliacamque
397 1217 530 1257 aciem
552 1224 595 1257 et
617 1216 850 1257 Laurentia
870 1225 1007 1257 castra
1029 1220 1187 1271 petivit.

120 1272 236 1312 Tum
257 1273 337 1312 dea
357 1273 470 1313 nube
491 1287 593 1313 cava
615 1280 784 1313 tenuem
807 1273 894 1313 sine
915 1274 1073 1314 viribus
1095 1278 1286 1318 umbram

121 1328 171 1368 In
193 1328 343 1368 faciem
363 1328 518 1369 AEneae
541 1330 647 1381 (visu
668 1328 856 1369 mirabile
876 1332 1125 1384 monstrum)

121 1385 350 1425 Dardaniis
371 1392 494 1425 ornat
514 1385 630 1433 telis3
663 1385 929 1438 clipeumque
944 1386 1157 1440 jubasque

122 1441 266 1482 Divini
286 1440 500 1482 assimulat
522 1441 693 1494 capitis;
726 1441 800 1481 dat
819 1441 958 1481 inania
974 1444 1126 1492 νει-1ης

121 1498 213 1538 Dat
233 1498 321 1538 sine
342 1504 481 1538 mente
504 1512 664 1545 sonum,
686 1511 941 1551 gressusque
963 1498 1124 1552 effingit
1144 1502 1294 1542 euntis.

1496 1505 1581 1544 6410

121 1554 266 1594 Morte
289 1554 406 1594 obita
422 1554 567 1607 quales
587 1553 695 1593 fama
710 1561 773 1593 est
795 1553 968 1594 volitare
989 1554 1163 1608 figuras,

121 1612 212 1651 Aut
232 1625 327 1663 quae
344 1611 503 1664 sopitos
520 1609 729 1651 deludunt
748 1611 905 1649 somnia
922 1625 1086 1651 sensus.

120 1665 182 1706 At
203 1669 357 1720 primas
377 1665 474 1706 laeta
494 1673 591 1707 ante
613 1667 723 1706 acies
744 1665 930 1706 exsultat
950 1667 1099 1721 imago,

122 1723 349 1776 Irritatque
370 1723 503 1763 virum
524 1723 630 1771 telis,
647 1730 690 1762 et
711 1737 813 1763 voce
833 1721 1012 1763 lacessit.

121 1779 257 1820 Instat
278 1779 346 1820 cui
366 1778 554 1828 Turnus,
575 1779 904 1832 stridentemque
925 1780 1086 1820 eminus
1102 1780 1265 1821 hastam

1495 1784 1580 1823 015

122 1835 332 1888 Conjicit3
364 1834 433 1875 illa
454 1835 555 1876 dato
576 1836 700 1875 vertit
721 1835 897 1888 vestigia
918 1842 1053 1889 tergo.

120 1891 235 1932 Tum
254 1906 353 1932 vero
372 1891 541 1932 AEnean
559 1906 751 1932 aversum
772 1898 819 1930 ut
839 1891 991 1931 cedere
1014 1891 1187 1933 Turnus

120 1948 328 1996 Credidit,
348 1954 475 2001 atque
492 1949 629 1989 animo
652 1962 769 2001 spem
785 1947 978 1988 turbidus
1000 1948 1141 1989 hausit
1160 1949 1325 1992 inanem
1341 1966 1351 1990 z

122 2004 223 2051 Quo
240 2003 364 2058 fugis,
386 2003 559 2047 AEnea?
591 2003 797 2044 thalamos
818 2017 870 2043 ne
893 2003 1041 2044 desere
1063 2013 1208 2059 pactos
1228 2022 1237 2055 ;

160 2151 220 2179 622
235 2151 352 2186 caduco,
382 2150 546 2188 exquisite,
561 2151 680 2179 cadenti
694 2160 746 2179 seu
763 2160 832 2179 mox

122 2198 241 2223 casuro,
253 2190 300 2218 vel
314 2189 362 2218 cui
375 2199 445 2218 mox
456 2189 633 2223 cadendum,
646 2189 833 2217 moriendum

123 2230 171 2254 est
185 2238 192 2263 3
213 2231 247 2256 ut
262 2228 320 2261 VI,
335 2229 411 2261 4813
431 2227 502 2256 bello
516 2227 624 2262 caduci,
640 2228 835 2256 cadentes.—

135 2266 181 2293 '23
195 2276 292 2304 meque
306 2267 359 2294 hoc
382 2265 424 2294 ita
441 2275 546 2303 ponere
557 2266 647 2294 sentis
658 2276 667 2293 .·
690 2266 774 2304 sique
792 2266 833 2294 ita

122 2303 179 2332 hoc
203 2304 316 2332 sactum
331 2304 548 2341 interpretaris,
562 2304 592 2332 in
614 2305 689 2332 huuc
709 2314 831 2333 sensum

123 2342 251 2380 accipis,
261 2343 330 2371 utin
338 2352 406 2371 eum
415 2342 536 2370 modum
545 2353 562 2371 a
571 2353 617 2371 me
627 2342 831 2371 constituatur

123 2390 201 2409 nuuc
221 2380 300 2411 hoc:
320 2380 388 2409 scil.
402 2384 434 2408 ut
447 2380 539 2408 Turni
560 2381 620 2409 fata
642 2381 830 2414 differantur,

123 2428 179 2448 non
197 2421 229 2447 ut
242 2423 404 2448 mutentur.
417 2427 533 2456 ponere,
547 2418 647 2452 docte,
660 2422 760 2447 τιθέναι
776 2428 831 2456 pro

124 2460 289 2491 διατιθέναι,
316 2457 471 2490 ordinare,
488 2457 683 2486 constituere.
718 2459 829 2485 625va-

124 2499 171 2522 cat
190 2496 375 2533 exquisitius
395 2504 483 2532 quam
507 2494 590 2522 licet:
611 2495 683 2523 nihil
704 2495 832 2523 ultra.—

123 2533 183 2562 626
195 2534 288 2569 venia,
305 2532 461 2563 concessio
475 2542 482 2563 ;
503 2533 583 2570 quod
603 2534 775 2567 concedam,
787 2534 832 2562 in-

123 2570 274 2608 dulgeam.

164 2610 233 2638 630.
256 2611 313 2639 631
337 2614 388 2638 aut
400 2619 451 2648 eqo
478 2608 539 2637 veri
552 2618 637 2638 vana.
653 2608 711 2638 nisi
728 2609 831 2637 admo-

126 2648 197 2676 dum
205 2647 302 2682 fallor,
316 2658 333 2676 a
348 2658 419 2676 vero
431 2649 689 2680 aberra—vanus,
705 2647 755 2690 qui
771 2646 830 2675 sibi

125 2695 201 2716 vana
216 2690 245 2715 et
258 2686 354 2716 inania
369 2686 547 2724 persuadet,
561 2695 650 2714 vanus
662 2695 721 2713 verz
735 2695 833 2723 graece

874 2149 1000 2184 dictum,
1028 2154 1060 2178 ut
1088 2150 1180 2178 fallax
1209 2150 1283 2183 veri,
1310 2150 1468 2188 deceptum,
1489 2153 1583 2183 falsus

874 2189 938 2216 veri
951 2189 979 2216 11.
995 2198 1075 2217 vero.
1086 2189 1136 2216 Sic
1149 2189 1191 2217 vl
1200 2188 1224 2222 1,
1237 2189 1295 2216 440
1306 2189 1468 2225 veriqffeta,
1479 2201 1495 2219 a
1511 2202 1581 2220 vero

873 2236 994 2259 vacans,
1011 2236 1116 2254 verum
1135 2227 1214 2255 haud
1230 2227 1508 2263 afferens—Quod,
1523 2234 1583 2258 καθ’

873 2267 899 2298 ὃ,
914 2275 973 2302 qua
988 2265 1017 2292 in
1033 2275 1064 2293 re
1085 2269 1181 2293 tamen
1198 2265 1309 2293 utinam
1324 2265 1435 2294 frustra
1448 2272 1581 2297 metuam

871 2307 902 2331 et
915 2304 1026 2331 utinam
1041 2307 1072 2331 tu
1089 2303 1248 2332 consilium
1260 2304 1298 2330 de
1315 2304 1415 2332 Turno
1429 2305 1544 2334 mutes!

909 2343 967 2370 633
987 2352 1052 2379 sqq.
1065 2342 1101 2370 Iu
1123 2341 1284 2370 simulacro
1299 2341 1405 2370 AEueae
1425 2344 1580 2374 conflando

871 2380 987 2413 habuit,
1002 2390 1091 2417 quem
1117 2383 1306 2417 sequeretur,
1324 2379 1495 2417 Apollinem
1514 2383 1582 2411 Hov-

871 2419 1029 2452 mericnm,
1044 2418 1095 2455 qui
1111 2418 1216 2447 AEueae
1233 2420 1357 2451 εἴδωλον,
1373 2422 1483 2454 φάσμα,
1503 2421 1582 2459 obji-

872 2456 914 2485 cit
941 2456 1084 2485 Diomedi
1100 2456 1139 2484 Il.
1163 2468 1187 2489 e,
1201 2456 1260 2484 449
1280 2458 1424 2494 sq.-638
1438 2458 1502 2486 telis
1523 2469 1579 2497 pro

873 2494 963 2523 armis
979 2494 1079 2532 paullo
1100 2494 1204 2522 durius
1227 2493 1362 2530 dictum3
1384 2495 1465 2524 atde
1480 2498 1579 2526 valida

873 2533 960 2561 hasta
992 2533 1100 2560 AEneae
1135 2533 1272 2569 accipere
1310 2537 1445 2569 praestat.
1500 2535 1576 2563 Mox

864 2570 955 2608 jubas
980 2580 1035 2607 pro
1052 2570 1135 2608 galea
1161 2580 1227 2598 cum
1255 2570 1458 2600 crista.—639
1484 2573 1582 2601 inania

871 2608 957 2636 verba
985 2609 1052 2646 ipse
1082 2618 1151 2636 mox
1176 2608 1408 2646 iuterpretatur:
1441 2610 1491 2638 dae
1515 2612 1579 2639 sine

872 2650 973 2675 mente
995 2648 1201 2675 sonum—641
1216 2648 1341 2685 figjuras,
1367 2651 1479 2676 ε’ίόωλα.
1501 2649 1578 2677 Ante

873 2684 977 2714 oculos
993 2689 1056 2714 erat
1071 2685 1193 2714 Lucret.
1214 2686 1243 2720 1,
1256 2686 1311 2714 133
1325 2687 1470 2724 fist-*⁰43
1491 2686 1581 2713 turbi-

1280 2726 1349 2765 412
