1796 3077
591 211 857 254 AENEIDOS.

211 335 403 377 Dixerat.

915 212 1014 252 ΜΒ.
1046 216 1115 254 iv.
1506 221 1595 265 341

463 334 538 377 Ille
559 336 691 390 patris
711 334 851 390 magni
865 350 1015 390 parere
1037 337 1214 390 parabat

153 391 360 447 Imperio:
392 400 435 434 et
454 394 633 447 primum
651 392 832 448 pedibus
852 391 997 434 talaria
1018 395 1147 435 nectit

150 449 310 499 Aurea,
332 464 428 504 quae
450 449 668 491 sublimem
688 448 776 498 alis,
799 450 883 490 sive
901 463 1071 504 aequora
1091 466 1234 506 supra,

1512 453 1599 493 240

153 505 239 546 Seu
260 514 428 556 terram,
452 508 599 561 rapido
620 507 778 562 pariter
798 520 892 547 cum
912 506 1077 548 flamine
1098 516 1268 562 portant
1285 526 1294 558 3

153 561 266 603 Tum
282 564 440 617 virgam
461 565 598 618 capit:
641 564 721 604 hac
742 564 896 603 animas
917 563 984 604 ille
1005 573 1151 605 evocat
1172 565 1288 607 Orco

152 617 378 669 Pallentes,
400 620 501 661 alias
523 621 601 661 sub
621 620 804 661 Tartara
824 620 958 660 tristia
978 622 1125 671 mittit3

151 674 241 716 Dat
261 691 427 718 somnos
448 678 692 732 adimitque,
710 684 751 718 et
770 676 926 717 lumina
945 685 1078 718 morte
1098 679 1303 733 resignat3

150 730 227 773 Illa
247 733 377 774 fretus
399 735 486 788 agit
504 744 664 784 ventos,
685 741 727 775 et
747 734 917 774 turbida
938 742 1075 775 tranat

385 791 566 844 Jamque
586 790 728 831 volans
750 791 911 844 apicem
932 799 974 831 et
994 790 1126 832 latera
1145 793 1278 833 ardua
1295 792 1429 834 cernit

150 787 327 831 Nubila.

1516 738 1599 779 245

149 845 336 887 Atlantis
353 847 460 895 duri,
482 846 634 887 coelum
655 847 728 901 qui
747 846 901 887 vertice
922 846 1052 896 fulcit,

148 902 348 953 Atlantis,
370 905 551 944 cinctum
572 904 739 944 assidue
761 904 827 944 cui
847 903 1029 944 nubibus
1051 905 1151 945 atris

149 958 382 1001 Piniferum
403 967 532 1015 caput
552 968 595 1001 et
615 968 739 1002 vento
761 959 954 1014 pulsatur
974 968 1017 1001 et
1036 961 1157 1002 imbri
1175 978 1185 1010 ;

147 1015 239 1057 Nix
259 1017 462 1058 humeros
478 1017 615 1057 infusa
636 1018 740 1072 tegit
757 1033 765 1056 :
799 1025 887 1057 tum
907 1017 1078 1057 flumina
1097 1027 1239 1060 mento
1513 1019 1598 1059 200

150 1071 427 1128 Praecipitant
448 1074 569 1122 senis,
591 1081 632 1114 et
652 1074 785 1128 glacie
806 1074 915 1128 riget
934 1073 1107 1115 horrida
1124 1076 1271 1116 barba.

148 1128 234 1171 Hic
256 1132 434 1185 primum
452 1131 626 1184 paribus
648 1132 783 1171 nitens
805 1129 1018 1183 Cyllenius
1039 1131 1115 1171 alis

152 1185 353 1238 Constitit
371 1205 379 1236 3
412 1187 510 1228 hinc
528 1194 617 1227 toto
638 1202 829 1241 praeceps
850 1201 894 1226 se
915 1201 1093 1240 corpore
1114 1188 1168 1228 ad
1190 1188 1325 1228 undas

151 1241 283 1293 Misit,
307 1244 372 1284 avi
393 1243 547 1291 similis,
569 1258 663 1297 quae
685 1245 841 1284 circum
860 1242 996 1291 litora,
1018 1245 1175 1284 circum

150 1298 345 1341 Piscosos
367 1301 576 1354 scopulOS,
598 1300 765 1340 humilis
786 1299 897 1339 volat
910 1314 1081 1353 aequora
1095 1302 1234 1354 juxta.

1516 1303 1542 1343 20

1545 1303 1600 1343 ‘6⁷1

148 1356 309 1398 *Haud
330 1356 451 1398 aliter
472 1364 604 1398 terras
625 1358 733 1397 inter
753 1355 990 1409 coelumque
1019 1355 1202 1406 volabat,

148 1412 301 1454 *Litus
323 1428 545 1454 arenosum
566 1413 715 1466 Libyae
735 1420 966 1465 ventosque
987 1413 1171 1462 secabat,

150 1469 382 1511 *Materno
398 1471 567 1512 veniens
589 1471 643 1511 ab
660 1484 749 1520 avo,
771 1469 961 1524 Cyllenia
979 1468 1133 1523 proles.

149 1619 318 1644 creverunt.
338 1613 416 1642 conf.
436 1614 511 1642 230:
534 1613 584 1642 inf.
604 1613 672 1642 274.
697 1613 773 1642 275:
795 1614 854 1650 VI,

149 1654 218 1683 756.
259 1654 336 1682 Mox
350 1653 479 1685 nuntius,
497 1652 527 1681 id
539 1653 619 1691 quod
635 1652 796 1681 nuntiatur.

190 1694 248 1722 238
282 1703 347 1731 sqq.
380 1691 428 1719 Ex
463 1691 576 1729 Odyss.
598 1705 622 1723 ε,
648 1691 765 1719 43--19
791 1691 854 1721 liaec

151 1731 338 1760 adumbrata.
376 1730 461 1759 Idem
483 1740 589 1759 versus
610 1730 648 1759 Il.
665 1744 696 1763 ω,
718 1730 776 1758 339
798 1741 853 1759 ex-

151 1774 249 1807 stant3
271 1771 346 1798 adde
373 1769 432 1797 Od.
454 1783 484 1803 ω,
510 1779 556 1807 pr.
578 1768 738 1807 Virgilium
756 1770 853 1798 secuti

149 1813 220 1837 sunt
245 1809 306 1843 alii,
333 1812 367 1837 ut
392 1808 508 1836 Statius
537 1809 552 1836 I
577 1808 671 1836 Theb.
699 1808 756 1836 303
784 1817 852 1845 sqq.

150 1847 280 1876 Ovidius
301 1851 358 1876 etc.
398 1847 459 1875 Sed
479 1845 626 1875 classicus
649 1846 687 1874 de
706 1846 853 1874 Mercurii

149 1885 254 1914 officiis
269 1885 353 1914 locus
367 1885 525 1914 him—2³11
537 1885 652 1923 pariter
663 1894 725 1912 cum
735 1884 855 1921 flamine

148 1923 347 1953 Homericum
370 1928 427 1959 ἅμα
441 1926 534 1962 πνοιῇς
555 1928 677 1957 ἀνέμοιο,
700 1928 734 1951 nt
754 1923 815 1952 Od.
831 1936 854 1956 ε,

148 1962 198 1991 46.
213 1967 322 1997 evocat,
338 1973 369 1992 v.
384 1974 411 1992 c.
425 1962 640 1991 Protesilaum.
657 1972 685 1990 v.
702 1961 755 2000 Hy
780 1962 819 1990 in.
836 1963 856 1990 f.

149 2002 219 2031 103.
247 2002 287 2031 cf.
315 2002 442 2040 Orphin.
472 2001 586 2039 Hymn.
611 2002 669 2029 56:
691 2001 765 2030 AEsc-
787 2000 856 2038 ylus

149 2040 238 2070 Pers.
263 2041 322 2070 639
349 2039 576 2079 sqq.—-n1ileit.
603 2039 696 2072 ducit,
725 2040 778 2067 Gr.
807 2042 855 2068 τὰς

153 2083 243 2112 ψυχὰς
258 2082 371 2114 πέμπει,
386 2083 580 2114 ψυχόπομπος.
595 2079 645 2107 dat
663 2088 779 2107 somnos
792 2078 855 2106 adi-

154 2118 261 2155 mitque
278 2128 316 2146 ex
341 2118 456 2156 Odyss.
479 2131 509 2150 ω,
522 2119 649 2146 4.-245
670 2116 729 2145 ΙΙΙα
745 2118 856 2154 fretus,

155 2160 189 2184 ut
204 2155 292 2185 toties
316 2156 468 2185 Homerus
483 2159 628 2190 πεποιθὼς,
648 2166 703 2194 pro
726 2166 759 2184 ea
776 2166 857 2190 usus,

154 2193 265 2222 liabens
288 2204 363 2228 eam,
384 2206 447 2224 cum
468 2194 528 2223 illa.
559 2194 701 2232 lah—aya
724 2198 791 2223 ante
812 2204 856 2228 se,

154 2232 222 2270 quis
237 2232 374 2261 dubitet?
394 2235 465 2262 dum
490 2233 592 2261 volatu
611 2243 665 2270 per
686 2243 772 2261 auras
797 2233 857 2261 fer-

154 2271 407 2300 tur.—246—25l
443 2273 603 2300 Famosum
637 2271 769 2300 Atlantis
803 2281 856 2300 no-

153 2319 220 2338 rnen
241 2310 305 2347 jam
333 2309 364 2338 in
389 2313 493 2339 vetere
509 2310 626 2339 Graecia
640 2310 854 2348 navigantium,

154 2352 240 2386 putu,
265 2348 384 2382 fabulis,
399 2358 469 2376 mox
490 2353 523 2377 ut
542 2355 651 2378 ceterae
677 2348 786 2377 fabulae
803 2349 854 2377 Li-

153 2387 248 2425 bycae,
265 2387 294 2415 in
322 2387 452 2416 carmina
471 2387 557 2424 epica
570 2387 607 2415 de
630 2388 756 2423 Perseo,
775 2387 856 2416 Her-

155 2425 235 2458 cule,
261 2426 458 2464 Argonautis,
489 2430 628 2462 receptae.
643 2427 682 2455 cf.
703 2427 796 2455 Obss.
818 2427 855 2455 ad

155 2464 301 2502 Apollod.
324 2474 355 2502 p.
379 2465 448 2493 271.
489 2463 590 2491 Obvia
604 2464 649 2493 vel
671 2465 739 2493 rudi
759 2464 855 2493 homi-

154 2511 224 2530 num
240 2503 342 2541 generi
358 2502 455 2541 imago
471 2501 581 2530 montis
599 2502 630 2530 in
644 2503 702 2531 viri
727 2502 855 2542 effigiem

155 2540 295 2569 conversi
310 2551 317 2576 ;
338 2541 407 2571 hinc
423 2542 513 2570 ducta
524 2540 662 2577 frequens
684 2541 736 2570 illa
749 2542 855 2570 Atlan-

155 2578 195 2607 tis
222 2583 374 2617 tamquam
407 2579 487 2609 vasti
515 2579 646 2617 gigantis
667 2580 852 2618 descriptio3

155 2626 282 2656 cumque
302 2619 411 2647 coelum
435 2617 521 2647 inniti
540 2617 680 2646 videatur
693 2618 854 2647 altissimo-

156 2665 222 2683 rum
243 2656 387 2685 montium
410 2655 530 2689 vertici,
553 2656 621 2684 hinc
641 2656 728 2685 Atlas
747 2657 856 2686 coelum

159 2693 234 2722 serre
260 2695 404 2726 creditus.
425 2695 518 2735 Apud
538 2695 626 2724 Pind.
648 2694 738 2732 Pyth.
761 2695 789 2731 1,
806 2696 853 2726 36.

894 1613 988 1642 AEtna
1012 1615 1121 1647 οὐρανία
1140 1616 1220 1643 xlm:
1242 1618 1271 1643 et
1290 1613 1417 1644 Homer·
1438 1616 1553 1655 Odyss.
1567 1634 1598 1655 α,

893 1653 1009 1681 52—54
1037 1653 1075 1680 de
1098 1652 1165 1690 ipso
1187 1653 1309 1682 Atlante
1333 1656 1390 1687 ἔχει
1412 1658 1443 1683 δέ
1462 1669 1491 1684 τε
1508 1660 1598 1688 κίονας

893 1693 973 1720 αὐτὸς
995 1695 1055 1719 etc.
1071 1692 1150 1720 unde
1171 1692 1232 1720 alii.
1272 1691 1402 1729 Reliqua
1415 1693 1451 1722 de
1474 1695 1598 1726 Atlante

894 1729 991 1758 firmat
1017 1730 1078 1757 Leo
1098 1730 1258 1759 Africanus
1280 1730 1434 1768 Descript.
1455 1733 1551 1763 Afric.
1563 1745 1597 1773 p.

891 1768 939 1796 25.
953 1767 1120 1802 26.—cluri,
1134 1774 1215 1798 recte
1230 1770 1315 1798 Serv.
1330 1769 1485 1808 laboriosi,
1504 1783 1597 1812 prop-

892 1810 937 1835 ter
959 1817 1116 1841 aerumnas,
1138 1817 1213 1845 quas
1234 1808 1353 1837 tolerat.
1369 1818 1398 1836 v.
1413 1810 1473 1839 249
1486 1812 1598 1850 {sqq.—

893 1845 1058 1882 Pinifer-um
1077 1845 1129 1874 vix
1144 1847 1264 1884 proprie
1275 1857 1291 1875 a
1305 1848 1395 1885 poe'ta
1406 1847 1465 1877 dici
1479 1850 1598 1887 potnit;

895 1888 926 1912 et
939 1884 1072 1918 dubites,
1087 1894 1122 1912 an
1134 1885 1239 1923 Libyae
1257 1886 1330 1923 juga
1345 1885 1436 1923 pinus
1453 1887 1542 1917 alant.
1557 1890 1598 1919 cs.

896 1923 975 1951 Plin.
990 1923 1027 1956 V,
1044 1924 1057 1951 1
1075 1934 1081 1951 2
1104 1922 1198 1951 Solin.
1215 1934 1240 1952 c.
1255 1925 1305 1953 37.
1326 1924 1486 1963 Virgilium
1503 1937 1597 1956 aemu-

895 1961 975 1990 latus
993 1966 1041 1990 est
1056 1961 1149 1990 Silius
1164 1962 1192 1997 1,
1207 1963 1266 1991 202
1281 1973 1338 2001 sq„
1363 1963 1416 1991 sed
1432 1974 1486 1993 sno
1502 1975 1598 2001 more,

896 2005 929 2028 ut
941 2000 969 2028 in
987 2000 1111 2039 singulis
1126 2001 1263 2038 partibus
1278 2001 1430 2030 variandis
1442 2003 1492 2032 vel
1502 2008 1600 2034 trans-

895 2038 1029 2067 ferendis
1052 2049 1174 2077 operam
1198 2040 1393 2069 ludat—‘252
1413 2040 1507 2070 nitens
1523 2042 1554 2072 h.
1576 2043 1599 2072 l.

895 2078 934 2106 de
956 2077 1069 2106 volatu.
1094 2077 1216 2114 paribus
1243 2079 1308 2112 alis,
1337 2078 1398 2107 leni
1423 2079 1538 2115 volatu,
1563 2086 1600 2110 ut

897 2117 984 2144 Serv.
998 2117 1035 2144 cf.
1051 2115 1114 2149 IX,
1133 2117 1178 2144 12.
1219 2116 1329 2154 Cogita
1344 2117 1383 2145 de
1403 2125 1439 2144 eo
1454 2119 1599 2157 temporis

896 2159 1056 2189 momento,
1078 2164 1145 2182 cum
1169 2154 1319 2183 inhibetur
1334 2154 1464 2190 volatus,
1478 2160 1512 2184 ut
1525 2157 1600 2186 sub-

898 2193 976 2222 sidat
992 2193 1260 2222 ales.—253-255
1282 2194 1361 2222 Ante
1375 2193 1478 2222 oculos
1493 2195 1554 2224 Od.
1573 2209 1597 2231 ε,

897 2233 1022 2266 50-5-1,
1048 2231 1098 2260 ubi
1121 2232 1184 2260 avis
1207 2236 1291 2265 λάρος
1313 2237 1504 2268 memoratur,
1528 2244 1598 2272 quae

897 2271 992 2299 fulica»
1013 2281 1079 2299 esse
1108 2270 1336 2308 putatum-acl
1358 2270 1461 2305 undas,
1489 2281 1598 2302 versus

895 2319 976 2338 mare
997 2309 1259 2343 mediterraneum,
1284 2309 1366 2347 quod
1386 2310 1596 2349 Carthaginem

895 2348 1025 2386 attingit,
1038 2350 1066 2379 ἐξ
1079 2350 1183 2381 αἰθέρος
1192 2351 1296 2381 ἔμπεσε
1305 2349 1603 2386 πόντῳ.-·256-258

896 2387 929 2415 Si
944 2387 1034 2415 lectio
1051 2396 1122 2414 sana
1135 2391 1193 2419 est,
1215 2386 1401 2424 distinguere
1414 2387 1512 2416 malim
1528 2399 1597 2418 cum

896 2426 968 2454 viris
984 2425 1084 2454 doctis
1098 2428 1168 2462 post
1180 2424 1294 2463 Libyae,
1305 2430 1339 2454 ut
1354 2425 1410 2453 sit:
1430 2425 1599 2457 Mercurius

894 2464 1007 2493 volabat
1031 2464 1106 2492 inter
1138 2467 1232 2492 terras
1258 2462 1410 2502 coelumque
1433 2466 1598 2501 (Μεσσηγὺι-

894 2506 972 2537 γαίης
995 2515 1024 2530 τε
1053 2506 1096 2530 καὶ
1122 2504 1234 2536 οὐρανοῦ
1256 2505 1442 2537 ἀστερόεντος,
1457 2503 1548 2539 Iliad,
1573 2518 1600 2539 ε,

894 2542 953 2570 769
967 2541 1005 2569 de
1019 2540 1146 2570 Junonis
1166 2540 1264 2577 equis,
1276 2540 1340 2570 vid.
1355 2551 1422 2579 sup.
1438 2542 1523 2579 184.)
1544 2543 1596 2577 ad,

897 2579 945 2609 vel
960 2588 1079 2612 versus,
1095 2578 1181 2607 Litus
1190 2579 1312 2617 Libyae‚·
1333 2583 1367 2609 ut
1379 2590 1410 2607 v.
1421 2581 1479 2609 253
1493 2581 1532 2609 ad
1542 2591 1596 2609 un-

895 2618 958 2647 das.
990 2618 1134 2647 ceterum
1146 2617 1177 2646 hi
1193 2628 1311 2653 versus,
1320 2623 1355 2647 ut
1365 2618 1462 2656 jejuni
1476 2622 1505 2647 et
1520 2618 1597 2647 sale-

896 2656 991 2691 brosi,
1013 2656 1050 2684 ab
1071 2655 1193 2694 Heynio
1206 2666 1261 2694 pro
1280 2656 1394 2695 spuriis
1409 2656 1502 2686 habiti
1517 2661 1596 2686 sunt.

901 2694 1182 2760 W.-Matern06ab
1195 2705 1259 2730 avo,
1275 2705 1331 2734 per
1344 2695 1468 2733 majam,
1491 2694 1597 2726 Atlan-
