1796 3077
601 218 871 257 AENEIDOS.

928 218 1030 256 mn.
1059 217 1089 255 1.
1478 222 1572 266 237

126 336 313 387 Atridas,
333 337 646 393 Priamumque,
666 345 708 380 et
729 352 883 379 saevum
903 338 1106 380 ambobus
1126 335 1350 378 Achillem.

127 395 337 444 Constitit,
359 403 401 437 et
428 395 672 437 lacrimans:
705 395 812 442 Quis
829 396 918 449 jam
937 395 1066 443 locus,
1088 394 1238 448 inquit,
1261 393 1443 442 Achate,

127 451 239 497 Quae
259 453 374 506 regio
394 453 436 493 in
456 454 576 493 terris
597 452 730 493 nostri
749 466 834 492 non
854 451 979 506 plena
998 450 1152 491 laboris
1170 452 1186 490 ἵ

496 509 603 550 Sunt
622 509 691 550 hic
709 508 833 549 etiam
854 523 929 548 sua
947 508 1119 561 praemia
1139 505 1255 546 laudi
1272 523 1281 556 3

127 506 198 548 En
217 508 408 549 Priamus
424 512 432 550 !

1490 447 1576 488 460

128 564 237 605 Sunt
256 564 437 607 lacrimae
457 581 610 614 rerum,
632 573 675 607 et
694 572 875 605 mentem
895 563 1084 604 mortalia
1103 570 1294 617 tangunt.

127 621 254 662 Solve
275 630 430 671 metus3
462 623 570 663 feret
591 623 683 663 haec
704 620 884 674 aliquam
899 621 976 661 tibi
997 619 1105 660 fama
1125 618 1316 660 salutem.

127 678 197 719 Sic
218 679 288 728 ait,
314 687 439 732 atque
459 680 640 719 animum
660 678 826 733 pictura
845 677 980 731 pascit
1000 677 1124 725 inani,

126 733 266 775 Multa
293 750 476 789 gemens,
498 735 699 789 largoque
720 734 935 774 humectat
956 733 1125 773 flumine
1145 731 1319 773 vultum.

1489 730 1576 770 465

125 791 323 845 Namque
344 791 525 839 videbat,
547 792 609 831 uti
630 790 833 831 bellantes
854 789 1062 843 Pergama
1082 790 1238 830 circum

127 847 223 888 Hae
246 848 440 901 fugerent
461 847 594 895 Graii,
615 852 827 900 premeret
847 845 887 885 T
892 847 1036 899 rojana
1051 846 1252 898 juventus
1269 861 1280 894 3

125 903 222 946 Hac
244 903 450 958 Phryges,
472 904 646 944 instaret
667 916 792 943 curru
812 902 1006 942 cristatus
1034 900 1238 941 Achilles.

124 1069 254 1107 depicta,
270 1069 400 1107 putanda
415 1073 482 1098 sunt
501 1069 531 1097 in
555 1068 683 1107 pariete.
708 1069 830 1098 Graeco-

125 1118 192 1136 rum
208 1118 300 1141 more,
314 1113 364 1136 aut
379 1108 499 1145 sculpta
514 1107 678 1145 anaglypho
697 1117 785 1145 opere
801 1108 829 1136 in

124 1146 237 1184 pariete
262 1151 293 1175 et
318 1146 347 1174 in
372 1146 448 1184 ipsis
478 1146 614 1180 foribus3
649 1150 681 1174 ut
700 1146 754 1175 inf.
770 1146 829 1179 VI,

125 1186 175 1213 20.
191 1194 257 1222 sqq.
297 1185 425 1213 Videtur
439 1194 509 1213 vero
523 1194 593 1212 area
608 1183 638 1212 in
674 1183 754 1212 lures
769 1184 830 1212 dis-

124 1223 234 1261 pertita
247 1232 313 1252 esse
328 1223 452 1257 areolas,
473 1233 540 1260 quae
561 1222 627 1260 sing
663 1233 688 1250 ae
715 1222 832 1259 singula

125 1265 299 1300 argumenta
323 1261 450 1299 picturae
480 1260 648 1298 capiebant.
693 1260 831 1289 Comme-

124 1303 238 1328 morata
251 1309 290 1328 ex
304 1300 342 1328 iis
354 1300 421 1328 466.
437 1309 503 1338 sqq.
518 1309 587 1328 mox
602 1304 716 1337 septem
730 1300 832 1328 obser·

123 1342 197 1367 vatu
209 1337 298 1366 etiam
315 1338 479 1376 pictoribus
497 1337 600 1375 digna:
637 1339 676 1375 (l
691 1337 705 1375 >
734 1347 834 1375 pugna

124 1377 319 1415 Trojanorum
342 1381 373 1405 et
392 1376 588 1410 Achivorum,
610 1376 693 1404 varia
706 1375 833 1404 fortuna.

124 1416 191 1452 (2)
213 1415 309 1444 Rhesi
323 1415 459 1453 oppressi
473 1414 580 1443 caedes.
622 1415 633 1451 (
647 1415 684 1447 3)
713 1414 831 1443 Troilus

123 1454 252 1491 fugiens,
307 1454 372 1491 (4)
411 1457 610 1482 matronarum
639 1452 831 1490 Trojanarum

124 1501 245 1530 pompa,
259 1492 381 1530 peplum
408 1491 438 1520 in
459 1491 603 1528 templum
619 1491 764 1519 Minervae
780 1491 830 1519 de-

124 1531 319 1568 portantium.
359 1531 420 1568 (5)
442 1530 586 1558 redemtio
600 1529 734 1566 corporis
748 1529 832 1557 Hec-

125 1569 211 1598 torei.
244 1570 307 1607 (6)
328 1578 428 1606 pugna
441 1568 617 1597 Memnonis.
648 1568 712 1604 (7)
734 1577 772 1605 pu
797 1577 832 1596 na

124 1609 310 1637 Amazonum
323 1608 359 1635 ad
370 1607 596 1644 'frojam-*158
611 1605 726 1634 Soevum
736 1616 780 1633 am
801 1616 831 1634 o-

125 1645 178 1674 bus
201 1646 362 1682 Achiuom,-
405 1654 498 1674 soevus
522 1645 578 1673 fuit
607 1644 636 1672 in
665 1644 830 1677 Priamum,

125 1684 259 1714 Hectore
273 1694 373 1719 caeso3
408 1684 437 1712 in
458 1685 708 1721 Agamemnonem
731 1682 830 1710 saeviit

124 1723 171 1752 ira
186 1728 215 1751 et
228 1723 379 1761 pervicaci
393 1722 461 1751 odio
476 1726 599 1759 propter
611 1725 743 1758 ereptam
759 1720 829 1748 Bri-

124 1761 258 1797 seidem3
275 1761 375 1799 itaque
398 1770 513 1789 saevum
540 1759 658 1788 omnino
683 1759 830 1796 accipiam

125 1809 181 1838 pro
198 1799 348 1833 infestum,
362 1799 480 1828 iratum.
494 1808 560 1827 nam
573 1807 665 1826 saevus
676 1798 774 1835 poetis
791 1797 829 1826 de

124 1838 277 1867 iracundo.
306 1837 433 1875 (Tibull.
462 1837 491 1872 1,
518 1838 547 1871 2,
575 1837 623 1865 90.
652 1845 744 1864 soevus
771 1835 830 1863 uni.

123 1875 261 1905 ambobus
274 1876 373 1913 dixit3
408 1885 472 1904 nam
498 1875 527 1903 in
549 1884 621 1903 voce
645 1874 771 1903 Atridas
794 1874 830 1902 de

122 1916 150 1945 A
176 1924 343 1944 amemnone
380 1913 534 1952 praecipue
569 1912 732 1950 cogitabat.
765 1911 828 1947 W.)

124 1926 188 1983 Afii
223 1953 388 1991 praet'erunt
406 1963 422 1981 e
447 1953 561 1980 Seneca
583 1951 831 1980 Atriam-460

125 1992 232 2021 Nostri
245 1991 362 2023 laboris,
378 1991 406 2020 h.
422 2001 447 2020 e.
469 1990 555 2019 famae
570 1990 606 2018 de
628 1989 740 2018 nostris
752 1989 829 2018 cala-

125 2030 386 2059 mitatibus.-161
409 2028 504 2058 Laudi
517 2038 571 2066 pro
581 2028 692 2057 virtute
702 2033 731 2057 et
740 2028 830 2056 rebus

122 2069 228 2107 gestis,
254 2079 320 2106 quae
341 2068 457 2097 laudem
485 2072 649 2100 merentur,
675 2071 707 2094 ut
731 2076 830 2110 saepe3

125 2107 191 2136 scil.
214 2117 252 2136 ex
277 2106 442 2136 Homerico
462 2110 550 2135 κλέος.
605 2105 718 2133 Virtuti
741 2109 831 2132 etiam

125 2145 174 2174 bic
198 2145 291 2173 honos
312 2144 631 2174 suushabetur.--162
651 2145 727 2172 Sunt
742 2143 830 2171 etiam

124 2183 174 2212 hic
190 2182 316 2211 lacrimae
330 2183 359 2211 h.
374 2183 526 2211 miseratio
540 2192 655 2217 rerum;
685 2181 831 2210 deflentur

126 2232 186 2250 res.
200 2221 228 2249 h.
245 2230 271 2250 e.
285 2231 371 2250 casus
386 2221 514 2255 humani,
525 2226 593 2250 sunt
603 2221 663 2254 hic,
680 2220 730 2258 qui
742 2219 830 2248 lacri-

125 2270 189 2288 mas
217 2259 388 2297 impertiant
413 2259 532 2288 casibus
562 2264 591 2288 et
613 2258 830 2287 calamitatibus

124 2299 262 2327 aliorum.
272 2302 299 2325 et
309 2302 424 2325 mentem
439 2297 572 2326 mortalia
592 2301 724 2334 tanqum,
738 2301 767 2325 et
782 2307 829 2325 res

126 2337 261 2365 humanae
283 2345 439 2373 casusque,
468 2336 576 2373 quibus
600 2335 708 2373 jactari
735 2334 831 2363 solent

126 2376 268 2404 mortales
283 2373 413 2402 afficiunt
425 2374 585 2406 hominum,
600 2374 652 2412 qui
670 2374 722 2402 has
735 2377 830 2401 terras

126 2413 301 2447 inhabitant,
328 2412 442 2440 animos
470 2412 666 2441 miseratione.
715 2412 828 2445 Verbo,

125 2452 268 2519 populus,
283 2450 321 2479 ad
334 2452 419 2488 cujus
433 2453 527 2478 terras
543 2450 724 2488 appulimus,
742 2450 831 2478 habet

147 2489 317 2520 umanitatis
330 2498 447 2517 sensum
458 2492 488 2516 et
499 2488 621 2517 cultum.
661 2488 743 2517 Illud
757 2497 829 2516 vero

127 2529 318 2566 praeclarum,
342 2527 421 2565 quod
442 2526 632 2555 humanitatis
654 2526 768 2555 cultum
790 2536 829 2554 ex

127 2567 295 2605 conspectis
309 2566 382 2594 artis
403 2564 544 2602 operibus
565 2564 692 2602 colligit,
717 2575 755 2592 ex
780 2574 830 2592 eo-

126 2615 252 2644 rumque
266 2604 460 2643 argumentis.
500 2602 697 2631 Imitationem
704 2602 765 2631 loci
779 2602 831 2631 ha-

128 2644 182 2671 bes
196 2644 224 2672 in
238 2643 339 2673 Valet.
355 2642 402 2671 Fl.
424 2642 477 2669 lib.
492 2640 519 2674 I,
533 2640 604 2669 723.
627 2641 830 2669 724.-463-

127 2682 185 2709 465
199 2681 282 2710 Solve
291 2685 382 2710 motus
391 2679 508 2709 doctius
517 2688 604 2727 quam
613 2678 695 2707 solve
705 2678 831 2707 animum

130 2723 222 2748 metu.
235 2719 273 2749 cf.
289 2720 318 2754 Ι,
336 2719 403 2748 562.
425 2718 468 2748 Η.
509 2717 651 2746 ceterum
676 2721 704 2745 et
723 2717 831 2754 pedes-

872 1073 934 1096 tres
954 1067 1118 1106 scriptores
1136 1068 1277 1104 majorem
1293 1065 1351 1095 vim
1368 1065 1493 1096 orationi
1507 1077 1578 1096 eon·

870 1107 972 1135 ciliant
1000 1116 1055 1135 usu
1084 1106 1245 1144 pluralium
1276 1115 1330 1143 pro
1363 1105 1405 1133 sin
1429 1105 1576 1141 alaribus,

871 1145 940 1178 Tac,
954 1145 1028 1173 Ann-
1041 1146 1069 1178 I,
1083 1146 1131 1173 29.
1163 1143 1347 1181 Acijiciendos
1357 1154 1392 1172 ex
1421 1154 1469 1172 nce
1477 1149 1576 1179 metus,

871 1193 899 1212 c.
914 1185 942 1212 6.
957 1183 1032 1215 odia,
1048 1194 1075 1211 c.
1090 1184 1137 1211 10.
1152 1183 1304 1217 utilitates;
1328 1182 1394 1210 Liv.
1407 1182 1435 1215 Ι,
1461 1184 1509 1211 10.
1530 1181 1575 1210 in-

870 1220 1057 1258 (Ιὶφιαίἱοτιεε.
1085 1221 1165 1250 Add.
1180 1220 1273 1258 Soph.
1289 1219 1336 1248 Ai-
1350 1221 1399 1248 46.
1411 1225 1511 1254 τόλμαι
1526 1221 1575 1249 59.

872 1264 947 1287 νόσοι
958 1260 1026 1288 446.
1040 1263 1132 1292 κράτη.
1152 1258 1198 1288 W.
1219 1258 1391 1295 Hoecfama,
1406 1259 1486 1296 quod
1501 1259 1574 1287 Tro-

867 1298 1005 1335 janorum
1017 1298 1198 1326 calamitates
1210 1297 1238 1325 in
1253 1297 1297 1325 his
1308 1297 1383 1334 ipsis
1395 1297 1483 1326 terris
1494 1296 1574 1325 inno-

872 1340 1003 1370 tuerunt,
1018 1337 1073 1364 hoc
1084 1336 1168 1365 nobis
1182 1336 1285 1364 horum
1301 1335 1451 1363 hominum
1465 1335 1576 1364 animos

873 1375 1019 1412 praebebit
1035 1375 1192 1413 propitios.
1233 1374 1292 1402 Sed
1316 1383 1383 1402 cum
1398 1374 1509 1411 majore
1522 1374 1575 1403 be·

872 1413 1049 1441 nevolentiae
1066 1412 1278 1448 significatione
1292 1412 1328 1440 ad
1342 1411 1487 1440 Achatem
1504 1412 1576 1440 ami-

872 1461 940 1479 cum
950 1451 1066 1480 retulit:
1083 1451 1146 1479 tibi.
1156 1451 1267 1479 inanem
1278 1449 1407 1488 appellat
1417 1449 1577 1488 picturam,

872 1490 1006 1533 epitheto
1021 1493 1141 1518 ornante
1153 1500 1168 1518 a
1180 1493 1285 1518 natura
1298 1488 1379 1521 artis,
1392 1497 1489 1516 rerum
1503 1488 1575 1517 ima·

873 1538 968 1565 grues,
996 1538 1053 1556 non
1089 1528 1171 1565 ipsas
1206 1536 1255 1556 res
1283 1536 1460 1564 quocunque
1486 1527 1575 1556 modo

872 1566 1125 1603 repraesentantis,
1140 1566 1244 1604 petito.
1285 1565 1427 1593 Ceterum
1451 1564 1480 1592 in
1508 1574 1574 1603 sqq.

871 1605 998 1633 observa
1012 1604 1235 1643 intelligentiam
1259 1604 1357 1641 poe'tae
1383 1602 1414 1631 in
1439 1603 1574 1641 descrip-

871 1642 949 1671 tione
966 1653 1076 1676 rerum,
1091 1647 1120 1671 et
1142 1643 1172 1671 h.
1184 1642 1205 1670 l.
1230 1642 1348 1679 quidem
1363 1651 1416 1670 seu
1428 1641 1576 1678 pictarum

870 1690 922 1709 seu
943 1681 1136 1718 sculptarum,
1153 1691 1182 1708 v.
1198 1681 1266 1708 474.
1286 1679 1465 1717 tempestive
1478 1683 1575 1708 trans-

870 1719 967 1747 euntis
992 1720 1028 1748 ad
1049 1729 1110 1748 eam
1138 1718 1277 1747 orationis
1296 1719 1431 1752 formam,
1457 1728 1577 1756 quares

871 1757 955 1795 quasi
969 1761 1036 1786 ante
1052 1757 1155 1786 oculos
1170 1757 1234 1794 geri
1248 1757 1398 1789 videntur,
1412 1766 1468 1785 non
1483 1756 1575 1794 pictae

871 1795 977 1832 aspici.
1030 1796 1109 1832 Mox
1133 1794 1268 1833 largoque
1294 1795 1434 1822 humectat
1455 1794 1577 1831 flumine

869 1833 975 1862 vultum
991 1834 1027 1862 ad
1042 1833 1135 1862 nostri
1158 1832 1300 1862 sermonis
1315 1832 1445 1861 rationes
1462 1843 1518 1861 non
1532 1837 1579 1862 est

871 1872 1049 1910 exigendum
1062 1883 1069 1907 ζ.
1092 1876 1122 1901 et
1143 1871 1283 1900 humectat
1295 1875 1341 1900 est
1356 1871 1505 1909 exquisite
1519 1881 1575 1909 pro

870 1910 983 1949 irrigat,
1001 1920 1094 1948 neque
1116 1910 1256 1938 humectat
1265 1910 1398 1947 jejunum
1414 1910 1577 1947 putandum

871 1954 942 1986 post
974 1949 1055 1986 Iarqo
1081 1948 1202 1985 flumine
1237 1948 1356 1986 (AEsch.
1378 1948 1480 1976 Prom.
1508 1949 1576 1976 399.

871 1990 1200 2024 ὀακρυσίστακτον-ῥέος
1226 1990 1483 2020 παρειὰν-ἔταξε.
1510 1985 1576 2025 W.)

870 2025 944 2054 Tum
960 2026 1048 2054 mulla
1062 2036 1188 2063 yemens,
1208 2028 1305 2053 πολλὰ
1327 2028 1472 2057 στενάζων.
1512 2024 1578 2053 Ha·-

869 2064 972 2092 buisse
995 2068 1093 2092 antem
1106 2064 1184 2092 inter
1200 2064 1323 2091 Graecos
1337 2063 1456 2090 videtur
1474 2063 1575 2100 poeta,

871 2112 944 2140 quos
959 2103 1014 2130 hoc
1029 2102 1095 2130 loco
1111 2105 1294 2139 sequeretur.
1334 2101 1426 2137 Apud
1448 2101 1577 2129 Aristot-

871 2141 947 2168 enim
963 2141 1051 2168 Poe't.
1065 2150 1091 2168 c.
1115 2141 1164 2173 16,
1187 2140 1214 2167 ὃ.
1228 2139 1307 2167 inter
1321 2138 1500 2176 agnitionum
1525 2149 1575 2176 ge-

870 2189 942 2207 nera
955 2179 982 2206 in
998 2178 1144 2215 tragoedia
1159 2177 1247 2206 etiam
1261 2179 1442 2205 memoratur
1455 2187 1493 2205 ex
1516 2177 1573 2205 Di-

871 2217 1019 2255 caeogenls
1049 2216 1171 2255 Tragici
1197 2218 1333 2249 Κυπρίοις,
1362 2214 1413 2252 qui
1440 2217 1501 2243 ἰὀὼν
1529 2218 1577 2250 τὴν

871 2259 976 2292 γραφὴν
1003 2256 1275 2284 ὰπὲκλαυσεν-ὅθεν
1295 2254 1576 2288 ἀνεγιωρίση.-465

869 2296 967 2323 -468
989 2293 1130 2331 Respicit
1150 2292 1339 2330 potissimum
1354 2301 1493 2329 pugnam,
1514 2292 1575 2321 Pa-

871 2332 964 2361 troclo
986 2332 1098 2365 occiso,
1125 2332 1243 2364 factam,
1265 2340 1331 2358 cum
1350 2339 1458 2359 versus
1477 2335 1576 2360 castra

869 2371 1006 2409 fugerent
1023 2369 1142 2404 Achivi,
1157 2368 1382 2406 insequentibus
1393 2369 1530 2407 Trojanis
1545 2374 1577 2398 et

868 2408 998 2438 instante
1025 2409 1169 2441 Hectore,
1194 2407 1234 2436 Il.
1258 2417 1306 2442 ρ.;
1339 2417 1398 2445 quo
1420 2407 1511 2441 facto,
1527 2407 1577 2436 die

870 2447 1005 2485 sequenti
1016 2447 1163 2479 Achilles,
1176 2445 1262 2473 novis
1271 2455 1288 2473 a
1298 2445 1426 2474 Thetide
1439 2445 1576 2484 acceptis

870 2486 969 2520 armis,
993 2485 1097 2523 prodit
1119 2489 1149 2513 et
1171 2484 1315 2522 'I'rojanos
1337 2484 1431 2521 fugat,
1460 2483 1574 2512 Hecto-

868 2534 989 2562 remque
1004 2523 1114 2552 occidit
1130 2523 1168 2551 Il.
1182 2536 1264 2556 τ-χ,
1285 2522 1358 2550 Cum
1372 2522 1493 2551 Rhesus
1505 2532 1573 2550 mox

870 2566 1023 2600 sequatur,
1051 2560 1182 2589 noluisse
1204 2562 1295 2598 potita
1313 2565 1480 2598 temporum
1496 2559 1576 2588 ordi-

870 2611 938 2629 nem
954 2610 1076 2628 servare
1090 2599 1235 2628 dicendus
1257 2604 1312 2627 est.
1353 2599 1429 2628 Cum
1452 2608 1481 2626 v.
1505 2598 1574 2625 467.

871 2640 945 2668 bene
961 2642 1135 2676 comparant
1148 2637 1187 2666 Il.
1202 2641 1227 2672 ξ,
1251 2638 1298 2666 14.
1319 2641 1350 2666 et
1371 2638 1411 2666 Il.
1427 2651 1452 2669 0,
1468 2637 1496 2664 7.
1538 2636 1574 2663 In

871 2676 1008 2712 cristatus
1022 2687 1050 2704 v.
1065 2677 1122 2705 468
1135 2676 1260 2705 Servius
1282 2676 1342 2704 vim
1363 2675 1487 2713 quaerit3
1509 2674 1576 2707 sed,

871 2720 903 2744 ut
917 2716 952 2744 ab
968 2714 1076 2744 ceteris
1093 2715 1193 2749 armis,
1217 2715 1258 2744 ita
1279 2725 1295 2744 a
1319 2714 1402 2752 galea
1424 2711 1469 2741 vel
1484 2712 1575 2740 crista
