1796 3077
567 263 837 302 AENEIDOS.

894 264 997 303 LIB.
1026 263 1118 305 XII.
1486 275 1574 320 661

138 378 279 421 Multa
298 396 483 436 gemens,
505 390 548 424 et
568 398 611 425 se
625 383 753 425 fluvio
774 383 855 424 dea
874 384 1062 425 condidit
1083 383 1182 427 alto.

192 437 356 479 AEneas
373 439 500 480 instat
514 448 675 488 contra,
697 439 910 494 telumque
926 449 1120 482 coruscat

137 491 293 546 Ingens
314 495 549 544 arboreum,
568 505 611 537 et
631 511 740 536 saevo
758 497 816 537 sic
831 504 1003 550 pectore
1022 497 1154 538 fatur:

137 548 248 594 Quae
269 564 380 592 nunc
401 551 556 593 deinde
573 567 689 593 mora
707 554 798 593 est?
831 560 902 593 aut
923 554 1026 606 quid
1040 555 1141 606 jam,
1164 552 1324 604 Turne,
1345 558 1578 597 retractas?

136 604 239 645 Non
252 620 391 655 cursu,
415 609 534 649 saevis
557 609 804 649 certandum
823 616 887 649 est
907 611 1136 650 comminus
1156 611 1296 653 armis.

1496 613 1580 652 890

135 659 269 702 Verte
292 677 434 704 omnes
455 671 541 705 tete
560 665 603 704 in
618 663 744 705 facies
763 681 773 713 ς
804 671 846 705 et
867 665 1082 714 contrahe,
1105 667 1313 720 quidquid

137 715 234 758 Sive
254 719 399 759 animis
420 721 506 762 sive
527 728 617 762 arte
638 720 750 761 vales
767 738 777 770 3
809 728 909 775 opta
930 721 1064 762 ardua
1084 723 1232 776 pennis

136 770 267 814 Astra
288 776 417 829 sequi,
439 776 711 830 clausumque
728 792 829 818 cava
849 784 891 817 te
912 777 1094 818 condere
1116 787 1241 819 terra.

135 827 210 869 Ille
231 839 360 884 capnt
380 846 597 885 quassans,
619 833 722 874 Non
743 847 809 874 me
831 839 902 872 tua
918 832 1080 874 fervida
1099 841 1259 876 terrent

136 883 278 934 Dicta,
296 886 440 936 ferox3
473 889 530 929 dii
545 903 611 929 me
632 896 805 937 terrent,
826 895 869 929 et
888 888 1057 942 Jupiter
1076 889 1224 931 hostis.

1499 891 1582 931 895

136 940 232 982 Nec
245 942 367 996 plura
380 943 546 994 effatus,
566 960 713 986 saxum
733 945 1014 998 circumspicit
1034 946 1195 1000 ingenS,

135 996 295 1038 Saxum
312 1000 543 1054 antiquum,
563 1001 728 1055 ingens,
752 1015 900 1054 campo
921 1001 1036 1054 quod
1052 1001 1160 1044 forte
1171 1003 1357 1056 jacebat,

137 1053 279 1094 Limes
300 1070 402 1109 agro
423 1058 601 1111 positus,
621 1057 736 1098 litem
755 1065 803 1096 ut
819 1057 1080 1098 discerneret
1099 1060 1223 1100 arvis.

139 1108 222 1149 Vix
244 1110 347 1152 illud
362 1111 459 1153 lecti
478 1113 542 1154 bis
564 1128 639 1154 sex
659 1114 820 1154 cervice
842 1113 1044 1162 subirent,

135 1165 290 1211 Qualia
308 1182 420 1208 nunc
440 1168 657 1209 hominum
676 1169 874 1222 producit
894 1182 1074 1222 corpora
1090 1169 1227 1211 tellus.

1498 1170 1582 1210 900

135 1220 211 1262 Ille
231 1237 357 1264 manu
376 1231 544 1278 raptum
566 1225 732 1277 trepida
752 1225 980 1277 torquebat
999 1225 1041 1264 in
1061 1225 1242 1274 hostem,

134 1277 275 1319 Altior
294 1279 527 1334 insurgens,
549 1288 591 1321 et
607 1294 732 1321 cursu
752 1279 954 1328 concitus,
976 1279 1116 1322 heros.

136 1333 223 1374 Sed
245 1349 384 1388 neque
406 1343 643 1377 currentem
664 1350 723 1383 se,
742 1349 819 1375 nec
840 1337 1056 1388 cognoscit
1076 1344 1261 1384 euntem,

134 1389 426 1432 Tollentemve
440 1406 582 1438 manu,
604 1404 835 1443 saxumque
852 1391 1029 1431 immane
1050 1401 1310 1433 moventem:

137 1446 293 1488 Genua
312 1447 456 1489 labant
473 1465 482 1498 ;
514 1447 679 1502 gelidus
697 1446 910 1488 concrevit
930 1445 1086 1502 frigore
1109 1449 1292 1502 sanguiS.

134 1612 194 1635 tem
218 1616 305 1635 sunm
331 1617 365 1635 ac
388 1606 486 1634 lacum
510 1605 650 1634 immisit:
673 1615 761 1644 quem
779 1605 840 1642 flu-

137 1644 211 1672 rium
235 1655 311 1673 nnnc
334 1645 426 1678 dixit,
456 1644 701 1682 quandoquidem
729 1648 759 1673 et
785 1644 841 1673 ssu-

135 1682 202 1711 vius
217 1682 284 1711 inde
300 1683 411 1721 prodit,
426 1683 478 1720 qui
493 1682 520 1710 in
545 1682 682 1711 Tiberim
696 1682 841 1711 defertur.

134 1722 175 1749 cf.
191 1721 227 1749 ad
241 1731 320 1749 vers.
333 1723 400 1750 139.
414 1721 530 1749 Similia
540 1721 691 1759 exempla,
705 1725 739 1749 ut
749 1721 840 1750 Tibe-

135 1759 177 1787 ris
193 1759 267 1787 sein
284 1760 406 1788 fluvium
423 1759 623 1793 immittentis,
634 1770 664 1787 v.
677 1759 774 1793 Vlll,
786 1759 834 1787 66.

136 1797 193 1825 alia
207 1807 258 1834 ap.
274 1799 367 1827 Hom.
379 1798 419 1826 Il.
434 1811 460 1832 o,
471 1798 539 1826 218.
554 1798 632 1826 219:
655 1797 717 1826 Od.
732 1797 841 1832 &2522

137 1840 163 1867 a,
175 1836 244 1863 425.

174 1874 230 1902 857
246 1883 312 1911 sqq.
332 1873 433 1911 Major
446 1878 493 1903 est
506 1874 600 1903 totius
615 1873 770 1911 sequentis
785 1872 843 1901 loci

136 1912 282 1945 suavitas,
296 1912 321 1940 si
335 1913 414 1950 quis,
431 1922 467 1941 eo
478 1913 540 1950 jain
555 1917 621 1941 ante
634 1911 776 1951 perlecto,
786 1911 841 1939 ite-

133 1960 202 1978 rum
217 1960 344 1979 exorsus
358 1960 365 1986 ;
382 1951 526 1979 Hectoris
541 1960 610 1979 cum
632 1949 750 1979 Achille
765 1959 843 1987 pug-

136 1998 201 2017 nam
216 1992 316 2017 mente
331 1993 442 2021 teneat.
456 1999 486 2017 v.
502 1989 542 2017 Il.
554 2002 582 2022 χ,
595 1990 623 2017 1.
636 1988 769 2017 c.—Jam
787 1988 845 2015 889

133 2037 200 2065 quse
214 2036 287 2055 nunc
298 2027 407 2056 deinde.
422 2030 462 2056 τίς
489 2027 521 2055 αὖ
542 2026 591 2054 εἶτ’
608 2031 671 2060 ἄρα.
686 2029 845 2054 retractare

135 2065 287 2104 eleganter
311 2070 357 2094 est
385 2074 537 2098 recusare,
557 2064 766 2102 tergiversari,
791 2063 845 2092 de-

134 2104 428 2140 trectare.—ferrida
436 2103 587 2132 dictasunt
599 2102 742 2140 superba,
757 2112 840 2130 arro-

136 2142 246 2179 gantia.
285 2142 405 2180 Jupiter
436 2141 527 2170 hostis
563 2145 611 2170 est
642 2140 780 2174 infestus,
808 2144 842 2169 ut

136 2180 210 2209 alias
225 2179 367 2208 iuiun'cnm
379 2190 493 2209 numen.

175 2220 235 2247 89ss
251 2218 372 2246 Emissa
395 2218 491 2251 hasta,
514 2226 582 2246 cum
601 2217 696 2245 altera
711 2216 841 2250 deficiat,

137 2266 220 2293 saepe
233 2258 280 2290 (v.
292 2266 318 2284 c.
333 2256 371 2284 Il.
387 2260 411 2290 ξ,
428 2256 486 2284 409
499 2265 585 2294 sqq.:
609 2269 636 2287 η,
647 2256 725 2291 204)
739 2254 782 2282 sic
791 2255 842 2284 he-

138 2304 206 2322 roes
220 2294 377 2322 Homerici
393 2294 608 2330 saxajaciunt:
630 2293 689 2331 ipsi
699 2293 775 2321 adeo
789 2293 843 2327 dii,

137 2337 171 2360 ut
187 2333 225 2361 ΙΙ.
236 2340 267 2369 φ,
282 2333 340 2360 403
354 2343 414 2370 sq„
429 2333 507 2361 unde
522 2331 756 2361 h.1.verbafere
770 2331 843 2359 duc-

136 2375 167 2398 ta
179 2376 247 2399 sunt
263 2381 270 2406 ;
291 2370 332 2398 cf.
351 2383 374 2405 ε,
392 2372 461 2404 303,
473 2371 532 2399 304
544 2374 574 2400 et
587 2384 618 2405 μ,
630 2371 688 2398 415
703 2379 772 2407 sqq.
796 2370 844 2398 Ad

137 2409 227 2437 talem
244 2418 356 2437 morem
379 2409 444 2437 haec
458 2418 578 2446 quoque
603 2408 751 2445 exigenda
765 2411 844 2436 sunt.

141 2447 182 2476 Ut
196 2446 264 2486 quis
275 2447 469 2475 verovictum
482 2446 599 2476 hostem
615 2446 705 2475 etiam
718 2445 844 2479 nudum,

137 2485 203 2523 ipse
217 2485 306 2514 armis
321 2485 495 2513 melioribus
516 2484 692 2519 instructus,
706 2483 846 2521 inseque-

137 2527 234 2558 retur,
256 2523 400 2552 dedecori
424 2523 454 2551 in
473 2523 597 2551 heroum
614 2523 678 2552 vita
693 2531 750 2551 non
764 2526 844 2550 erat:

139 2561 240 2599 itaque
256 2562 369 2591 AEneas
380 2561 460 2590 haud
475 2570 506 2589 se
520 2560 675 2598 indignum
688 2559 845 2594 indicavit,

140 2599 306 2637 imparibus
338 2600 428 2628 armis
450 2609 516 2627 cuni
543 2598 628 2627 hoste
652 2598 846 2635 congredi.—

138 2639 197 2667 ⁸095
221 2637 297 2666 litem
307 2649 317 2667 :
351 2638 495 2668 remotius
521 2636 624 2675 posuit
638 2646 644 2667 ;
679 2645 734 2676 pro
760 2637 845 2671 fines,

1499 1447 1583 1487 905

879 1604 1009 1644 ideoque
1033 1605 1117 1634 litem
1141 1605 1180 1634 de
1197 1605 1416 1634 finibus—899
1434 1604 1493 1634 Vix
1507 1604 1587 1639 illud,

881 1644 919 1672 ad
932 1648 1029 1673 notam
1044 1644 1124 1672 illam
1141 1643 1227 1672 fidem
1239 1648 1268 1673 et
1281 1643 1447 1681 opinionem
1461 1643 1498 1672 de
1506 1643 1585 1681 pris-

881 1691 982 1711 corum
994 1682 1143 1711 hominnm
1152 1682 1246 1711 vastis
1261 1682 1439 1720 corporibus
1454 1682 1585 1710 etrobo-

882 1730 914 1749 re
936 1720 1115 1750 incredibili.
1155 1720 1237 1749 Nota
1265 1719 1405 1757 exempla
1427 1719 1585 1748 Homerici

880 1759 1038 1788 Diomedis
1055 1763 1087 1787 et
1101 1758 1205 1795 Ajacis
1226 1758 1265 1787 Il.
1280 1771 1303 1792 ε,
1318 1759 1386 1786 303.
1400 1758 1458 1787 304
1471 1771 1504 1792 μ,
1515 1758 1586 1786 445.

881 1797 951 1825 add.
964 1797 1106 1841 Apollon.
1129 1797 1196 1830 ΙΙΙ,
1219 1797 1402 1825 moa—901
1418 1806 1503 1824 marm
1526 1800 1584 1824 tre-

879 1835 961 1872 pida,
976 1835 1075 1873 sunpl.
1102 1835 1222 1867 festina,
1248 1834 1408 1872 torquebat.
1443 1833 1583 1862 Servius:

882 1878 901 1889 ‘⁸'
919 1874 1003 1902 Bene
1018 1873 1195 1910 imperfecto
1209 1882 1281 1900 usus
1292 1880 1339 1900 est
1347 1876 1498 1910 tempore:
1515 1871 1587 1908 quia

879 1921 937 1939 non
952 1916 999 1941 est
1010 1911 1190 1949 perfectum,
1205 1911 1284 1948 quod
1296 1909 1403 1942 voluit,
1427 1914 1458 1938 ut
1473 1919 1501 1937 v·
1516 1910 1586 1938 903.

879 1950 948 1978 904.
961 1949 1052 1979 907.”
1077 1948 1164 1977 nimis
1188 1952 1304 1986 argute.
1323 1958 1355 1976 v.
1368 1948 1426 1977 394
1441 1947 1484 1976 sic
1498 1947 1585 1976 dabat

882 1992 945 2016 erat
959 1997 1023 2024 pro,
1037 1987 1172 2016 dederat.

920 2026 989 2054 903.
1000 2026 1069 2054 904.
1091 2025 1161 2053 Non
1175 2024 1240 2053 haec
1255 2023 1400 2057 Turnum,
1414 2032 1478 2060 prae
1490 2026 1585 2057 metu,

882 2063 992 2092 mentis
1014 2062 1090 2091 male
1113 2066 1298 2100 compotem,
1317 2066 1431 2094 ἄπορον,
1447 2066 1587 2099 arguunt,

881 2101 946 2135 sed,
962 2102 1043 2139 quod
1055 2110 1100 2129 vs.
1113 2101 1183 2129 913.
1196 2101 1255 2129 914
1269 2099 1382 2128 diserte
1397 2108 1516 2136 quoque
1531 2108 1586 2126 ex·

879 2140 1000 2178 ponitur
1012 2144 1175 2176 torporem,
1200 2147 1288 2175 quem
1310 2136 1402 2166 Furia
1417 2136 1525 2174 injicit,
1542 2136 1589 2165 vi-

880 2188 987 2216 resque
1017 2178 1093 2206 adeo
1112 2176 1248 2213 corporis
1266 2175 1414 2205 debilitat.
1455 2174 1514 2203 Est
1531 2174 1587 2203 hoc

881 2217 968 2250 illud,
981 2216 1061 2254 quod
1073 2216 1101 2243 in
1112 2214 1187 2243 viris
1196 2214 1368 2242 fortissimis
1381 2216 1411 2241 et
1421 2212 1586 2241 audacissi-

882 2255 939 2284 mis
954 2255 1145 2283 observatum
1166 2256 1223 2285 est,
1247 2262 1264 2280 a
1285 2251 1384 2280 causis
1407 2250 1541 2289 physicis
1557 2254 1589 2279 et

883 2290 1293 2332 psychologicisprofeetnm,
1305 2294 1339 2318 ut
1347 2288 1508 2321 interdum,
1519 2298 1586 2317 nes-

884 2332 946 2360 cias
962 2340 1020 2369 qua
1040 2331 1078 2360 de
1099 2338 1189 2359 causa
1210 2338 1335 2366 prorsus
1358 2326 1479 2360 mutati,
1501 2327 1589 2363 quasi

884 2370 978 2399 defixi
999 2379 1033 2398 ac
1054 2367 1180 2400 deliniti,
1197 2367 1275 2396 omni
1289 2365 1378 2395 animi
1391 2364 1588 2402 corporisque

882 2408 914 2436 vi
928 2407 1069 2437 destituti
1090 2405 1221 2439 adstent,
1244 2407 1398 2442 torpentes
1419 2406 1451 2431 et
1465 2402 1589 2437 inertes,

885 2456 976 2484 seque
991 2445 1065 2474 adeo
1082 2444 1233 2472 interdum
1254 2440 1449 2472 trucidandos
1469 2440 1590 2478 praebe-

885 2489 944 2513 ant.
985 2484 1053 2513 Hoc
1067 2491 1121 2519 per
1138 2480 1331 2519 vertiginem,
1352 2482 1473 2514 ἴλιγγον,
1494 2478 1589 2516 Apol-

884 2522 953 2551 linis
965 2531 1053 2550 manu
1065 2523 1145 2549 tacto
1162 2519 1301 2548 Patroclo
1314 2517 1465 2550 inflictam,
1475 2516 1588 2545 Home-

885 2571 938 2589 rus
960 2559 1103 2598 praeclare
1119 2557 1311 2586 adumbravit
1331 2555 1370 2584 11.
1391 2568 1422 2589 π,
1443 2555 1502 2597 7ξ6
1523 2564 1589 2596 sqq.

887 2599 994 2637 Itaque
1006 2599 1125 2627 Turnus
1146 2595 1214 2633 ipse
1229 2606 1280 2624 uec
1293 2605 1323 2624 se
1337 2597 1491 2631 cognoscit,
1508 2601 1588 2619 vires

888 2638 993 2668 solitas
1014 2635 1073 2666 sibi
1092 2634 1200 2664 deesse
1226 2634 1327 2664 videt:
1356 2642 1389 2661 se
1413 2630 1497 2660 videt
1521 2639 1588 2658 esse
