1796 3077
617 236 889 277 AENEIDOS.
944 236 1046 276 LIB.
1069 234 1139 275 VI.

137 364 292 407 Donec
309 361 439 420 longa
458 361 563 413 dies,
583 362 777 418 perfecto
797 361 999 417 temporis
1021 361 1140 412 orbe,

138 423 390 464 Concretam
411 421 567 462 exemit
585 420 738 470 labem,
760 434 999 475 purumque
1031 418 1202 474 reliquit

137 479 385 521 AEtherium
407 493 588 527 sensum,
611 485 739 532 atque
761 478 880 518 aurai
903 475 1102 530 simplicis
1121 478 1275 532 ignem.

136 535 232 577 Has
254 550 414 585 omnes,
436 536 511 576 ubi
530 534 641 576 mille
660 542 797 576 rotam
816 532 985 574 volvere
1006 548 1084 587 per
1106 549 1255 585 annos,

136 593 367 634 Lethaeum
386 593 441 634 ad
462 592 637 633 fluvium
658 592 764 633 deus
785 596 934 632 evocat
956 591 1122 645 agmine
1138 606 1292 647 magno
1309 610 1318 635 :

138 650 311 692 Scilicet
333 651 614 699 immemores,
636 663 791 704 supera
810 654 858 688 ut
879 662 1071 688 convexa
1090 649 1276 691 revisant

1513 654 1597 696 750

137 706 321 757 Rursus,
344 715 386 749 et
406 707 609 761 incipiant
628 707 671 748 in
693 719 874 760 corpora
893 704 998 745 velle
1019 706 1187 746 reverti.

194 765 378 806 Dixerat
397 764 634 814 Anchises3
666 770 897 816 natumque
913 776 1082 815 unaque
1104 762 1308 817 Sibyllam

140 821 384 863 Conventus
407 821 537 862 trahit
557 820 600 860 in
620 820 796 868 medios,
819 820 1072 871 turbamque
1095 828 1340 862 sonantem:

138 878 200 920 Et
221 878 427 919 tumulum
449 878 576 932 capit,
593 876 708 917 unde
729 890 871 917 omnes
891 874 1020 928 longo
1042 876 1189 917 ordine
1208 879 1342 932 possit

137 935 359 977 Adversos
379 935 538 990 legere,
562 942 605 975 et
624 934 865 975 venientum
887 932 1049 973 discere
1067 932 1221 975 vultus.

1513 940 1597 981 755

194 992 326 1033 Nunc
348 1007 441 1046 age,
466 991 729 1032 Dardaniam
749 989 912 1045 prolem
933 1004 1029 1043 quae
1050 990 1205 1032 deinde
1227 1001 1430 1048 sequatur

141 1049 304 1099 Gloria,
325 1051 397 1103 qui
413 1056 610 1089 maneant
630 1047 737 1089 Itala
758 1047 813 1088 de
833 1053 959 1101 gente
980 1054 1171 1101 nepotes,

140 1105 332 1147 Illustres
350 1107 521 1155 anima&
543 1113 819 1158 nostrumque
840 1105 883 1144 in
903 1119 1056 1144 nomen
1077 1104 1224 1155 ituras,

139 1162 384 1217 Expediam
405 1163 540 1211 dictis,
563 1169 606 1202 et
628 1170 670 1202 te
693 1169 766 1202 tua
786 1161 873 1201 fata
889 1160 1068 1202 docebo.

138 1219 229 1269 Ille,
251 1220 382 1270 vides,
404 1234 513 1275 pura
526 1219 694 1273 juvenis
715 1218 788 1272 qui
808 1218 953 1258 nititur
973 1217 1110 1267 hasta,

140 1276 343 1318 Proxima
365 1284 477 1317 sorte
498 1283 614 1317 tenet
634 1274 738 1315 lucis
759 1274 872 1324 loca3

1516 1224 1600 1266 760

905 1274 1064 1328 primus
1086 1276 1140 1316 ad
1162 1291 1285 1318 auras

139 1334 363 1375 AEtherias
386 1332 495 1374 Italo
517 1333 767 1374 commixtus
790 1345 992 1385 sanguine
1011 1341 1156 1387 surget

139 1389 307 1439 Silvius,
328 1390 543 1431 Albanum
564 1404 729 1438 nomen,
751 1396 824 1428 tua
844 1388 1072 1442 posthuma
1087 1389 1228 1441 proles
1246 1406 1254 1432 :

142 1447 284 1493 Quem
305 1448 381 1487 tibi
397 1447 589 1501 longaevo
613 1461 752 1487 serum
774 1445 943 1485 Lavinia
965 1447 1120 1500 conjux

140 1504 314 1546 Educet
334 1504 444 1545 silvis
465 1518 622 1559 regem,
636 1509 869 1557 regumque
885 1510 1126 1556 parentem:

139 1561 270 1602 Unde
292 1576 424 1616 genus
448 1561 599 1615 Longa
612 1568 802 1601 nostrum
820 1560 1104 1600 dominabitur
1124 1559 1253 1602 Alba.

141 1618 369 1660 Proximus
389 1618 458 1659 iile
480 1618 652 1666 Procas,
675 1617 877 1670 Trojanae
894 1615 1026 1670 gloria
1048 1618 1198 1671 gentis,

141 1675 202 1716 Et
228 1675 384 1731 Capys,
406 1683 448 1716 et
467 1675 681 1723 Numitor,
703 1681 746 1714 et
766 1674 837 1727 qui
856 1681 896 1714 te
919 1673 1085 1714 nomine
1102 1675 1255 1716 reddet

142 1733 297 1773 Silvius
319 1732 495 1781 AEneas,
517 1732 675 1786 pariter
691 1731 849 1785 pietate
870 1729 935 1770 vel
949 1731 1073 1771 armis

144 1789 372 1844 Egregius,
396 1791 429 1830 si
450 1803 635 1843 unquam
658 1788 919 1841 regnandam
941 1788 1151 1842 acceperit
1172 1786 1343 1831 Albam.

145 1846 233 1894 Qui
248 1847 427 1902 juvenes
449 1853 628 1901 quantas
651 1852 876 1894 ostentant,
899 1844 1054 1899 aspice,
1077 1845 1184 1886 vires
1203 1847 1212 1886 Ξ

142 2010 171 2029 e.
183 1999 231 2030 ad.
244 2000 305 2029 Alii
316 2000 503 2040 distinguunt
517 2001 663 2030 loetaarva
675 2001 711 2030 ab
725 2000 851 2040 Elysi03
891 2000 1010 2035 medios,
1031 2001 1060 2030 in
1081 2003 1209 2032 mediam
1231 2005 1361 2036 turbam.
1381 2012 1542 2043 sonantem,
1563 2009 1602 2038 de

145 2040 199 2068 sed
212 2044 360 2078 perpetuo
373 2050 430 2069 usu
444 2040 588 2078 loquendi
604 2041 641 2069 de
663 2041 768 2070 eodeni
785 2040 851 2068 loco

893 2040 1034 2077 strepitu,
1061 2052 1099 2070 ex
1136 2043 1195 2071 od.
1225 2057 1255 2076 ω,
1284 2046 1490 2075 5.—adversos
1517 2054 1604 2078 ornat

143 2077 210 2107 haec
225 2079 307 2107 dicta
320 2079 624 2108 imminutum—745
635 2081 767 2118 perfecto
782 2083 853 2107 tem-
893 2078 1056 2121 epitheton.
1091 2081 1224 2116 Scilicet,
1240 2092 1278 2111 ex
1289 2084 1416 2113 adverso
1428 2085 1603 2116 incedentes

140 2117 226 2155 poris
247 2117 326 2152 orbe,
347 2118 503 2147 definitum
525 2122 596 2157 post
621 2122 753 2157 tempus,
778 2117 808 2146 h.
830 2128 856 2146 e.

146 2155 228 2184 mille
256 2165 360 2185 annos.
381 2167 489 2195 purum
521 2157 699 2186 AEtherium
731 2166 855 2190 sensum,

146 2198 278 2223 mentem
292 2195 374 2223 illam
391 2196 508 2233 (sensus
528 2206 585 2234 pro
606 2197 805 2235 perceptione
827 2200 858 2224 et

143 2233 259 2270 judicio
276 2233 376 2267 animi,
390 2238 421 2263 et
434 2235 501 2264 hinc
512 2245 566 2273 pro
579 2235 694 2273 animo)
709 2245 749 2264 ex
765 2234 857 2263 aethe-

147 2281 180 2300 re
196 2272 366 2306 deductam,
381 2282 509 2312 cumque
525 2274 606 2302 idem
617 2274 711 2303 aether
726 2274 765 2303 sit
778 2273 857 2312 ignis

147 2309 344 2348 purissimus,
369 2312 554 2349 explicative
591 2313 733 2351 subjicit:
772 2317 858 2351 atque

148 2350 240 2379 aurai'
250 2349 390 2387 simplicis
404 2350 505 2388 ignem.
544 2352 593 2380 De
604 2351 667 2388 igni
679 2362 779 2381 auram
789 2362 858 2390 pro-

149 2387 214 2426 prie
236 2387 307 2421 diei,
330 2392 365 2416 ut
383 2388 421 2417 de
446 2389 525 2423 luce,
541 2401 634 2428 supra
654 2402 684 2421 v.
698 2392 765 2419 204.
779 2391 858 2420 vidi-

149 2436 229 2456 mus.
270 2427 378 2465 Itaque
394 2427 491 2456 anima
504 2429 622 2458 tandem
642 2430 679 2458 ad
699 2430 858 2467 pristinam

150 2465 314 2502 puritatem
354 2466 513 2495 aetheream
550 2467 730 2497 restituitur.
748 2470 858 2498 -748

149 2503 261 2532 volvere
281 2509 374 2532 rotam
396 2510 457 2533 est:
494 2511 662 2543 exegerunt
688 2511 807 2545 tempus
830 2508 859 2536 in

152 2543 257 2570 orbern
272 2543 502 2572 rediens—749
522 2543 591 2573 deus
610 2551 718 2575 evocat.
733 2556 790 2574 non
811 2547 858 2575 hic

152 2581 190 2609 de
207 2581 360 2610 Mercurio
384 2583 481 2620 agitur
495 2594 502 2618 ·,
525 2583 605 2620 quod
620 2588 726 2622 putant
742 2586 857 2623 Intpp.,

153 2619 207 2647 scd
223 2623 269 2648 est
283 2623 297 2647 ὁ
319 2623 431 2655 δαίμων,
455 2621 614 2651 indefinite.
636 2633 666 2651 v.
680 2623 799 2652 Platon.
823 2625 860 2652 de

152 2658 234 2695 Rep.
250 2669 263 2686 ῑ»
274 2680 280 2687 .
293 2668 325 2696 p.
338 2661 407 2689 765.
423 2660 460 2690 Ε.

192 2697 347 2728 752-755
370 2704 474 2729 ornate
504 2700 630 2739 singula.
652 2706 805 2731 conventus
831 2701 860 2730 in

897 2126 1008 2145 annuas
1045 2118 1123 2156 legit,
1155 2125 1301 2155 recenset,
1338 2124 1605 2161 cognoscin—756

899 2155 1003 2184 Gloria
1027 2158 1191 2186 Dardaniae
1205 2159 1309 2196 prolis-
1350 2161 1504 2191 Enarrabo
1525 2163 1606 2193 clara

897 2194 975 2223 sacta
999 2199 1029 2224 et
1050 2196 1110 2225 fata
1138 2202 1328 2234 posterorum
1351 2204 1607 2242 tuorum.—nepo-

897 2234 1286 2266 tes—animas—enarrabo.
1314 2238 1366 2276 qui
1391 2245 1535 2275 maneant,
1550 2252 1606 2270 ex-

898 2274 1054 2310 spectandi
1077 2275 1148 2306 sint.
1162 2281 1278 2313 nepotes
1291 2276 1370 2305 Itala
1394 2278 1428 2307 de
1446 2283 1542 2317 gente,
1565 2281 1604 2309 de

898 2311 977 2340 nova
992 2312 1088 2350 stirpe
1104 2314 1133 2342 in
1148 2314 1234 2343 Latio
1242 2325 1281 2344 ex
1297 2316 1422 2345 Lavinia
1437 2318 1605 2356 suscipien-

900 2350 1046 2380 ‹la—757
1061 2357 1191 2381 nostrum
1201 2353 1229 2381 in
1245 2364 1345 2383 nomen
1360 2355 1463 2391 ituras,
1471 2367 1526 2395 pro
1541 2358 1607 2387 vul-

899 2389 979 2428 gari:
1001 2393 1118 2420 futuras
1144 2403 1180 2421 ex
1203 2398 1305 2422 nostra
1329 2398 1536 2433 gente—160.
1560 2407 1607 2435 sq.

899 2429 980 2457 Gens
1011 2430 1093 2458 Julia
1119 2432 1155 2459 ab
1184 2432 1314 2461 Ascanio
1338 2443 1392 2462 seu
1418 2434 1489 2463 Iulo
1506 2435 1607 2471 ducta,

899 2467 949 2505 qui
976 2468 1055 2506 patri
1087 2470 1236 2499 suecessit
1267 2476 1298 2499 et
1330 2472 1439 2501 Albam
1472 2474 1607 2513 Longam

898 2507 1055 2537 condiditz
1078 2509 1115 2536 cf.
1144 2518 1211 2546 sup.
1227 2509 1297 2538 AEn.
1318 2511 1348 2545 I,
1372 2512 1442 2541 267.
1468 2523 1534 2550 sq.;
1556 2514 1608 2542 sed

898 2555 987 2583 reges
1002 2545 1110 2574 Albani
1125 2557 1141 2575 a
1154 2547 1262 2582 silvio,
1279 2550 1379 2587 quiex
1397 2551 1521 2580 Lavinia
1538 2562 1609 2589 pos-

899 2587 999 2612 tumus
1016 2584 1120 2614 AEneae
1141 2591 1228 2615 natus
1250 2592 1323 2617 erat.
1364 2589 1444 2618 Haec
1461 2595 1508 2619 est
1520 2591 1609 2624 fama,

900 2633 987 2660 quam
1001 2623 1030 2651 h.
1046 2623 1066 2652 1.
1081 2625 1172 2662 poeta
1195 2626 1438 2664 sequitan—Tsss
1461 2628 1610 2658 Albanum

900 2672 1010 2696 nomen,
1025 2662 1054 2690 h.
1081 2673 1108 2692 e.
1132 2664 1280 2700 Albanus,
1301 2666 1389 2696 Albae
1411 2667 1521 2704 Longae
1545 2677 1612 2695 rex.

901 2700 965 2730 Nec
977 2701 1053 2732 male
1067 2705 1165 2742 tamen
1181 2702 1225 2734 sie
1236 2704 1366 2745 accipias
1383 2716 1388 2734 :
1408 2707 1522 2740 nomine
1535 2705 1612 2735 inter
