1796 3077
579 277 847 316 AENEIDOS.

906 278 1005 317 Liss.
1038 279 1109 317 IX.

1493 283 1521 326 C}

1525 284 1554 327 N>

1560 283 1590 328 ω

136 401 373 455 Obstupuit
388 399 551 456 &magno
570 399 742 441 laudum
763 415 988 454 percussus
1008 416 1149 443 amore

138 457 376 513 Euryalus3
411 458 533 499 simul
552 458 618 498 his
641 458 858 498 ardentem
879 459 1033 499 affatur
1053 460 1258 499 amicum:

135 515 267 556 BIene
284 516 411 569 igitur
432 516 590 556 socium
611 514 780 555 summis
801 515 1033 569 adjungere
1053 517 1194 564 rebus,

136 571 258 621 Nise,
280 572 422 626 fugis?
454 572 587 613 solum
610 579 650 612 te
665 571 707 611 in
728 578 845 612 tanta
863 572 1051 625 pericula
1071 573 1262 613 mittam?

1505 569 1588 612 200

132 627 234 669 Non
255 630 313 669 ita
333 644 399 670 me
418 630 595 683 genitor,
613 627 733 669 bellis
753 636 960 678 assuetus,
984 628 1208 683 Opheltes,

132 684 381 740 Argolicum
401 693 605 727 terrorem
624 686 733 726 inter
754 685 983 739 Trojaeque
1000 685 1166 727 labores

132 742 357 783 Sublatum
372 743 547 793 erudiit3
579 757 657 784 nec
677 750 818 783 tecum
838 742 937 783 talia
956 743 1080 797 gessi,

132 798 455 854 Magnanimum
475 799 647 840 AEnean
666 806 708 839 et
728 799 815 839 fata
835 806 1024 840 extrema
1046 806 1229 841 secutus.

132 855 218 897 Est
237 856 319 906 hic,
342 863 407 897 est
426 856 587 896 animus
606 855 711 896 lucis
732 862 980 905 contemtor,
1002 864 1044 897 et
1065 857 1191 898 istum

1504 854 1589 896 5205

131 912 221 958 Qui
240 914 325 953 vita
344 914 452 954 bene
473 913 619 954 credat
639 912 733 960 emi,
758 927 843 966 quo
865 914 1015 962 tendis,
1036 913 1255 955 honorem.

131 969 264 1010 Nisus
286 970 341 1010 ad
360 969 453 1011 haec
471 985 480 1010 z
514 969 729 1024 Equidem
751 969 805 1010 de
827 976 868 1011 te
893 969 949 1010 nil
967 970 1049 1012 tale
1070 972 1246 1013 verebar
1266 988 1276 1021 3

131 1025 229 1067 Nec
249 1026 311 1067 fas
325 1043 336 1076 3
367 1041 465 1067 non.

524 1026 591 1067 Ita
610 1041 675 1067 me
695 1025 853 1067 referat
874 1027 950 1068 tibi
970 1042 1147 1082 magnus
1169 1034 1363 1069 ovantem

130 1082 315 1137 Jupiter,
333 1091 407 1124 aut
426 1083 681 1138 quicumque
702 1082 832 1124 oculis
854 1083 947 1125 haec
970 1086 1121 1140 aspicit
1142 1086 1289 1140 aequis.

133 1140 222 1181 Sed
242 1140 277 1180 si
293 1141 399 1194 quis,
427 1141 538 1194 (quae
557 1139 690 1181 multa
709 1140 825 1180 vides
847 1141 1084 1183 discrimine
1104 1142 1192 1196 tali)

1506 1138 1589 1179 210

135 1196 183 1236 Si
199 1197 292 1251 quis
312 1198 355 1237 in
371 1197 593 1238 adversum
613 1197 764 1250 rapiat,
786 1211 975 1247 casusve,
994 1199 1164 1248 deusve,

132 1253 201 1294 Te
223 1267 445 1308 superesse
466 1253 589 1294 velim
607 1270 616 1303 3
649 1261 722 1294 tua
742 1254 826 1293 vita
847 1254 1013 1308 dignior
1034 1262 1150 1297 aetas.

132 1310 210 1359 Sit,
237 1311 309 1364 qui
328 1325 394 1351 me
414 1318 581 1364 raptum
602 1325 759 1365 pugna,
780 1311 970 1364 pretiove
991 1312 1242 1361 redemtum,

131 1366 314 1408 Mandet
334 1367 463 1408 humo
485 1367 631 1408 solita:
664 1374 748 1416 aut,
771 1368 805 1407 si
824 1382 909 1420 qua
928 1368 973 1408 id
994 1368 1183 1411 Fortuna
1197 1368 1370 1418 vetabit,

130 1423 317 1465 Absenti
336 1424 444 1464 ferat
464 1423 647 1473 inferias,
670 1423 927 1477 decoretque
949 1425 1162 1478 sepulcro.

1504 1422 1589 1463 215

131 1480 236 1521 Neu
255 1481 377 1521 matri
396 1480 559 1522 miserae
580 1480 686 1521 tanti
706 1480 783 1520 sim
804 1494 932 1521 causa
951 1480 1108 1522 doloris
1126 1498 1135 1522 :

135 1537 247 1584 Quae
263 1544 304 1578 te
326 1536 428 1586 sola,
449 1552 570 1592 puer,
592 1536 732 1578 multis
752 1551 775 1577 e
795 1538 999 1578 matribus
1021 1553 1136 1588 ausa,

133 1594 428 1650 Persequitur,
449 1595 590 1649 magni
610 1608 688 1636 nec
708 1594 863 1634 moenia
883 1602 1005 1635 curat
1024 1595 1210 1637 Acestae.

130 1651 208 1692 Ille
228 1659 367 1693 autem
385 1666 394 1692 ε
429 1651 589 1692 Causas
610 1651 897 1706 nequidquam
918 1652 1050 1693 nectis
1071 1653 1232 1702 inanes,

130 1708 228 1749 Nec
243 1723 337 1749 mea
350 1709 440 1763 jam
459 1715 620 1750 mutata
639 1707 732 1749 loco
753 1709 960 1749 sententia
980 1709 1104 1750 cedit.

598 1764 762 1820 Vigiles
784 1764 906 1806 simul
926 1767 1096 1808 excitat.

134 1763 446 1814 Acceleremus,
467 1766 536 1807 ait.

129 1897 208 1927 viam
220 1899 374 1933 tenebant,
401 1908 479 1933 cum,
501 1907 585 1933 ecce,
606 1897 724 1936 equites
738 1907 755 1926 a
769 1908 840 1936 rege

130 1937 237 1966 Latino
260 1937 345 1966 missi
369 1947 477 1966 versus
502 1941 602 1965 castra
627 1937 763 1966 tendunt.
812 1937 840 1966 A

130 1976 281 2005 Laurento
308 1976 358 2005 via
384 1975 549 2004 secundum
575 1975 662 2005 littus
686 1976 837 2004 ducebat:

130 2015 219 2049 unde,
230 2018 336 2053 utpote
352 2013 493 2043 intractu
506 2015 684 2052 campestri,
694 2024 840 2053 prospec-

130 2056 181 2082 tus
194 2053 224 2081 in
250 2053 407 2082 interiores
432 2057 527 2082 terras
549 2063 617 2082 esse
642 2052 752 2092 potuit.
792 2053 841 2082 Ibi

130 2091 247 2127 bivium,
274 2093 361 2130 cujus
385 2092 480 2121 altera
497 2101 568 2130 pars
591 2092 798 2121 sinistrorsum
812 2093 841 2121 in

131 2129 273 2160 interiora
282 2131 350 2160 loca
360 2135 473 2169 praeter
485 2136 585 2159 castra
597 2131 736 2160 ducebat.
776 2132 839 2160 De-

130 2169 270 2206 prehensi
283 2169 387 2208 igitur,
399 2170 494 2198 Nisus
507 2170 707 2208 etEuryalus,
722 2170 753 2199 fu
777 2170 840 2199 iunt

131 2207 161 2236 in
177 2207 295 2242 silvam,
318 2218 365 2237 vs.
390 2209 460 2243 378,
480 2208 690 2237 Laurentinam
711 2209 754 2238 sci
770 2210 839 2242 icet,

131 2246 210 2274 unde
225 2246 318 2274 Nisus
328 2247 451 2285 quidem
464 2257 569 2276 versus
581 2247 681 2276 lacum
689 2248 840 2277 Albanum

132 2284 264 2319 elabitur
285 2294 331 2313 vs.
352 2286 410 2314 387
430 2295 517 2324 sqq.;
546 2286 600 2314 sed
620 2287 785 2325 Euryalum
806 2296 839 2315 se

131 2333 191 2352 non
223 2324 440 2361 subsequutum
460 2324 576 2359 videns,
598 2324 708 2354 iterum
729 2326 767 2354 ad
789 2326 840 2354 sil-

132 2371 200 2391 vam
214 2371 358 2391 reversus
374 2372 442 2391 cum
465 2363 560 2392 amico
582 2373 635 2392 suo
650 2364 841 2395 interimitur.

132 2401 291 2430 Certamen
301 2401 356 2429 hoc
370 2401 449 2430 inter
464 2401 576 2430 amicos
589 2402 682 2431 Silius
695 2413 752 2431 non
764 2403 841 2432 infe·

131 2439 234 2468 liciter
255 2439 409 2468 transtulit
429 2440 467 2468 ad
482 2440 699 2470 contentionem
715 2442 842 2471 similem

132 2477 212 2507 inter
223 2478 360 2513 Imilcen,
373 2488 509 2512 uxorem,
531 2483 562 2508 et
576 2479 775 2510 Hannibalem
787 2480 840 2509 lib.

134 2517 202 2551 ΙΙΙ,
221 2517 278 2546 108
294 2527 360 2556 sqq.
375 2522 405 2546 et
419 2527 464 2547 vs.
475 2518 514 2546 78
529 2526 595 2556 sqq.

173 2555 232 2584 200
247 2555 334 2590 Nise,
358 2555 463 2594 fztyis:
490 2565 546 2594 pro
568 2556 697 2595 vulgari,
719 2558 847 2596 refugis,

134 2596 380 2624 recusas—201.
412 2595 588 2634 Agnoscunt
603 2595 705 2634 Intpp.
722 2597 849 2635 vestigia

136 2632 295 2662 Homerici
308 2633 367 2662 loci
382 2634 420 2662 ΙΙ.
437 2647 464 2666 η,
480 2634 546 2662 198.
567 2634 732 2664 loa—202
753 2646 849 2663 non—

135 2670 300 2700 sublatum.-
321 2676 423 2701 natum
438 2677 469 2702 et
482 2673 640 2701 educatum
662 2673 691 2701 in
715 2674 794 2703 bello
812 2674 847 2702 ad

139 2711 262 2748 Trojam
291 2714 378 2749 gesto
399 2711 508 2746 innuit,
538 2721 593 2749 pro
619 2711 757 2750 vulgari:
792 2723 849 2741 non

141 2758 199 2788 ego
223 2759 290 2779 sum
305 2749 482 2781 talia—204
496 2752 568 2789 fata
590 2754 718 2780 extrema
743 2751 851 2780 debent

1506 1706 1590 1746 000

1506 1735 1560 1748 Nm

1156 1765 1223 1807 Illi

881 1897 988 1927 AEneae
1002 1908 1079 1933 esse,
1092 1898 1164 1937 fuga
1177 1909 1215 1927 ex
1236 1897 1310 1926 urbe
1324 1900 1354 1926 et
1367 1897 1592 1926 errores.—206

881 1936 948 1966 bene
971 1947 1061 1966 emere
1084 1947 1164 1972 esse,
1183 1946 1270 1975 :equo
1286 1936 1334 1965 vel
1352 1936 1405 1964 vili
1419 1936 1508 1964 etiam
1522 1945 1591 1973 pre-

880 1975 923 2004 tio
937 1986 1048 2010 emere,
1063 1980 1166 2005 notum
1177 1981 1238 2005 est:
1262 1974 1366 2004 oculos
1378 1984 1476 2013 aeqzcos
1490 1985 1518 2003 v.
1530 1975 1590 2003 209

881 2024 948 2043 esse
979 2015 1139 2053 propitios,
1173 2015 1202 2043 iu
1235 2018 1356 2052 promtu
1390 2023 1457 2042 esse
1490 2013 1593 2043 debet.

881 2053 957 2081 Mox
972 2055 1029 2082 213
1056 2054 1094 2082 de
1119 2053 1254 2092 corporis
1281 2052 1436 2090 sepultura
1459 2052 1589 2089 accipe3

880 2102 933 2125 me,
959 2101 1069 2130 corpus
1084 2102 1195 2124 meum,
1222 2095 1336 2130 raptum
1347 2113 1354 2127 ‚
1370 2091 1550 2119 subductum
1574 2100 1591 2118 e

879 2140 994 2168 pugna:
1023 2135 1057 2159 ut
1077 2131 1166 2159 toties
1187 2133 1267 2168 apud
1287 2129 1456 2158 Homerum
1470 2129 1515 2163 fit,
1540 2128 1593 2157 ubi

880 2173 1069 2203 ἱνπεξὲλκετω,
1091 2172 1245 2202 {meme-rm,
1272 2170 1429 2201 ὑπαείρεται
1450 2171 1466 2195 ὁ
1491 2172 1591 2201 νεκρὸς.

881 2208 963 2236 humo
977 2207 1074 2242 solita,
1097 2211 1187 2241 terra,
1203 2217 1262 2244 qua
1275 2206 1386 2235 mortui
1398 2206 1517 2235 humari
1531 2207 1590 2235 sol-

878 2247 960 2275 lenni
974 2257 1057 2275 more
1073 2246 1275 2275 solemn-215
1288 2244 1413 2274 Absenti
1426 2245 1465 2274 de
1484 2255 1519 2274 eo
1541 2255 1590 2274 ac-

879 2285 970 2324 cipio,
987 2287 1074 2324 cujus
1086 2294 1196 2323 corpus
1210 2294 1266 2313 non
1278 2287 1392 2317 exstat,
1411 2284 1491 2322 qnod
1505 2294 1592 2322 sepe-

880 2324 930 2353 liri
945 2325 1058 2362 possit,
1089 2324 1191 2362 itaque
1214 2323 1329 2352 inferiis
1350 2326 1381 2351 et
1406 2322 1590 2360 cenotaphio

880 2363 1103 2399 defungendum
1114 2363 1269 2392 est.-217
1280 2361 1353 2397 Quae
1364 2365 1390 2389 te
1397 2360 1469 2390 sola.
1501 2361 1591 2390 Man-

882 2403 921 2431 sit
935 2402 1056 2440 quidem
1081 2402 1110 2430 in
1123 2402 1227 2430 Sicilia
1240 2410 1345 2429 senum
1366 2403 1396 2429 et
1407 2399 1592 2429 infirmorum

882 2441 997 2470 inutilis
1017 2442 1127 2475 turba3
1163 2441 1201 2468 cf.
1224 2440 1277 2468 lib.
1300 2439 1338 2473 V,
1362 2439 1422 2467 715
1442 2449 1488 2477 sq.
1512 2440 1591 2475 7673

882 2480 959 2509 inter
970 2480 1122 2518 longaevas
1137 2483 1235 2507 autem
1251 2481 1400 2506 matronas
1416 2477 1478 2506 sola
1491 2478 1592 2515 Eury-

886 2519 925 2548 ali
949 2522 1045 2547 mater
1059 2518 1126 2551 fuit,
1142 2527 1209 2555 quae
1230 2517 1259 2545 in
1272 2516 1375 2545 Sicilia
1395 2526 1513 2546 manere
1528 2515 1593 2545 nol-

886 2557 1033 2587 let.——Sic
1046 2557 1109 2590 XI,
1131 2557 1168 2584 35
1184 2555 1360 2584 difficultate
1375 2560 1468 2590 caret,
1489 2559 1523 2584 ut
1536 2556 1594 2583 192

881 2595 1137 2636 patres.—moenia
1151 2595 1278 2627 Acestae,
1298 2594 1454 2632 Segestam
1477 2595 1595 2627 urbem,

889 2640 922 2663 ut
933 2635 985 2662 lib.
993 2633 1031 2667 V,
1042 2634 1273 2672 755sqq.-219
1283 2633 1372 2662 nectis
1383 2642 1485 2661 causas
1493 2643 1503 2660 .·
1523 2641 1594 2670 pro-

889 2674 954 2712 prie
968 2673 1039 2701 dum
1054 2673 1110 2701 alia
1133 2683 1171 2701 ex
1196 2671 1253 2701 alia
1275 2681 1366 2701 causa
1383 2672 1516 2700 seritur.v
1543 2670 1594 2699 Sic

891 2717 922 2742 et
935 2717 1050 2745 texere,
1062 2716 1091 2740 et
1105 2716 1284 2750 praetexere,
1300 2720 1418 2746 causas,
1433 2709 1595 2739 dicitur.—

890 2753 947 2781 223
960 2760 1070 2793 reyem,
1078 2751 1250 2786 Ascanium,
1264 2754 1377 2779 ἄνακτα.
