1796 3077
240 226 302 272 ²28

676 225 720 263 P.
750 224 982 262 VIRGILII
1012 223 1263 262 MARONIS

238 343 368 394 Hinc,
390 346 462 387 ubi
472 345 560 400 jam
579 345 744 387 firmata
763 347 896 390 virum
916 355 957 389 te
977 346 1124 389 fecerit
1142 353 1258 395 aetas,

241 401 379 442 Cedet
399 411 441 444 et
462 404 550 458 ipse
566 403 669 444 mari
690 411 844 453 vector,
863 420 940 446 nec
957 404 1123 445 nautica
1142 404 1265 457 pinus

239 457 429 501 Mutabit
449 475 631 502 merces:
663 461 795 502 omnis
816 461 923 503 feret
943 461 1081 503 omnia
1101 460 1247 501 tellus!

239 514 342 556 Non
362 524 516 558 rastros
536 516 722 571 patietur
740 517 906 568 humus,
936 534 1021 560 non
1040 518 1162 558 vinea
1182 516 1358 566 falcem;

237 570 459 614 Robustus
478 588 646 628 quoque
660 575 750 629 jam
768 576 898 616 tauris
911 576 1019 631 juga
1038 574 1170 616 solvet
1188 580 1353 624 arator3

236 628 281 669 N
285 644 332 670 cc
354 632 488 672 varios
508 631 641 672 discet
660 633 826 673 mentiri
843 631 939 673 lana
959 632 1134 680 colores,

236 684 333 740 lpse
355 687 429 728 sed
449 688 491 727 in
509 688 640 742 pratis
656 689 763 729 aries
776 690 864 743 jam
885 704 1010 730 suave
1030 687 1200 729 rubenti

235 741 416 793 Murice,
441 744 530 798 jam
550 759 700 787 croceo
719 746 899 787 mutabit
918 745 1072 788 vellera
1091 743 1178 785 luto
1194 760 1204 793 3

234 799 396 853 Sponte
413 815 489 843 sua
509 802 671 856 sandyx
691 809 912 856 pascentes
933 803 1081 844 vestiet
1101 815 1246 854 agnos.

233 855 358 898 Talia
379 857 515 907 saecla,
547 860 632 898 suis
652 859 865 909 dixerunt,
896 860 1064 907 currite,
1096 857 1198 898 fusis

233 913 477 956 Concordes
499 914 638 956 stabili
654 915 835 958 fatorum
852 917 1019 957 numine
1042 915 1204 957 Parcae.

230 968 483 1025 Aggrcdcre
502 987 526 1014 o
547 986 734 1026 magnos,
765 974 901 1014 aderit
912 974 1000 1028 jam
1021 980 1200 1026 tempus,
1230 969 1426 1019 honores,

232 1026 344 1067 Cara
363 1028 490 1070 deum
507 1029 685 1079 soboles,
717 1044 915 1085 magnum
931 1030 959 1071 J
963 1030 1050 1071 ovis
1070 1028 1395 1070 incrementum!

229 1082 389 1139 Aspice
410 1100 598 1132 convexo
614 1094 831 1132 nutentem
851 1087 1039 1144 pondere
1060 1085 1262 1129 mundum

227 1200 400 1230 adumbrata
414 1212 450 1230 ex
458 1201 617 1232 Hcsiodeis
633 1213 662 1231 v.
673 1203 740 1232 161.
756 1213 822 1242 sqq.

266 1240 304 1268 37
326 1240 536 1270 Constantinus
557 1242 606 1270 37.
630 1245 705 1270 Ἀλλ’
722 1245 760 1270 br*
783 1246 815 1271 ἂν
829 1245 937 1278 ''wopens-

227 1281 282 1311 ὥρη
307 1283 350 1306 καὶ
378 1283 477 1313 suffuror
500 1283 601 1311 ἵκηται.
643 1281 721 1309 Cum
742 1281 821 1310 Virili
850 1287 937 1311 {etate

226 1317 391 1353 perfectum
415 1319 451 1346 ab
473 1319 550 1347 omni
572 1322 655 1356 parte
670 1319 812 1348 saeculum
833 1321 935 1349 Satur-

226 1355 316 1389 nium,
341 1366 428 1384 aurea
451 1360 523 1385 artas
546 1358 774 1387 succedet—38
797 1359 936 1388 Omnium

224 1402 323 1422 rerum
347 1395 455 1432 ubique
468 1404 522 1438 per
540 1399 685 1425 terrarum
703 1397 804 1426 orbem
822 1408 936 1428 summa

224 1432 283 1460 erit
296 1433 390 1470 copia,
406 1436 582 1471 onmzsferet
596 1445 691 1463 omma
702 1435 796 1471 tellus,
809 1442 841 1465 ut
854 1437 933 1465 navi-

224 1470 340 1507 gatione
354 1472 429 1500 bona
445 1477 565 1501 externa
576 1477 676 1511 petere
687 1484 805 1503 necesse
819 1485 873 1503 non
886 1476 935 1505 sit.

224 1506 273 1536 lta
291 1514 374 1538 ornat
387 1512 476 1548 poeta
489 1511 562 1540 illud
576 1513 655 1549 quod
668 1512 841 1551 simpliciter
853 1519 915 1543 erat
926 1526 932 1543 ε

223 1547 344 1576 tolletur
359 1549 515 1592 navigatio.
552 1550 601 1578 Ita
613 1554 643 1578 et
654 1551 743 1579 vitam
758 1561 796 1589 po
809 1552 860 1580 mli
872 1553 933 1589 jus-

222 1585 317 1614 titiam
333 1587 454 1616 colentis
469 1587 605 1617 exhibuit
624 1589 777 1618 Hesiodus
819 1600 852 1633 p.
865 1592 933 1626 2:36,

221 1625 330 1654 237.——
342 1625 387 1655 H.
402 1625 508 1654 Verbis
520 1631 546 1654 et
561 1626 630 1664 ipse,
647 1627 734 1657 etiam
749 1637 844 1656 omnia
859 1629 934 1658 mala

221 1663 322 1692 a=tatis
337 1665 542 1701 praecedentis
552 1666 872 1704 abt'ore‚significatur.
886 1668 933 1697 W.

261 1703 300 1731 40
322 1703 414 1732 Nulla
428 1714 517 1742 opera
533 1703 675 1742 indigebit
689 1715 767 1743 ager.
789 1706 827 1734 cf.
849 1707 934 1736 Arat.

220 1740 326 1770 Phaen.
354 1743 420 1770 110.
448 1743 514 1770 111.
535 1742 634 1771 Genus
657 1752 757 1780 operae
776 1743 805 1771 in
829 1743 933 1773 vitium

217 1789 290 1808 cura
311 1784 358 1808 est
381 1780 552 1817 amputatio.
572 1790 602 1808 v.
623 1781 660 1809 ad
683 1781 710 1813 Ι,
732 1781 789 1809 57;
812 1781 859 1813 ΙΙ,
885 1783 934 1811 70.

220 1817 369 1856 Respexit
392 1822 490 1846 autem
515 1821 614 1846 noster
637 1818 788 1847 Catullum
812 1819 932 1855 LXIV,

217 1856 267 1883 39.
299 1867 313 1884 s
336 1867 376 1894 q.,
408 1856 452 1885 uti
482 1860 614 1884 nostrum
646 1857 772 1886 Ovidius
801 1857 876 1887 Met.
904 1859 932 1893 1,

218 1895 286 1923 101.
302 1867 422 1923 IJ—wss
440 1895 533 1923 tauris
543 1894 642 1923 solvet.
661 1896 708 1924 De
717 1896 933 1926 coustmetione

218 1932 285 1962 vide
318 1933 391 1962 Not.
417 1934 452 1962 ad
479 1933 589 1962 Tibull.
616 1933 664 1968 II,
693 1935 720 1967 1,
746 1935 776 1963 7.
806 1934 932 1965 {vl—42

218 1971 306 2000 discet
321 1972 445 2006 mentiri,
469 1982 537 2000 cum
552 1972 644 2001 alieno
660 1972 757 2002 colore
776 1973 930 2012 tinguitur,

216 2009 352 2047 sucatum
374 2011 453 2048 quod
473 2014 540 2040 tunc
559 2020 678 2041 necesse
698 2020 753 2040 non
773 2011 838 2047 erit,
862 2022 929 2042 cum

216 2048 333 2077 nativus
358 2049 432 2077 lana}
460 2049 541 2078 color
574 2050 661 2078 modo
694 2049 804 2085 luteus,
842 2052 928 2080 modo

217 2096 321 2116 roseus
345 2087 463 2116 futurus
491 2088 666 2126 est—Ipse,
694 2088 760 2116 vide
787 2100 816 2117 v.
840 2091 929 2117 21.»-

216 2126 253 2154 eu
276 2125 396 2154 mutabit
408 2125 512 2154 vellera
527 2126 596 2162 luto,
618 2127 796 2164 permutabit
813 2132 926 2156 natura-

214 2164 272 2192 lem
288 2164 405 2193 velleris
420 2165 547 2194 colorem
567 2164 648 2194 luteo
666 2165 774 2200 colore,
795 2170 827 2194 ut
844 2171 925 2195 natu-

213 2202 284 2230 ralis
305 2202 378 2232 lanae
398 2204 480 2231 color
497 2214 538 2246 pu
578 2214 666 2233 ureus
689 2208 717 2232 et
741 2214 849 2234 aureus
865 2206 926 2241 jam

211 2240 261 2269 sit.
284 2241 352 2278 (Ita
370 2242 449 2279 apud
468 2242 555 2270 Tibul
570 2262 577 2270 .
600 2242 627 2277 l,
648 2243 678 2276 ὅ,
699 2243 748 2271 43.
768 2254 846 2271 coma
866 2254 924 2271 ηιιι-

212 2283 293 2307 talur
310 2289 369 2323 pro
390 2279 471 2308 color
493 2290 585 2309 comae
607 2284 749 2310 mutatur.
788 2283 836 2310 Ad
858 2291 924 2310 con-

211 2321 403 2347 structionem
417 2318 487 2347 facit
500 2319 571 2347 Tae.
593 2319 667 2348 Ann.
689 2319 735 2354 ΙΙ,
758 2320 787 2348 6.
808 2320 927 2349 Rhenus

211 2356 244 2385 id
252 2355 417 2385 vocabulum
432 2361 523 2385 mutat
538 2357 625 2385 Mosa
635 2358 763 2394 flumine.
778 2357 844 2397 W.)
864 2359 926 2388 Pro

211 2394 360 2424 coloribus
381 2396 518 2424 materias
537 2395 668 2425 colorum
687 2401 839 2426 memorat.
877 2397 925 2427 Sic

212 2433 322 2462 Horat.
344 2433 403 2462 Od.
426 2434 492 2469 III,
517 2435 564 2469 10,
588 2435 634 2463 14.
655 2435 760 2462 tinctas
770 2435 844 2463 viola
861 2436 925 2473 μαί-

210 2473 254 2500 lor
279 2472 438 2500 [immitium
466 2472 596 2501 violaceo
619 2473 727 2507 colore,
750 2474 925 2512 sulipallido.

211 2511 261 2539 Ita
290 2510 395 2539 luteum
424 2520 476 2539 sen
510 2510 610 2546 lutum,
643 2522 676 2540 ac
702 2511 787 2546 lutea,
826 2514 923 2542 herbae

212 2559 315 2585 genus,
336 2560 395 2588 qua
409 2549 499 2578 tincta
509 2550 574 2579 lana
584 2550 659 2579 flavo
670 2554 700 2578 et
712 2561 815 2579 croceo
827 2552 924 2581 colore

210 2587 348 2616 inlicitur.
390 2588 488 2616 Notus
514 2590 578 2625 ejus
608 2599 680 2617 usus
703 2589 789 2618 etiam
816 2590 926 2619 nostris

212 2625 385 2654 tim-,toribus
407 2627 462 2654 sub
481 2627 595 2655 nomine
619 2626 741 2656 Waude.
762 2628 805 2656 H.
832 2628 922 2657 Wild

211 2665 325 2698 'WVomL
348 2664 457 2702 Dyer's
473 2665 564 2693 weed.
585 2664 620 2693 S.
641 2664 800 2704 Sundycem
816 2676 832 2694 a
854 2666 921 2694 Yir-

210 2703 280 2739 gilio
301 2713 354 2740 pro
375 2703 473 2731 herba·
498 2703 641 2732 tim-,toriae
668 2714 770 2738 genere
793 2704 921 2734 habitam

209 2751 286 2775 esse,
327 2745 394 2780 post
431 2741 559 2772 Plinium
597 2736 742 2779 XXXV,
781 2744 810 2778 6,
847 2745 920 2783 (23)

1632 1084 1690 1126 50

977 1204 1101 1234 credunt
1113 1204 1305 1247 interpretes:
1329 1201 1365 1231 de
1377 1205 1481 1229 natura
1495 1203 1590 1229 tamen
1608 1201 1688 1230 colo-

977 1243 1018 1271 ris
1040 1243 1110 1272 nihil
1132 1243 1224 1278 dix1t3
1253 1240 1361 1270 coloris
1386 1245 1497 1269 tantuin
1527 1250 1618 1277 genus
1645 1240 1688 1268 in-

976 1281 1073 1311 dicare
1097 1281 1201 1315 voluit,
1231 1289 1290 1319 quo
1312 1279 1406 1308 vellus
1428 1278 1487 1307 ovil
1506 1278 1567 1306 lum
1591 1278 1687 1316 splen-

976 1320 1070 1356 deret,
1087 1324 1116 1350 et
1128 1324 1228 1349 ornate
1247 1318 1325 1347 dixit
1338 1318 1417 1356 quod
1436 1320 1517 1346 erat:
1540 1316 1688 1347 habebunt

976 1359 1042 1397 agni
1076 1359 1172 1388 vellus
1204 1358 1338 1391 rubrum,
1372 1356 1484 1384 nemine
1515 1355 1558 1383 tin
1592 1360 1688 1395 gente.

974 1392 1094 1442 Sandys
1125 1407 1180 1436 pro
1209 1396 1306 1427 colore
1335 1394 1482 1433 sandycis.
1525 1394 1583 1438 Est
1617 1405 1688 1425 vero

974 1436 1081 1465 coloris
1107 1446 1158 1465 scu
1180 1434 1321 1474 pigmenti
1345 1443 1435 1472 genus
1463 1433 1619 1467 factitium,
1645 1444 1684 1463 ex

974 1474 1150 1504 sandaracha
1180 1479 1258 1503 tosta
1282 1478 1312 1502 et
1338 1472 1456 1501 rubrica
1487 1482 1572 1509 aequa
1602 1477 1687 1510 parte

974 1513 1115 1548 admixta,
1129 1514 1189 1542 vid.
1203 1513 1279 1542 Plin.
1294 1512 1315 1541 l.
1337 1513 1375 1545 l.,
1398 1520 1455 1548 quo
1475 1511 1584 1538 rubeus
1605 1511 1687 1541 color

973 1552 1109 1581 eflicitur.
1122 1550 1306 1580 Constantini
1318 1549 1470 1587 Interpres
1482 1549 1501 1577 1.
1515 1549 1541 1577 1.
1552 1550 1601 1578 45.
1612 1560 1687 1587 pur-

968 1600 1088 1627 pureum
1097 1590 1256 1628 Samlycem
1266 1588 1393 1627 appellat
1406 1599 1411 1616 ;
1426 1590 1533 1616 tansum
1546 1592 1686 1624 πορφυρὲα

974 1632 1078 1663 λάχνην
1094 1632 1248 1664 ρνπόεσσαν
1265 1631 1396 1663 ἀμείβων.
1411 1626 1454 1655 H.
1487 1626 1683 1656 sandaracha:

974 1677 1064 1703 genus
1087 1667 1194 1696 coloris
1218 1667 1301 1696 rubri
1324 1669 1381 1700 est,
1409 1664 1536 1704 duplicis
1558 1666 1683 1703 generis,

972 1704 1083 1735 fossilis
1103 1711 1133 1736 et
1151 1706 1270 1736 factitii.
1309 1704 1436 1733 Fossilis
1459 1703 1488 1732 in
1510 1704 1632 1733 aurariis
1656 1709 1686 1733 et

973 1745 1144 1782 argentariis
1156 1744 1282 1775 metallis
1293 1743 1448 1773 invenitur.
1464 1741 1607 1781 (Anglice
1624 1742 1688 1772 Red

973 1784 1122 1816 arsenict)
1144 1783 1273 1812 Factitia
1287 1792 1325 1810 ex
1338 1791 1460 1811 cerussa
1476 1781 1508 1810 lit
1522 1781 1550 1809 in
1570 1781 1686 1811 fornace

973 1825 1067 1849 cocta.
1088 1821 1123 1849 S.
1152 1822 1201 1850 46.
1222 1821 1292 1850 Tale
1304 1820 1447 1848 saeculum
1461 1820 1520 1848 fato
1534 1820 1685 1850 decretum

973 1859 1078 1888 veniet.
1100 1859 1149 1887 Ex
1172 1859 1291 1888 Catullo
1315 1858 1433 1892 LXIV,
1456 1859 1524 1886 321.
1545 1860 1613 1887 328.
1634 1860 1685 1888 46.

971 1897 1020 1925 47.
1052 1897 1203 1926 Dixerunt
1228 1897 1332 1926 Parcae
1363 1896 1424 1924 suis
1453 1895 1540 1930 susis,
1570 1906 1587 1923 o
1615 1897 1685 1926 talia

972 1936 1091 1970 saecula,
1120 1935 1247 1972 currite3
1274 1936 1302 1964 h.
1319 1945 1345 1963 e.
1364 1944 1381 1963 ο
1400 1933 1459 1962 susi
1472 1934 1592 1968 currite,
1616 1935 1685 1964 talia

970 1974 1081 2004 saccula
1095 1973 1227 2012 (poetice
1239 1984 1294 2012 pro
1314 1973 1378 2010 tila)
1396 1973 1547 2002 ducentes.
1579 1972 1682 2003 Solent

969 2017 1066 2041 autem
1091 2013 1189 2051 pocta:
1215 2013 1301 2041 inodo
1332 2012 1361 2040 in
1392 2010 1502 2048 nuptiis
1534 2012 1621 2040 modo
1652 2012 1682 2041 in

968 2051 1112 2080 natalibus
1121 2051 1230 2080 Parcas
1242 2051 1378 2080 adhibere
1387 2050 1445 2079 fata
1452 2053 1597 2078 canentes.
1606 2050 1680 2079 8.-

966 2091 1003 2117 ι17
1020 2090 1182 2119 Concordes
1192 2089 1289 2118 stabili
1292 2091 1424 2127 fidorum
1435 2088 1548 2116 numine
1565 2089 1683 2119 Parem.

959 2130 1029 2165 fala
1048 2134 1115 2157 sunt
1133 2128 1259 2162 stabilia,
1282 2127 1484 2162 innnutabilia,
1511 2127 1606 2165 iisque
1626 2139 1678 2156 ⁷111-

967 2177 1040 2202 men,
1065 2168 1093 2195 h.
1117 2167 1162 2196 vis
1182 2172 1212 2196 et
1233 2171 1366 2206 potestas
1387 2176 1471 2204 a’que
1493 2176 1527 2194 ac
1546 2166 1680 2196 voluntas

966 2205 1064 2234 divina
1078 2206 1227 2234 tribuitur.
1262 2205 1370 2234 Parca>
1383 2204 1533 2233 concordes
1538 2205 1625 2241 sutis,
1650 2206 1680 2235 11.

965 2243 993 2271 in
1019 2244 1085 2273 fatis
1110 2245 1256 2273 hominurn
1279 2254 1435 2282 rerumque
1457 2243 1626 2273 deliniendis
1650 2249 1680 2273 et

965 2283 1185 2317 constituendis,
1210 2292 1353 2312 consensu
1369 2287 1530 2312 statuentes
1547 2287 1681 2312 eventus,

1003 2322 1042 2350 »18
1066 2321 1173 2350 Dicere
1197 2322 1259 2350 haec
1275 2324 1415 2350 ἐνθουσιῶν
1435 2321 1471 2349 de
1491 2331 1594 2359 puero,
1616 2323 1678 2358 jam

965 2360 1001 2388 ad
1017 2359 1129 2388 virilem
1143 2360 1223 2388 illam
1239 2364 1355 2389 aetatem
1370 2360 1480 2394 adulto,
1505 2360 1675 2389 existiman-

965 2398 1020 2426 dus
1043 2402 1087 2427 est
1110 2400 1209 2436 poeta,
1231 2398 1416 2436 impatienter
1436 2398 1531 2427 ferens
1553 2407 1675 2433 moram,

965 2440 995 2464 et
1016 2437 1078 2474 jam
1106 2437 1199 2465 animo
1223 2438 1413 2475 praesentiens
1437 2436 1581 2474 prodigia,
1605 2447 1672 2473 qum

965 2484 1098 2513 magnam
1122 2485 1218 2503 rerum
1244 2475 1432 2504 mutationem
1451 2474 1674 2514 portendent.—

964 2514 1003 2541 -19
1036 2524 1072 2541 m.
1108 2513 1193 2542 Jovis
1226 2513 1437 2548 increnwntum,
1473 2513 1606 2542 alumnus
1643 2518 1673 2542 et

964 2551 1117 2585 nutricius,
1146 2552 1230 2590 quasi
1257 2553 1307 2591 qui
1331 2552 1455 2582 increvit
1477 2551 1562 2581 Jovis
1590 2560 1672 2586 cura,

963 2592 1070 2624 θμέμμιι
1090 2594 1163 2625 Διὸς,
1189 2594 1339 2628 ὁιωτρεφὴς,
1363 2595 1396 2620 ut
1416 2590 1493 2620 Jove
1509 2593 1605 2618 uatus.
1626 2589 1671 2619 II.

960 2628 1045 2657 Jovis
1066 2629 1266 2657 ino-mnemon
1282 2630 1309 2657 h.
1331 2640 1356 2658 e.
1375 2628 1422 2658 cui
1442 2627 1561 2666 Jupiter
1581 2627 1672 2662 favet,

961 2667 1083 2705 aspirat.
1120 2669 1167 2696 lla
1187 2669 1264 2707 apud
1280 2669 1319 2697 So
1330 2668 1371 2696 111.
1393 2666 1503 2696 Electr.
1531 2666 1585 2694 163
1606 2670 1672 2696 Διὸς·

960 2708 1074 2741 βήματι,
1094 2716 1206 2744 gressu,
1226 2717 1307 2745 quem
1345 2705 1437 2743 upiter
1452 2709 1557 2732 tuetur.
1584 2704 1630 2733 W.

1000 2745 1038 2773 60
1059 2745 1134 2775 Cum
1157 2745 1236 2776 varia
1257 2745 1295 2774 sit
1316 2745 1372 2773 loci
1391 2743 1602 2783 interpretatio,
1626 2748 1669 2773 tea
