1796 3077
596 270 866 310 AENEIDOS.

924 270 1024 324 Lm.
1055 269 1128 308 ix.

113 396 373 437 Strinxerat:
406 393 472 435 ille
492 408 659 435 manum
680 394 871 448 projecto
891 393 1074 448 tegmine
1091 392 1263 434 demens

111 453 183 494 Ad
200 453 348 494 vulnus
371 451 488 501 tulit3
520 466 623 507 ergo
644 450 718 493 alis
739 450 897 505 allapsa
919 451 1083 505 sagitta,

111 510 172 551 Et
191 509 295 551 laevo
316 509 442 549 affixa
462 517 526 550 est
546 509 666 550 lateri
687 523 846 557 manus,
866 508 1093 561 abditaque
1114 507 1225 548 intus

109 567 376 621 Spiramenta
396 567 544 607 animae
564 565 678 607 letali
699 564 869 606 vulnere
891 565 1063 618 rumpit.

108 623 261 664 Stabat
282 624 323 663 in
346 624 525 678 egregiis
546 622 746 664 Arcentis
766 621 876 662 filius
895 622 1040 670 armis;

107 679 254 721 Pictus
274 695 353 721 acu
373 679 652 734 chlamydem,
679 686 722 721 et
743 679 956 733 ferrugine
978 677 1115 719 clarus
1138 676 1318 725 Hibera,

108 736 290 792 Insignis
312 736 431 786 facie,
464 738 629 791 genitor
651 751 776 791 quem
796 736 966 776 miserat
988 734 1167 784 Arcens,

108 793 329 835 Eductum
349 793 503 835 Matris
524 794 632 842 luco,
655 792 887 847 Symaethia
907 793 1065 834 circum

106 850 300 892 Flumina
317 866 325 891 :
358 850 526 905 pinguis
546 850 620 890 ubi
640 857 682 890 et
702 849 918 897 placabilis
939 864 1012 889 ara
1032 848 1179 889 Palici.

105 908 364 948 Stridentem
384 906 570 955 fundam,
592 906 740 960 positis
762 905 1000 947 Mezentius
1021 905 1166 954 hastis,

106 963 206 1018 Ipse
227 972 290 1005 ter
309 964 495 1005 adducta
515 964 672 1004 circum
693 971 820 1017 caput
840 963 927 1016 egit
943 962 1110 1003 habena
1128 979 1138 1012 ;

105 1021 167 1062 Et
187 1021 325 1062 media
345 1021 512 1062 adversi
531 1019 759 1074 liquefacto
779 1027 971 1074 tempora
991 1019 1167 1074 plumbo

106 1077 290 1126 Diffidit,
313 1092 361 1118 ac
382 1077 513 1118 multa
533 1084 773 1131 porrectum
793 1076 985 1118 extendit
1005 1091 1147 1117 arena.

161 1134 276 1175 Tum
296 1135 477 1189 primum
499 1133 608 1175 bello
629 1133 807 1174 celerem
831 1133 1061 1174 intendisse
1082 1133 1277 1188 sagittam
1481 1131 1564 1172 590

105 1191 289 1240 Dicitur,
307 1199 403 1232 ante
424 1190 535 1232 feras
557 1189 703 1231 solitus
724 1197 883 1231 terrere
904 1189 1094 1243 fugaces,

107 1247 334 1297 Ascanius,
356 1247 593 1301 fortemque
614 1261 740 1288 manu
755 1246 914 1288 fudisse
934 1246 1180 1288 Numanum
1198 1263 1208 1296 3

103 1359 245 1393 turribus,
270 1369 325 1397 pro
340 1359 474 1398 vulgari:
497 1361 627 1388 stantem
652 1359 682 1387 in
703 1368 818 1388 summa

103 1398 292 1427 turri.—577
313 1398 431 1435 abjecto
447 1397 570 1435 tegmine
591 1401 676 1426 scuto
697 1407 816 1426 manum

104 1437 283 1466 admoverat
297 1435 383 1465 lateri
399 1435 568 1469 vulneram,
584 1445 678 1473 eaque
690 1446 722 1465 re
735 1436 815 1465 latus

103 1475 250 1511 nudavit3
278 1475 380 1512 itaque
393 1475 614 1504 flaviana-578
627 1474 683 1502 alis
703 1474 815 1512 allapsa

101 1514 221 1552 sayitla,
242 1518 357 1548 ornate,
379 1523 433 1552 pro
455 1513 726 1552 simpliciallapsa3
747 1513 816 1551 quia

103 1552 194 1582 toties
219 1556 376 1586 πτερόεντες·
400 1555 489 1580 ὀϊστοὶ
524 1552 603 1590 apud
636 1552 815 1586 Homerum,

105 1592 178 1621 item
192 1591 282 1625 (blata,
297 1591 357 1620 ales
368 1591 489 1629 sagitta,
499 1590 622 1629 proprie
636 1595 813 1620 occurrunt:

103 1634 207 1659 noster
225 1629 391 1668 improprie
404 1629 537 1659 velocem
557 1632 671 1658 motum
686 1633 716 1658 et
732 1629 814 1658 vola-

104 1673 169 1698 tum
182 1668 238 1697 teli
249 1679 305 1706 per
319 1669 382 1697 alas
395 1669 560 1708 expressit,
574 1672 608 1697 ut
624 1678 692 1706 sup.
705 1667 760 1697 lib.
774 1668 814 1703 V,

103 1709 164 1737 319
185 1706 321 1746 fulminis
346 1707 412 1736 aloe.
463 1708 500 1736 Iu
520 1707 695 1736 vulneribus
717 1710 814 1737 autem

101 1747 277 1785 ingeniosus
310 1750 359 1775 est
384 1746 476 1783 poe'ta
504 1746 631 1775 Homeri
663 1746 813 1785 exemplo.

103 1785 330 1823 Comparantjh.
344 1785 366 1814 l.
382 1785 486 1823 Intpp.
501 1785 540 1814 Il.
555 1799 578 1819 ν,
600 1785 657 1814 593
673 1786 817 1823 sq.-580

102 1824 133 1853 h.
153 1824 237 1862 rupit
257 1823 380 1852 vulnere
401 1825 481 1853 facto
502 1833 567 1853 eam
588 1827 714 1862 partem,
740 1824 815 1853 illud

104 1864 221 1897 viscus,
239 1872 298 1900 quo
311 1862 468 1900 respiratio
482 1862 525 1891 fit.

144 1903 203 1931 582
222 1901 377 1939 ferruyine
399 1901 495 1930 clarus
517 1900 649 1930 Hibera.-
680 1911 816 1946 purpura

103 1940 224 1969 indutus
240 1940 388 1978 Hispana,
417 1950 485 1978 quae
507 1944 555 1970 est
574 1940 746 1978 ferruginei,
772 1941 817 1968 ni-

106 1979 249 2018 gricantis
277 1979 388 2008 coloris
413 1980 453 2008 cf.
476 1979 541 2013 XI,
569 1981 628 2008 772
650 1983 682 2007 et
706 1979 816 2008 Catull.

105 2019 155 2051 (Ἀ,
188 2019 246 2047 227
280 2021 342 2046 not.
380 2017 506 2052 Arrens,
527 2018 647 2047 Siculus
662 2021 719 2047 est.
760 2018 818 2046 Est

105 2062 206 2086 nutem
221 2056 250 2085 in
267 2056 403 2085 orientali
414 2057 529 2087 Siciliae
540 2060 626 2095 parte
640 2056 817 2095 Symoetlzus,

106 2095 148 2130 fl.,
160 2096 241 2124 circa
254 2105 343 2134 quem
357 2095 437 2124 lucus
445 2096 539 2125 fuisse
552 2106 568 2124 a
578 2095 667 2133 poeta
680 2099 818 2124 narratur

107 2143 145 2162 eo
171 2133 250 2168 loco,
279 2144 339 2172 quo
366 2134 538 2164 Palicorum
564 2133 708 2172 templum
740 2139 817 2163 erat.

104 2172 216 2200 Lucum
237 2173 339 2201 matris
355 2173 508 2211 appellat;
529 2173 658 2203 Matrem·
674 2173 817 2202 Rumam.

108 2210 262 2249 intelligit,
285 2212 439 2246 Cererem,
465 2215 617 2250 ut'saepe,
650 2214 743 2246 Μὴτηρ
772 2216 816 2240 καὶ

109 2254 194 2283 Κόρη.
234 2249 303 2278 Nisi
317 2250 403 2279 malis
422 2254 548 2280 matrem
566 2251 717 2284 Arcentis,
733 2262 817 2289 nym-

106 2288 195 2326 pham
216 2287 332 2316 nomine
356 2298 412 2317 non
439 2289 633 2327 appellatam,
657 2292 744 2328 eujus
766 2290 816 2319 ille

107 2327 195 2355 lucus
219 2330 295 2355 erat.
334 2327 432 2356 Fuere
447 2328 543 2357 Palici
560 2329 619 2357 duo
633 2328 740 2358 heroes
763 2339 816 2358 seu

107 2365 151 2395 dii
172 2365 333 2404 indigetes,
355 2375 479 2403 quorum
500 2370 597 2396 tamen
618 2371 668 2396 est
687 2368 818 2396 obscura

108 2414 234 2433 summae
261 2405 422 2433 vetustatis
448 2405 565 2445 religio.
603 2405 702 2436 Fuere
729 2416 818 2445 porro

107 2443 169 2472 duo
191 2446 324 2472 crateres
349 2452 403 2472 seu
426 2443 509 2472 lacus
530 2445 649 2483 gemelli
670 2445 818 2483 (ideoque

105 2482 215 2511 fratres
236 2481 329 2520 dicti)
344 2491 429 2520 aquae
452 2482 593 2512 sulfureae
606 2493 664 2511 non
679 2483 766 2523 longe
781 2485 818 2513 ab

109 2519 222 2559 Eryce,
248 2521 334 2554 urbe,
353 2521 391 2549 ad
406 2530 481 2559 quos
495 2521 820 2560 sollenniajurajuran-

108 2558 150 2587 da
170 2559 233 2588 fieri
251 2559 409 2596 solebant3
430 2559 549 2588 habitus
569 2560 606 2589 iis
627 2561 720 2590 honos
742 2562 820 2590 divi-

110 2606 177 2631 nus,
192 2602 224 2626 et
237 2597 286 2634 iis,
304 2601 339 2627 ut
349 2598 419 2632 diis,
435 2598 537 2627 fanum
549 2608 616 2628 cum
632 2600 724 2628 sacris
738 2601 818 2629 haud

107 2635 196 2674 longe
222 2636 259 2664 ab
282 2638 356 2665 urbe
378 2637 480 2667 Pauca
500 2641 689 2667 exstructum
704 2642 761 2673 est,
785 2643 819 2668 ut

112 2675 229 2703 solebat
241 2674 401 2713 antiquitas
412 2677 503 2706 rebus
516 2675 701 2705 naturalibus
713 2687 821 2707 numen

111 2712 210 2742 inesse
230 2713 364 2750 credere,
385 2715 434 2744 cui
453 2715 506 2745 illa
519 2715 570 2744 dei
588 2714 635 2744 vel
650 2714 750 2744 herois
771 2727 821 2745 no-

111 2761 179 2781 men
202 2756 231 2781 et
248 2761 405 2791 personam
421 2754 625 2792 impertiebat.
664 2754 754 2790 Quod
770 2765 822 2785 au-

858 1362 917 1387 tem
945 1358 1043 1388 fanum
1072 1359 1129 1388 hoc
1154 1357 1234 1387 circa
1259 1357 1447 1396 Symaethum
1468 1357 1565 1388 fuisse

857 1397 978 1430 dicitur,
994 1408 1050 1426 non
1064 1396 1260 1436 geographice
1276 1396 1494 1434 accipiendum,
1512 1397 1566 1426 sed

855 1437 947 1472 poeta
968 1436 1101 1464 locorum
1128 1436 1219 1464 situm
1232 1434 1323 1464 latius
1338 1439 1401 1463 eta
1421 1435 1567 1464 nobiliore

854 1473 974 1503 flumine
990 1474 1138 1513 designat.
1184 1473 1328 1511 Alioquin
1339 1473 1427 1502 etiam
1441 1474 1566 1511 propior

856 1512 965 1542 fluvius
992 1513 1112 1552 Eryces
1139 1516 1215 1545 erat.
1249 1522 1326 1540 nunc
1351 1511 1453 1541 Fiume.
1473 1512 1504 1540 (ἰί
1530 1513 1565 1542 S.

855 1552 974 1586 Paullo,
1009 1556 1041 1580 ut
1054 1552 1168 1580 larena
1186 1551 1358 1589 Symaetlius
1379 1555 1446 1579 est:
1483 1553 1565 1589 quod

855 1590 930 1619 bene
950 1591 1055 1620 docuit
1068 1590 1243 1620 Cluverius.
1290 1589 1380 1625 Quod
1396 1599 1487 1618 unum
1501 1594 1565 1618 tau-

854 1629 922 1658 dem
937 1629 1076 1659 Palicum
1091 1632 1234 1658 memorat
1247 1629 1349 1666 poeta,
1364 1628 1402 1656 ad
1416 1628 1566 1666 poeticam

853 1668 999 1697 rationem
1013 1668 1213 1702 referendum,
1227 1677 1285 1706 qua
1299 1666 1385 1696 licuit
1397 1676 1435 1695 ex
1445 1668 1563 1696 duobus

853 1716 943 1735 unum
969 1707 1137 1743 nominare3
1165 1706 1224 1735 nisi
1244 1706 1321 1735 forte
1341 1706 1476 1735 Maronis
1500 1708 1565 1744 jam

853 1749 954 1781 aetate,
969 1750 1002 1775 ut
1016 1756 1104 1780 nunc,
1125 1755 1202 1774 unus
1220 1748 1335 1774 tantum
1351 1745 1434 1773 lacus
1456 1755 1565 1783 super-

854 1783 923 1820 suit,
943 1784 1044 1814 dictus
1068 1785 1177 1814 Donna
1194 1783 1275 1812 Tetia
1298 1793 1322 1813 s.
1346 1783 1465 1821 Nostia,
1485 1784 1564 1813 haud

855 1824 959 1861 procul
981 1825 1019 1852 ab
1044 1824 1118 1852 urbe
1142 1822 1322 1860 Pelagonia:
1352 1823 1443 1851 durat
1468 1823 1566 1852 adhuc

856 1861 962 1892 similis
989 1861 1177 1900 superstitio,
1205 1861 1330 1890 muliere
1356 1861 1480 1890 fatidica
1504 1861 1566 1891 illic

855 1901 961 1930 sedem
988 1902 1126 1930 habente.
1166 1901 1202 1929 In
1228 1900 1326 1929 medio
1350 1904 1466 1929 cratere
1490 1910 1567 1939 aqua

857 1940 964 1969 ebullit
979 1940 1106 1969 sulfurei
1119 1939 1230 1969 odoris.
1247 1938 1399 1978 placabilis
1409 1949 1474 1973 ara,
1494 1939 1566 1977 quia

856 1979 897 2007 dii
914 1979 1025 2018 placari
1057 1983 1186 2017 possunt
1214 1982 1246 2008 et
1285 1978 1381 2007 solent
1412 1978 1562 2007 victimis:

854 2023 981 2056 propter
1006 2028 1081 2056 quas
1106 2019 1211 2047 eadem
1236 2026 1288 2046 ara
1305 2016 1433 2055 pinquis.
1486 2017 1566 2046 Haec

856 2056 933 2085 ratio
967 2057 1202 2094 simplicissima.
1215 2074 1253 2078 ,-
1267 2057 1325 2085 588
1356 2055 1512 2094 liquefacto
1526 2073 1564 2078 --

850 2094 979 2133 plumbo.
1020 2096 1099 2124 Haec
1124 2095 1198 2124 sides
1217 2099 1247 2123 et
1261 2094 1363 2132 opinio
1379 2094 1568 2132 antiquitatis

854 2134 923 2168 fuit,
948 2144 1036 2172 quam
1062 2134 1197 2172 sequitur
1220 2134 1320 2171 poeta.
1371 2132 1423 2161 Sic
1443 2133 1567 2162 Lucret-

856 2173 915 2207 Vl,
940 2175 1007 2202 177.
1024 2172 1155 2211 plumbea
1178 2181 1246 2200 vero
1267 2171 1361 2200 Glans
1381 2171 1466 2199 etiam
1481 2171 1566 2210 lonyo

856 2222 943 2241 cursu
960 2212 1096 2241 volvenda
1114 2210 1256 2249 liquescit.
1298 2210 1373 2239 Erat
1384 2214 1485 2238 autem
1498 2211 1565 2239 fun-

857 2251 897 2279 da
918 2251 1042 2280 missum
1068 2250 1223 2289 plumbum
1248 2249 1336 2278 oiivae
1355 2249 1419 2278 fere
1444 2248 1564 2278 simile:

855 2290 943 2327 cujus
957 2300 1065 2328 magna
1086 2289 1184 2318 adbuc
1206 2288 1293 2326 copia
1316 2287 1344 2316 in
1358 2298 1496 2332 agrorum
1511 2298 1566 2326 per

856 2329 973 2357 Italiam
989 2327 1148 2367 superficie
1168 2331 1250 2356 mota
1260 2327 1385 2364 reperiri
1399 2326 1565 2356 solet.—-In

856 2369 914 2396 589
927 2369 1028 2406 poe'ta,
1050 2377 1118 2396 cum
1133 2367 1162 2395 in
1179 2366 1399 2404 oppugnatione
1413 2375 1566 2395 murorum

858 2410 1008 2441 versetur,
1022 2416 1138 2435 arenam
1154 2415 1208 2443 pro
1220 2405 1284 2433 solo
1298 2405 1411 2442 posuit.

896 2447 954 2474 590
974 2446 1073 2475 Multa
1087 2445 1117 2473 h.
1131 2444 1151 2472 1.
1174 2443 1336 2473 moliuntur
1352 2444 1409 2473 viri
1422 2442 1516 2477 docti,
1532 2446 1567 2472 ut

858 2484 1066 2514 difficultatem
1088 2483 1213 2517 diluant,
1234 2482 1315 2520 quod
1333 2483 1381 2512 hic
1399 2483 1462 2521 jam
1483 2492 1567 2512 arma

859 2527 979 2557 tractet,
1001 2523 1051 2562 qui
1073 2522 1103 2551 in
1125 2521 1179 2551 lib.
1195 2522 1222 2556 I,
1243 2522 1312 2550 717.
1332 2531 1410 2560 puer
1428 2521 1495 2555 fuit,
1516 2521 1567 2550 cui

859 2561 1053 2591 assimulatus
1078 2561 1173 2590 Amor
1198 2560 1328 2589 Didonis
1355 2559 1468 2599 gremio
1495 2559 1568 2588 insi-

857 2600 930 2629 dere
948 2604 1066 2639 posset.
1105 2598 1231 2628 Scilicet
1249 2609 1304 2628 nec
1326 2599 1403 2629 illud
1424 2602 1506 2628 recte
1521 2603 1566 2627 te-

858 2644 940 2672 nent,
960 2638 1032 2677 quid
1056 2647 1092 2666 eo
1114 2638 1182 2667 loco
1199 2639 1239 2668 sit
1250 2638 1358 2677 gremio
1371 2638 1506 2670 insidere,
1528 2637 1567 2665 ad

861 2681 995 2707 veterem
1010 2687 1134 2711 morem,
1158 2687 1212 2706 nec
1233 2677 1378 2716 cogitant,
1394 2678 1535 2707 Amorem
1550 2685 1567 2703 a

860 2716 1012 2745 veteribus
1037 2726 1162 2754 puerum
1190 2716 1253 2746 sere
1279 2717 1424 2754 puberem
1444 2713 1568 2743 haberi:

861 2755 942 2794 quod
952 2765 990 2786 ex
1000 2755 1100 2794 poetis
1111 2758 1143 2785 et
1152 2755 1243 2793 signis
1258 2756 1333 2785 satis
1345 2757 1471 2784 constat.
1489 2754 1567 2782 Tum

1270 2797 1342 2836 32
