1796 3077
523 263 794 303 AENEIDOS.

850 263 950 302 LIB.
980 263 1053 302 IX.
1457 271 1551 317 517

106 388 309 430 Excutiat
329 385 522 428 Teucros
542 386 667 436 vallo,
690 392 816 441 atque
836 385 1028 427 effundat
1046 384 1089 426 in
1108 399 1266 439 aequor.

106 445 305 494 Classem,
322 459 416 499 quae
432 443 552 484 lateri
571 452 803 486 castrorum
823 443 1022 497 adjuncta
1039 441 1211 493 latebat,

105 501 350 557 Aggeribus
372 508 545 555 saeptam
565 501 721 542 circum
741 508 783 541 et
802 499 1039 541 fluvialibus
1055 499 1195 550 undis,

106 558 288 608 Invadit,
311 558 529 612 sociosque
550 557 742 599 incendia
760 557 897 611 poscit
917 564 1089 597 ovantes
1107 572 1117 605 3

107 615 250 670 Atque
271 630 438 656 manum
458 615 560 669 pinu
578 614 774 670 flagranti
794 613 980 655 fervidus
1000 611 1160 667 implet.

107 671 222 713 Tum
243 687 342 714 vero
362 672 634 722 incumbunt3
666 678 791 726 urget
809 669 1035 726 praesentia
1055 668 1216 720 Turni3

105 728 252 783 Atque
272 726 403 770 omnis
423 728 586 769 facibus
605 729 741 783 pubes
762 727 995 782 accingitur
1014 727 1128 768 atris.

106 785 334 840 Diripuere
356 785 471 827 focos
489 801 498 834 3
530 786 698 840 piceum
717 784 798 826 fert
819 783 977 825 fumida
995 782 1137 824 lumen

106 842 257 891 Taeda‚
279 850 323 884 et
342 842 607 884 commixtam
622 840 841 883 Vulcanus
861 841 917 881 ad
936 847 1049 881 astra
1068 838 1262 881 favillam.

162 899 270 946 Quis
290 899 408 947 deus,
429 912 454 938 0
475 894 628 947 Musae,
649 904 735 939 tam
755 912 865 939 saeva
883 897 1076 938 incendia
1097 896 1278 938 Teucris

105 954 303 997 Avertit?
333 962 472 995 tantos
492 955 653 996 ratibus
672 955 764 1008 quis
785 953 948 1009 depulit
966 955 1084 1008 ignes
1100 955 1117 995 ’ἐ

105 1012 261 1053 Dicite.

324 1011 470 1052 Prisca
489 1012 598 1053 fides
618 1012 746 1060 facto,
767 1012 842 1052 sed
863 1011 973 1052 fama
993 1011 1203 1065 perennis.

105 1068 319 1123 Tempore
338 1083 422 1122 quo
442 1069 623 1122 primum
641 1068 831 1122 Phrygia
849 1067 1059 1109 formabat
1074 1069 1117 1108 in
1136 1068 1215 1108 Ida

1498 1068 1554 1109 80

105 1125 268 1166 AEneas
289 1124 476 1174 classem,
495 1133 538 1167 et
558 1125 698 1180 pelagi
711 1133 857 1179 petere
878 1124 962 1165 alta
982 1126 1160 1178 parabat
1177 1141 1187 1174 ;

105 1181 204 1236 Ipsa
225 1183 350 1223 deum
371 1181 504 1222 fertur
523 1183 716 1236 genetrix
737 1181 990 1235 Berecyntia
1008 1195 1207 1235 magnum

104 1237 295 1279 Vocibus
316 1238 381 1278 his
403 1237 531 1280 affata
550 1238 724 1280 Jovem:
758 1237 843 1288 Da,
865 1245 976 1287 nate,
997 1238 1172 1292 petenti,

102 1374 226 1403 modum
259 1374 447 1413 suppeditet,
481 1383 532 1404 eos
565 1374 812 1404 eliciendi.-68

105 1423 206 1451 aequor
220 1423 404 1451 camporum.

144 1453 183 1480 70
204 1452 386 1489 Comparant
411 1451 585 1490 exemplum
609 1450 755 1480 Hectoris
782 1455 811 1479 et

105 1490 199 1518 verba
212 1489 300 1519 Iliad.
315 1503 340 1524 o,
355 1491 414 1518 716
436 1491 579 1528 sqq.—73
594 1489 756 1519 incumbunt
771 1490 811 1518 cf.

106 1528 165 1562 IV,
187 1529 245 1557 397
266 1533 297 1557 et
310 1529 450 1558 non—74
461 1528 552 1567 pubes·
566 1528 727 1566 (tcciuqilur
739 1528 812 1556 saci-

107 1567 178 1601 bus,
202 1571 343 1601 armatur,
370 1567 542 1602 instruitur,
565 1571 600 1596 ut
623 1567 715 1596 altero
741 1567 810 1596 loco

106 1610 190 1635 recte
214 1606 302 1634 Serv.
330 1606 419 1635 simili
443 1616 526 1635 more
550 1606 676 1644 succinyi
698 1606 813 1635 dictum

107 1643 160 1672 lib.
176 1645 253 1679 VII,
265 1645 322 1673 187
335 1645 406 1673 lituo
422 1645 576 1684 trabeaque
587 1644 812 1673 succinctam.—

106 1683 145 1711 75
152 1684 330 1721 focos,quos
340 1694 357 1712 a
367 1684 490 1712 Rutulis
505 1684 659 1721 extemplo
673 1688 812 1712 exstruc-

108 1724 156 1750 tos
179 1722 274 1750 fuisse
299 1722 487 1760 cogitandum
509 1726 574 1759 est3
594 1723 721 1760 ideoque
735 1732 812 1751 nunc

109 1759 230 1797 stipites
245 1770 298 1789 seu
312 1761 406 1790 taedas
421 1762 557 1790 ardentes
571 1761 600 1789 in
620 1761 698 1789 foco.
737 1761 813 1790 Hae-

107 1803 173 1827 rent
187 1798 283 1837 intpp.
299 1809 367 1828 cum
389 1800 505 1828 Servio.
527 1800 715 1828 Burmannus
729 1799 814 1828 focos

108 1837 276 1904 ἓξςτεςῖίηω
295 1837 326 1866 in
349 1838 424 1867 vicis
444 1838 666 1867 circumvicinis
687 1838 814 1867 advoca-

131 1880 171 1904 at.

147 1915 283 1943 77—122
292 1914 471 1954 NavesTroj
476 1924 608 1950 anorum,
617 1925 653 1944 ne
661 1914 724 1954 igni
733 1924 813 1943 com-

109 1953 254 1982 burantur
275 1963 293 1982 a
309 1953 422 1990 Turno,
436 1958 588 1983 mutantur
600 1954 631 1983 in
642 1953 814 1992 Nymphas.

109 1991 268 2027 Fabulam,
290 2002 358 2030 quae
380 1993 530 2031 sequitur,
542 1997 693 2031 tamquam
708 1994 813 2022 absur—

110 2030 179 2059 dam
192 2035 222 2060 et
235 2031 321 2069 epiea
335 2032 482 2069 gravitate
493 2031 642 2071 indignam
654 2031 813 2070 reprehen-

109 2069 183 2098 dere
210 2070 240 2098 in
268 2075 390 2107 promtu
415 2074 473 2100 est:
504 2074 535 2099 et
558 2071 814 2109 reprehenderunt

110 2117 174 2136 eam
186 2108 286 2142 multi,
299 2109 388 2138 etiam
402 2119 418 2138 e
433 2109 599 2145 veteribus,
614 2114 648 2138 nt
670 2120 685 2138 e
708 2109 814 2138 Servio

111 2147 150 2175 ad
162 2156 192 2175 v.
207 2147 245 2176 82
256 2150 340 2185 patet
352 2158 359 2175 ι
381 2148 623 2187 quandoquidem
633 2148 747 2177 minore
759 2148 815 2176 hoe

109 2185 248 2214 doctrina
261 2186 389 2224 indiget,
404 2197 493 2225 quam
506 2187 689 2225 argumentis
699 2187 815 2216 idoneis

113 2233 180 2253 eam
194 2224 363 2253 defendere.
401 2226 508 2264 Neque
531 2226 672 2264 equidem
691 2226 816 2259 infitior,

113 2273 131 2292 a
149 2262 260 2291 nostris
281 2263 419 2292 sensibus
434 2269 464 2293 et
476 2265 736 2302 phantasmatibus
751 2275 815 2294 eam

113 2301 238 2330 nimium
263 2305 406 2338 quantum
433 2303 604 2333 abhorrere.
650 2304 717 2333 Nec
741 2313 814 2333 vero

113 2340 202 2370 Maro
223 2340 280 2368 hoc
299 2349 358 2368 non
370 2341 558 2378 persensisse
579 2347 610 2372 et
628 2342 695 2380 ipse
719 2342 815 2371 videri

110 2379 214 2408 debet.
254 2378 324 2407 Hoc
348 2379 426 2408 euim
449 2384 525 2415 erat,
549 2391 603 2410 cur
625 2391 705 2410 novo
734 2391 815 2409 more

113 2417 230 2447 aditum
241 2416 300 2446 sibi
309 2416 347 2445 ad
356 2418 551 2448 narrationem
560 2419 704 2455 muniret3
719 2420 814 2458 Apol—

111 2456 186 2485 lonii
201 2456 305 2493 utique
319 2457 470 2494 exemplo,
485 2458 553 2487 Lib.
566 2459 624 2494 lv,
646 2460 722 2487 1381
738 2469 815 2497 sqq„

116 2495 169 2524 ubi
192 2504 297 2523 navem
323 2504 378 2532 per
404 2496 525 2524 deserta
550 2497 654 2535 Libyae
683 2498 816 2526 humeris

117 2534 288 2571 Minyarum
300 2538 446 2576 gestatam
458 2539 630 2564 narraturus
642 2541 715 2564 erat.
756 2537 817 2565 Po-

115 2572 175 2601 tuit
186 2578 288 2600 autem
301 2576 378 2600 inter
394 2578 514 2602 veteres
527 2573 591 2601 haec
604 2574 706 2603 fabula
718 2575 815 2603 minus

111 2610 291 2648 displicere,
315 2612 396 2648 quod
419 2622 454 2640 ea
472 2616 577 2641 vetere
595 2612 673 2641 fama
692 2618 816 2652 accepta

118 2653 216 2684 esset3
237 2653 268 2678 et
281 2649 368 2679 Maro
380 2661 445 2679 eam
459 2655 599 2687 repetere
616 2652 726 2688 potuit,
746 2662 814 2681 oum

114 2694 238 2718 veteres
261 2688 298 2717 de
332 2689 435 2719 AEneae
462 2691 591 2719 adventu
617 2689 734 2720 fabulas.
762 2701 818 2730 pro

852 1374 979 1413 gemmis
992 1377 1023 1403 et
1039 1374 1170 1403 stellulis
1193 1373 1326 1403 intexere
1341 1374 1410 1404 telae
1425 1384 1489 1405 suae
1510 1385 1560 1405 se-

849 1416 908 1442 mel
920 1413 1119 1450 suscepisset.
1144 1413 1419 1450 Metamorphosesi
1431 1424 1448 1442 a
1458 1416 1558 1452 poetis

852 1450 1069 1480 Alexandrinis
1086 1450 1185 1479 ornari
1205 1455 1315 1489 coepta,
1330 1451 1453 1480 nimium
1465 1453 1557 1482 luxu·

850 1489 959 1518 riantia
969 1489 1088 1528 ingenia
1099 1490 1286 1528 jactaverant
1300 1500 1332 1519 se
1345 1490 1374 1518 iu
1395 1490 1453 1520 hoc
1469 1501 1558 1529 argu-

850 1532 961 1563 mento,
983 1528 1065 1567 quod
1089 1539 1128 1558 ex
1152 1528 1264 1557 Ovidio
1291 1538 1317 1557 e.
1333 1539 1359 1557 c.
1374 1529 1558 1560 Met.XIV.

851 1570 997 1606 apparet:
1018 1577 1086 1596 nam
1100 1577 1200 1605 graeca
1223 1567 1368 1606 pleraque
1388 1568 1558 1605 perierunt.

851 1606 894 1635 Ut
913 1610 1011 1635 autem
1030 1606 1059 1635 in
1082 1606 1171 1635 talem
1192 1605 1321 1634 fabulam
1343 1606 1489 1637 incideret
1507 1618 1560 1637 ve-

853 1647 963 1679 tustas,
986 1645 1029 1674 ita
1052 1645 1164 1674 factum
1184 1644 1324 1679 arbitror,
1344 1645 1454 1683 prime,
1476 1647 1559 1684 quod

851 1683 1021 1718 immortale,
1035 1686 1181 1718 ἀθάνατον,
1193 1683 1336 1712 dixerunt
1349 1684 1494 1722 quicquid
1506 1686 1560 1715 diu

852 1722 942 1750 durat
968 1726 998 1751 et
1023 1726 1123 1751 manet
1149 1722 1229 1751 haud
1259 1722 1407 1757 attritum,
1432 1727 1560 1761 potuere

852 1760 954 1799 itaque
969 1760 1061 1790 etiam
1074 1765 1132 1793 νῆες
1144 1763 1275 1789 ἀθάνατοι
1288 1765 1331 1789 καὶ
1345 1763 1459 1796 ἀγῆραοι
1480 1763 1557 1799 djci;

852 1803 915 1828 tum
931 1800 1011 1837 quod
1034 1800 1171 1838 Dryades
1192 1799 1349 1837 Nymphas
1370 1802 1493 1830 arbores
1514 1801 1559 1830 in-

854 1838 954 1867 sidere
966 1844 996 1868 et
1010 1848 1077 1867 cum
1091 1838 1130 1867 iis
1142 1838 1246 1866 vivere
1261 1848 1296 1866 ac
1317 1838 1447 1868 deficere
1462 1840 1559 1869 credi-

853 1876 1114 1906 derunthomines.
1136 1876 1293 1905 Promtum
1306 1877 1349 1905 sic
1360 1877 1428 1913 fuit,
1436 1879 1559 1909 arbores

851 1914 967 1944 recisas
981 1919 1011 1944 et
1020 1915 1049 1944 in
1060 1924 1151 1945 naves
1166 1925 1268 1944 versas
1280 1915 1392 1945 iterum
1404 1917 1441 1945 ad
1457 1917 1561 1955 pristi-

851 1963 923 1982 num
945 1964 1052 1983 numen
1076 1963 1216 1984 reversas
1241 1953 1437 1984 comminisci.
1488 1956 1560 1985 Alio

852 1993 953 2027 modo,
968 1994 1098 2023 navibus
1118 1993 1149 2022 in
1162 1992 1307 2031 scopulos
1319 1993 1428 2028 versis,
1442 1993 1559 2024 Home·
1582 2027 1585 2030 ⁸

852 2040 905 2060 rus
925 2032 1145 2070 navigationem
1161 2031 1327 2061 Phaeacum
1342 2033 1372 2061 in
1385 2032 1560 2063 miraculum

853 2074 1039 2099 converterat
1051 2071 1113 2099 Od.
1124 2074 1150 2104 θ,
1160 2070 1326 2099 557-674.

892 2109 931 2138 79
945 2109 1053 2138 Prisca
1066 2109 1140 2147 fides
1153 2110 1237 2147 facto
1256 2108 1307 2137 sed
1311 2110 1354 2146 f.,
1366 2119 1425 2138 non
1438 2109 1562 2147 capiunt

854 2147 941 2176 Serv.
957 2151 987 2176 et
1004 2148 1064 2177 alii.
1103 2146 1194 2176 Fides
1212 2152 1261 2176 est
1278 2148 1355 2184 ejus,
1374 2148 1426 2186 qui
1446 2148 1560 2186 aliquid

854 2186 957 2220 tradit,
971 2187 1020 2215 vel
1034 2187 1110 2224 ejus,
1132 2186 1213 2224 quod
1227 2190 1375 2221 narratur,
1397 2196 1464 2224 quae
1486 2187 1562 2216 alias

853 2225 1029 2261 auctoritas3
1062 2225 1193 2263 ideoque
1219 2234 1274 2262 pro
1299 2224 1366 2262 ipsa
1390 2225 1560 2255 narratione

854 2264 987 2302 ponitur,
1028 2264 1127 2302 Igitur
1144 2265 1228 2301 sacto
1248 2263 1277 2292 h.
1303 2263 1374 2292 facti
1393 2263 1493 2302 prisca
1515 2269 1561 2294 est

847 2302 932 2340 fides,
946 2303 1086 2332 narratio.
1128 2303 1206 2331 Rem
1220 2305 1318 2331 narrat
1328 2303 1419 2340 poeta
1433 2303 1469 2332 ab
1484 2303 1561 2332 anti-

854 2341 967 2379 quitate
995 2341 1153 2372 traditam:
1174 2341 1228 2370 sed
1248 2345 1404 2370 constante
1424 2341 1502 2371 fama
1522 2343 1560 2372 ad

854 2380 984 2409 seriores
998 2384 1103 2409 aetates
1115 2383 1308 2418 propagatam
1320 2389 1327 2408 2
1347 2379 1389 2408 ita
1401 2380 1471 2409 facti
1481 2381 1561 2410 fama

855 2419 992 2457 perennis
1006 2420 1142 2448 est--SO
1165 2419 1212 2447 De
1237 2418 1431 2448 aedificatione
1450 2419 1559 2449 classis

855 2458 894 2486 cf.
909 2458 976 2492 III,
991 2460 1019 2486 5.
1030 2460 1059 2486 (i.
1081 2457 1137 2487 Icla
1147 2461 1246 2486 antem
1261 2467 1344 2486 mons
1359 2461 1390 2486 et
1400 2457 1559 2496 ipsesaeer

855 2507 968 2535 magnae
995 2497 1089 2525 Matri
1116 2497 1219 2530 deum,
1244 2496 1283 2524 cf.
1310 2506 1338 2523 v.
1360 2497 1408 2525 85.
1429 2498 1478 2531 86,
1499 2507 1558 2526 non

855 2535 952 2564 minus
981 2545 1013 2564 ac
1039 2535 1226 2572 Berecynlus‚
1254 2534 1396 2573 Phrygiae
1419 2545 1504 2565 mons
1530 2540 1561 2565 et

855 2579 981 2607 tractus,
1004 2584 1020 2602 a
1041 2584 1100 2611 quo
1120 2574 1150 2601 h.
1171 2574 1191 2602 l.
1216 2583 1323 2602 nomen
1347 2573 1493 2611 inditum3
1514 2575 1559 2603 uti

855 2613 928 2640 alias
955 2612 1008 2640 illa
1035 2612 1117 2640 ldaea
1146 2612 1199 2640 dea
1224 2612 1374 2650 appellata
1398 2619 1454 2641 est.
1480 2613 1558 2641 conf.

855 2651 962 2679 Strabo
977 2650 1022 2684 X,
1037 2660 1065 2688 p.
1080 2651 1140 2679 718
1153 2652 1189 2681 C.
1200 2655 1229 2681 et
1243 2651 1310 2679 infr.
1320 2650 1363 2684 X,
1376 2652 1450 2680 252:
1468 2651 1556 2679 Alma

852 2699 961 2727 parens
980 2689 1060 2719 ldaea
1082 2690 1173 2720 deum.
1222 2690 1462 2719 Consentaneum
1483 2694 1557 2724 erat,
