1796 3077
605 229 881 270 AENEIDOS.
939 230 1043 270 LIB.
1076 231 1146 271 VI.

164 352 382 411 Tempora
400 353 671 396 dinumerans
689 371 699 405 ;
732 369 810 396 nec
829 369 896 396 me
912 369 1006 396 mea
1025 370 1126 397 cura
1146 355 1307 399 fefellit.

165 412 286 459 Quas
306 427 387 467 ego
408 419 449 453 te
471 420 604 454 terras
625 419 669 453 et
689 420 848 466 quanta
865 428 944 468 per
964 428 1136 467 aequora
1155 422 1322 456 vectum

161 469 368 525 Accipio!
401 471 569 524 quantis
584 470 808 525 jactatum,
828 478 939 520 nate,
960 470 1151 525 periclis!

164 526 307 573 Quam
327 528 470 578 metui,
491 542 543 568 ne
561 527 664 582 quid
686 527 836 582 Libyae
860 529 936 569 tibi
955 543 1089 583 regna
1108 536 1310 571 nocerent
1328 532 1338 571 !

162 583 239 626 Ille
260 591 424 626 autem:
466 584 566 626 Tua
584 600 664 634 me,
686 586 866 640 genitor,
889 591 963 626 tua
983 586 1112 627 tristis
1134 586 1288 642 imago,

162 640 333 697 Saepius
355 657 593 692 occurrens,
614 642 710 683 haec
726 642 868 684 limina
888 643 1065 684 tendere
1087 644 1244 699 adegit.

162 697 288 741 Stant
309 699 395 741 sale
417 699 645 754 Tyrrheno
667 699 835 742 classes.
895 700 968 741 Da
982 701 1165 755 jungere
1187 703 1395 753 dextram,

162 756 245 806 Da,
268 758 457 812 genitor3
489 766 617 811 teque
638 757 838 812 amplexu
857 773 910 798 ne
933 758 1137 799 subtrahe
1158 768 1316 801 nostro.

161 812 233 856 Sic
253 829 489 855 memorans
509 814 628 869 largo
645 815 750 856 fletu
771 814 893 856 simul
913 830 988 856 ora
1005 816 1188 870 rigabat.

162 870 254 912 Ter
270 878 446 912 conatus
465 872 524 912 ibi
539 871 647 913 collo
668 872 770 913 dare
792 871 969 913 brachia
985 873 1167 914 circum:

162 927 254 970 Ter
273 928 430 970 frustra
449 944 700 984 comprensa
718 944 867 971 manus
891 929 1043 985 effugit
1063 931 1217 986 imago,

161 984 247 1027 Par
266 985 430 1028 levibus
448 987 597 1035 ventis,
618 986 863 1041 volucrique
886 987 1091 1028 simillima
1112 1003 1273 1030 somno.

220 1043 392 1084 Interea
407 1043 523 1084 videt
541 1043 705 1085 AEneas
726 1043 769 1084 in
790 1044 896 1086 valle
916 1045 1093 1086 reducta

160 1099 385 1142 Seclusum
404 1115 569 1149 nemim,
591 1107 634 1141 et
654 1100 835 1155 virgulta
856 1103 1048 1143 sonantia
1068 1101 1193 1152 silvis,

162 1156 491 1212 Lethaeumque,
513 1158 661 1198 domos
682 1157 870 1212 placidas
892 1160 965 1213 qui
985 1167 1208 1214 praenatat,
1231 1174 1409 1201 amnem.

159 1213 291 1255 Hunc
313 1216 471 1256 circum
487 1216 718 1256 innumerae
741 1222 889 1270 gentes
910 1216 1142 1271 populi-que
1164 1217 1378 1258 volabant.

159 1270 241 1321 Ac,
259 1272 387 1313 veluti
402 1273 445 1313 in
465 1273 611 1326 pratis,
632 1274 706 1314 ubi
723 1288 824 1327 apes
847 1280 993 1314 aestate
1015 1288 1164 1315 serena

159 1328 358 1370 Floribus
375 1330 563 1371 insidunt
583 1330 721 1380 variis,
743 1338 786 1371 et
806 1331 988 1372 candida
1008 1332 1167 1372 circum

159 1385 273 1427 Lilia
292 1386 542 1436 funduntur,
564 1388 715 1442 strepit
731 1389 864 1428 omnis
879 1403 1093 1429 murmure
1114 1404 1302 1444 campus.

162 1442 388 1484 Horrescit
407 1444 499 1484 visu
515 1444 671 1493 subito,
690 1459 925 1499 causasque
946 1446 1124 1500 requirit

159 1499 324 1542 Inscius
345 1500 524 1550 AEneas‚
545 1516 642 1556 quae
662 1501 745 1543 sint
764 1517 814 1543 ea
830 1502 1003 1543 flumina
1022 1518 1168 1557 porro,

161 1557 304 1604 Quive
325 1558 402 1600 viri
421 1565 539 1600 tanto
561 1558 810 1614 complerint
826 1560 992 1615 agmine
1010 1561 1139 1614 ripas.

159 1614 276 1657 Tum
296 1622 422 1670 pater
442 1614 654 1657 Anchises
672 1633 682 1666 3
714 1614 894 1666 Animae,
917 1617 1072 1671 quibus
1092 1616 1226 1657 altera
1249 1614 1338 1659 fato

159 1671 356 1728 Corpora
375 1673 599 1723 debentur,
618 1672 787 1714 Lethaei
803 1674 858 1714 ad
879 1673 1061 1714 fluminis
1079 1674 1238 1715 undam

160 1730 346 1772 Securos
367 1729 514 1771 latices
535 1737 579 1772 et
596 1729 724 1785 longa
745 1730 899 1772 oblivia
918 1738 1082 1785 potant.

159 1787 255 1828 Has
276 1787 475 1841 equidem
494 1802 728 1829 memorare
748 1789 825 1829 tibi
845 1796 973 1843 atque
991 1788 1215 1830 ostendere
1237 1803 1378 1829 coram

159 1844 441 1900 Jampridein,
463 1845 573 1886 hanc
593 1844 756 1900 prolem
773 1846 899 1900 cupio
919 1860 1167 1887 enumerare
1187 1860 1397 1886 meorum:

159 1902 262 1948 Quo
283 1903 417 1957 magis
438 1902 561 1943 Italia
580 1917 747 1944 mecum
767 1901 912 1944 laetere
936 1910 1121 1957 reperta.

161 1959 204 2000 O
225 1966 362 2014 pater,
385 1974 494 2000 anne
516 1959 678 2014 aliquas
699 1960 754 2000 ad
775 1959 929 2001 coelum
949 1960 1047 2002 hinc
1068 1961 1128 2001 ire
1149 1958 1387 2015 putandum
1403 1965 1467 2001 est

162 2015 374 2058 Sublimes
395 2017 566 2066 animas,
588 2018 825 2072 iterumque
848 2018 890 2058 in
910 2018 1034 2058 tarda
1052 2018 1207 2058 reverti

162 2073 388 2128 Corpora?
419 2090 516 2129 quae
535 2074 641 2116 lucis
661 2075 823 2116 miseris
846 2084 931 2116 tam
953 2075 1045 2115 dira
1065 2075 1253 2128 cupido?

161 2130 317 2173 Dicam
345 2133 568 2187 equidem3
602 2139 738 2174 necte
761 2147 1024 2187 suspensum,
1046 2139 1158 2181 nate,
1180 2131 1361 2172 tenebo:

1524 238 1619 284 435

1538 587 1621 628 695

1541 873 1624 915 700

1541 1445 1624 1485 710

1543 1730 1626 1771 715

162 2305 194 2324 se
217 2295 381 2324 videndum
402 2295 613 2326 descenderet.
637 2298 676 2327 cf.
689 2297 749 2332 VI,
764 2299 873 2326 115.—
906 2285 1142 2335 ιῘῐιῑηιῖιιιιΡοννο.
1156 2298 1261 2333 πόρρω,
1279 2295 1459 2334 11.ε.πόρῥω,
1470 2298 1624 2334 πόρῥωθεν,

160 2335 220 2363 704
237 2333 365 2373 vt'ryulta
381 2336 516 2364 sonantia
529 2335 620 2364 silvis.
662 2337 746 2366 Inter
766 2338 872 2375 plures
914 2338 1119 2373 παραρῥέοντα,
1131 2334 1221 2371 longo
1236 2334 1302 2363 inde
1319 2344 1410 2363 cursu
1425 2336 1625 2373 praetexentia

159 2374 280 2406 modos.
301 2373 410 2412 quibus
431 2376 590 2412 expedias,
612 2376 799 2414 probabilior
827 2380 874 2404 est
914 2384 1064 2412 campum.

1106 2373 1228 2411 (Minus
1245 2374 1322 2402 bene
1343 2374 1430 2402 Serv.
1446 2378 1476 2403 et
1499 2374 1626 2411 Cerda.)

160 2411 223 2447 hic,
247 2416 282 2442 ut
305 2413 364 2441 sint
386 2412 516 2450 virgulta
539 2413 632 2448 silvis,
655 2425 721 2453 pro,
738 2415 875 2454 virgulta

162 2451 319 2485 silvarum,
346 2452 491 2487 sonantia,
520 2452 654 2490 epitheto
683 2458 806 2483 ornante
840 2457 871 2482 et

160 2491 313 2519 communi
329 2491 475 2519 silvarum
489 2501 496 2526 ;
517 2491 560 2519 ita
574 2495 643 2520 sunt
656 2492 736 2521 dicta
751 2493 870 2521 omnino

162 2538 219 2566 pro
234 2530 319 2558 silvis
329 2530 517 2564 sonantibus,
533 2529 559 2558 si
573 2534 664 2558 vento
679 2535 747 2559 sunt
762 2535 852 2560 motae
865 2542 873 2568 3

160 2571 197 2596 ut
206 2567 290 2604 XII,
302 2570 472 2603 522‚-706
484 2572 583 2608 gentes
592 2570 687 2606 majus
699 2574 779 2599 sunt.
794 2571 873 2598 Nam

160 2605 190 2634 in
207 2612 293 2646 geute
303 2608 415 2647 populi.
430 2608 469 2637 cf.
484 2608 536 2637 inf.
552 2617 582 2636 x.
599 2608 763 2638 202.-711
776 2619 866 2648 porro

161 2645 340 2684 simpliciter
351 2651 454 2685 potest
464 2646 551 2686 jungi
566 2657 571 2674 :
593 2656 750 2686 causasque
770 2647 868 2686 requi-

161 2683 201 2713 rit
220 2695 332 2724 porr0‚·
352 2686 401 2715 vel
422 2697 527 2724 porro,
543 2696 586 2714 sc.
606 2693 704 2723 rogat,
721 2697 788 2724 qum
809 2687 869 2716 sint

164 2727 225 2754 etc.
265 2725 326 2756 Sed
354 2725 471 2756 doctior
490 2725 566 2756 ratio
592 2728 660 2755 est:
682 2735 748 2764 111(ae
767 2725 868 2757 sinte«

914 2415 1010 2442 -714
1025 2412 1105 2441 Haeo
1120 2416 1167 2441 est
1188 2412 1288 2445 Lethe,
1301 2412 1337 2440 ad
1359 2423 1447 2451 quam
1470 2413 1628 2442 confluunt

911 2452 1016 2481 animae
1030 2452 1058 2479 in
1075 2461 1205 2489 corpora
1214 2451 1497 2489 migraturae.—Tl5
1509 2463 1626 2481 securos

912 2493 948 2520 ab
961 2491 1081 2523 css'ectu,
1097 2494 1130 2518 ut
1149 2490 1261 2517 morbos
1271 2489 1397 2528 pallidos
1413 2491 1526 2520 dicunt.
1538 2492 1627 2520 Serv.

913 2531 1011 2558 —716
1029 2539 1097 2566 sup.
1114 2528 1232 2562 V‚737.
1250 2529 1321 2557 Tum
1338 2540 1431 2568 yellus
1446 2541 1525 2559 omne
1536 2534 1628 2564 tuum,

914 2573 941 2598 et
955 2578 1020 2607 quse
1040 2568 1143 2596 dentur
1163 2567 1266 2597 moenia
1280 2568 1381 2597 disces.
1424 2570 1625 2598 Desideratur

907 2608 935 2636 in
957 2607 1059 2636 verbis
1077 2606 1186 2644 copula
1200 2616 1206 2634 t
1230 2617 1403 2642 memorare,
1418 2609 1584 2641 ostendere,
1597 2611 1627 2635 et

906 2655 1074 2675 enunwrare
1098 2645 1151 2674 tibi
1174 2646 1327 2684 capim—7
1332 2649 1369 2676 18
1398 2647 1491 2677 Italia
1507 2651 1626 2685 reperta

907 2686 936 2714 h.
950 2695 977 2713 e.
998 2685 1037 2713 ad
1053 2684 1173 2714 Italiam
1188 2695 1333 2721 accessu;
1354 2690 1430 2725 post
1446 2686 1554 2724 longos
1579 2694 1623 2713 sc.

906 2724 1137 2755 errores-71⁹
1156 2723 1200 2754 ire
1219 2725 1366 2762 sublimes,
1383 2735 1424 2756 ex
1454 2724 1572 2761 inferis,
1587 2723 1627 2753 acl

1010 2769 1025 2800 1
