1796 3077
592 218 861 259 AENEIDOS.

151 333 374 378 Mutandae
395 337 533 379 sedes.

918 219 1020 259 LIB.
1049 221 1122 260 111.
1504 229 1592 274 ‘³01

594 339 697 380 Non
718 339 811 382 haec
832 341 909 382 tibi
928 341 1051 383 litora
1072 342 1202 384 suasit

153 391 318 442 Delius,
341 402 414 434 aut
434 394 574 436 Cretae
588 397 716 451 jussit
737 398 968 448 considere,
991 399 1164 453 Apollo.

151 447 233 489 Est
247 449 378 498 locus,
400 451 653 507 Hesperiam
674 453 796 494 Graii
816 457 1064 509 cognomine
1085 457 1250 497 dicunt:

153 505 288 547 Terra
307 508 492 562 antiqua,
514 517 665 564 potens
686 512 825 560 armis,
849 520 974 566 atque
996 513 1128 554 ubere
1148 513 1285 568 glebae
1306 530 1316 564 3

152 561 330 604 Oenotri
351 565 518 607 coluere
538 567 637 617 viri3
669 583 780 609 nunc
801 568 924 618 fama,
945 570 1128 611 minores

1520 570 1598 612 165

149 617 312 661 Italiam
333 622 488 663 dixisse
510 624 628 665 ducis
649 624 702 665 de
722 626 888 666 nomine
907 633 1090 680 gentem.

150 675 234 716 Hae
254 679 374 718 nobis
396 682 579 734 propriae
599 681 747 731 sedes3
779 682 876 723 hinc
899 683 1128 724 Dardanus
1151 691 1286 734 ortus,

152 731 373 788 Iasiusque
396 744 530 790 pater,
552 753 685 791 genus
705 753 729 778 a
749 754 833 792 quo
853 741 1042 794 principe
1065 749 1267 782 nostrum.

150 788 287 844 Surge
309 807 400 843 age,
423 800 465 833 et
486 793 577 834 haec
598 793 718 835 laetus
739 794 932 849 longaevo
954 797 1065 838 dicta
1084 799 1248 851 parenti

149 845 281 888 Haud
303 844 538 890 dubitanda
558 850 693 891 refer:
728 852 964 906 Corythum
986 861 1204 907 terrasque
1224 855 1412 908 requirat

434 906 603 947 Dictaea
623 915 751 962 negat
771 909 847 948 tibi
866 909 1037 963 Jupiter
1058 925 1170 951 arva.

147 902 374 946 Ausonias.

1522 855 1601 896 170

149 958 327 1002 Talibus
348 963 548 1003 attonitus
570 965 666 1004 visis
688 979 737 1006 ac
757 980 860 1006 voce
881 966 1070 1016 deorum,

149 1015 262 1068 (Nec
285 1033 412 1072 sopor
433 1018 535 1060 illud
558 1028 662 1069 erat,
684 1022 759 1062 sed
780 1037 921 1063 coram
942 1038 1173 1078 agnoscere
1190 1023 1342 1074 vultus,

149 1073 408 1128 Velatasque
431 1091 582 1126 comas,
604 1080 914 1133 praesentiaque
936 1095 1010 1120 ora
1030 1081 1229 1131 videbar3

150 1129 261 1171 Tum
283 1132 446 1186 gelidus
469 1141 557 1174 toto
579 1136 776 1175 manabat
796 1150 973 1190 corpore
996 1138 1141 1190 sudor)

152 1186 347 1242 Corripio
368 1203 391 1229 e
411 1191 550 1230 stratis
572 1205 741 1246 corpus,
763 1193 978 1247 tendoque
1000 1194 1170 1247 supinas

148 1243 222 1284 Ad
244 1244 395 1286 coelum
416 1261 512 1287 cuni
533 1262 635 1288 voce
651 1263 812 1298 manuS,
834 1256 877 1290 et
898 1265 1070 1290 munera
1091 1250 1176 1291 libo

149 1299 407 1343 Intemerata
427 1303 546 1344 focis.

607 1304 806 1346 Perfecto
826 1305 946 1347 laetus
967 1306 1129 1348 honore

147 1356 370 1399 Anchisen
392 1359 501 1400 facio
518 1368 693 1410 certum,
713 1377 887 1416 remque
905 1363 1052 1404 ordine
1072 1364 1230 1417 pando.

149 1412 337 1468 Agnovit
356 1416 518 1469 prolem
539 1419 778 1473 ambiguam
800 1420 1072 1473 geminosque
1092 1428 1302 1474 parentes,

1522 1421 1601 1461 180

150 1471 291 1525 Seque
312 1487 419 1513 novo
440 1481 629 1514 veterum
649 1476 876 1530 deceptum
896 1490 1038 1517 errore
1059 1476 1259 1518 locorum.

149 1526 263 1568 Tum
284 1537 512 1571 memorat:
546 1531 675 1581 Nate,
698 1532 836 1573 Iliacis
857 1534 1042 1574 exercite
1064 1533 1174 1582 fatis,

146 1683 221 1712 Mox
238 1693 267 1712 v.
282 1685 340 1713 162
355 1684 451 1714 Cretae
465 1684 610 1714 considere
634 1694 691 1723 pro
709 1685 737 1714 in
750 1684 852 1718 Creta,

148 1722 462 1753 docte.-163—166
485 1724 582 1753 Iidem
608 1733 718 1752 versus
745 1723 853 1752 intexti

148 1765 233 1789 erant
247 1771 337 1800 supra
349 1763 402 1791 lib.
418 1763 446 1796 Ι,
462 1763 686 1792 530-533.167
702 1762 761 1790 Hae
775 1762 857 1790 nobis

172 1800 279 1838 roprioe
293 1801 382 1830 sedes.
423 1801 521 1840 Supra
535 1803 571 1831 ad
585 1801 751 1839 Apollinem
768 1811 797 1829 v.
817 1802 855 1829 85

145 1809 198 1866 Za
206 1839 369 1877 propriam,
385 1839 562 1877 Thymbraee,
577 1840 698 1868 domum.
725 1839 857 1868 Dardani

147 1876 232 1920 origo
244 1887 282 1905 ex
294 1878 384 1906 Italia
395 1879 557 1908 secundum
571 1882 706 1907 veterem
720 1878 856 1915 mythum

147 1918 252 1953 petita,
266 1916 429 1954 etquidem
449 1927 485 1946 ex
502 1917 626 1946 Etruria
647 1927 663 1945 a
679 1916 812 1954 Corytho
832 1927 856 1945 s.

148 1953 280 1983 Cortona
292 1955 377 1984 urbe.
400 1955 499 1984 Iasius
513 1961 611 1995 paler,
627 1956 653 1984 si
671 1956 708 1984 de
723 1955 856 1984 Dardani

147 1995 233 2029 patre
254 1993 396 2032 accipias,
411 1994 521 2023 habent
539 1995 631 2024 verba
652 2005 670 2022 a
690 2004 746 2033 quo
761 2004 855 2031 expe-

147 2029 240 2059 ditam
255 2031 539 2071 interpretationem.
579 2033 640 2062 Sed
658 2042 766 2071 magno
788 2043 855 2061 cum

149 2078 296 2099 consensu
318 2071 417 2101 Italici
438 2076 468 2100 et
492 2072 591 2102 Graeci
621 2072 716 2109 mythi
742 2071 855 2100 Iasium

150 2107 283 2137 Dardani
308 2109 431 2139 fratrem
461 2111 623 2145 tradidere,
649 2120 717 2139 cum
743 2120 802 2148 quo
827 2110 855 2139 in

149 2146 382 2177 Samothraciam
395 2148 481 2184 abiit,
492 2154 525 2179 ut
535 2149 611 2178 adeo
620 2154 706 2188 pater
715 2152 856 2186 respectu

149 2184 341 2222 posteritatis
355 2187 455 2216 dictus
470 2187 519 2216 sit.
560 2188 626 2217 Jarn
651 2198 718 2217 cum
733 2187 855 2225 proprie

150 2232 167 2250 a
191 2223 331 2266 Dardano
355 2225 440 2254 ducti
460 2227 518 2256 sint
541 2226 672 2264 Trojani,
690 2230 797 2260 tamen,
823 2229 856 2254 ut

149 2263 251 2299 poeta,
279 2272 456 2301 quamquam
480 2265 579 2294 minus
614 2269 765 2299 accurate,
792 2274 855 2293 rem

150 2310 217 2329 cum
240 2304 367 2338 utroque
389 2303 605 2332 communicare
624 2308 754 2342 poterat.
794 2303 855 2332 rin-

150 2349 213 2376 ωερε
228 2338 256 2367 h.
271 2339 292 2368 1.
307 2343 409 2368 auctor
424 2341 528 2379 stirpis
542 2342 589 2371 vel
604 2342 730 2380 generis.
760 2313 855 2380 gory-

149 2377 228 2406 thum
250 2378 287 2407 de
303 2377 370 2416 ipso
386 2388 456 2417 rege
477 2389 511 2408 ac
535 2381 688 2410 conditore
714 2381 855 2410 Cortonae

152 2415 262 2453 accipit
290 2416 412 2445 Cluver.
438 2417 508 2446 Ital.
536 2423 594 2447 ant.
627 2429 656 2457 p.
678 2420 747 2448 592.
787 2419 855 2449 Jam

150 2454 268 2483 Dictaea
275 2465 345 2484 arva
355 2466 386 2483 v.
399 2456 456 2484 IV.
468 2456 578 2500 Georg.
592 2459 857 2487 152.—172—189

152 2493 262 2522 *Eneas
277 2494 511 2532 expergefactus
533 2505 627 2524 visum
646 2496 786 2535 religiose
802 2506 857 2525 ex-

149 2531 224 2568 piat,
238 2542 307 2560 mox
321 2533 400 2570 patri
415 2532 549 2571 exponit,
561 2534 624 2572 qui,
638 2534 719 2563 effati
729 2535 857 2564 Cassan-

152 2569 216 2598 drae
244 2572 428 2606 recordatus,
456 2581 563 2609 parere
585 2572 651 2601 viso
667 2574 766 2610 jubet.
808 2574 858 2602 Ita

153 2607 245 2637 Creta
256 2609 432 2639 disceditur.
455 2608 553 2648 <vide
567 2619 601 2638 an
615 2621 711 2649 sopor,
722 2616 798 2646 ὄναρ,
819 2612 860 2641 sit

151 2647 295 2688 somnium
323 2659 441 2678 vanum.
481 2649 623 2677 Ceterum
650 2654 719 2689 post
746 2651 858 2679 somnia

154 2693 218 2713 Visa
241 2687 381 2724 precibus
399 2692 430 2717 et
451 2688 621 2719 muneribus
642 2689 717 2717 deos
740 2688 857 2726 placare

896 1684 1029 1714 solebant
1059 1685 1240 1714 Graeci—cf.
1270 1685 1363 1723 Soph.
1396 1685 1508 1715 Electr.
1544 1686 1604 1715 634

896 1733 962 1762 sqq.
984 1724 1122 1762 AEschyl.
1142 1725 1229 1753 Pers.
1240 1724 1367 1753 215—et
1380 1724 1519 1759 Romani,
1539 1725 1603 1754 vid.

896 1762 1007 1790 Tibull.
1036 1764 1062 1796 1,
1082 1765 1111 1796 5,
1124 1763 1160 1791 13
1188 1763 1351 1802 W.)—175
1376 1762 1486 1792 Velatae
1504 1773 1602 1792 comte.

897 1800 972 1829 Erat
985 1800 1078 1838 igitur
1102 1801 1260 1830 Penatium
1279 1805 1370 1839 caput
1390 1802 1467 1830 vitta
1482 1802 1603 1831 redimi-

896 1840 1067 1867 tum.—]77
1092 1850 1211 1868 munera
1232 1840 1408 1875 intemerata,
1423 1839 1524 1868 vinum
1545 1850 1603 1878 pu-

896 1887 973 1912 rum,
1004 1877 1061 1906 rite
1088 1878 1225 1907 libatum.
1266 1878 1357 1914 Quod
1381 1888 1493 1913 munus,
1523 1878 1603 1908 idem

897 1916 1102 1945 bonuau—180.
1117 1918 1172 1946 181
1193 1917 1327 1955 Agnovit
1337 1917 1488 1955 duplicem
1498 1917 1607 1954 Troja-

897 1964 1001 1983 norum
1017 1959 1115 1984 ortum
1136 1966 1170 1985 ac
1191 1956 1327 1994 stirpem,
1344 1955 1465 1985 alteram
1487 1965 1505 1984 a
1524 1956 1604 1984 Dar-

897 1994 986 2024 dano.
1001 1993 1123 2023 alteram
1138 1995 1259 2023 ductam
1283 2004 1299 2023 a
1312 1995 1446 2024 Teucro:
1469 1994 1602 2033 adeoque

897 2032 1031 2069 ambigua
1049 2032 1147 2071 proles
1164 2033 1223 2071 ipsi
1249 2037 1319 2061 sunt
1339 2033 1472 2070 Trojani,
1497 2033 1548 2070 qui
1573 2038 1606 2063 et

898 2070 1031 2099 Dardani
1046 2072 1191 2100 etTeucri
1203 2071 1249 2108 (hi
1263 2071 1605 2109 suntyeminipareutes)

898 2119 990 2152 genus
1011 2113 1106 2138 erant.
1146 2109 1281 2146 Agnovit
1296 2119 1387 2150 porro
1403 2108 1552 2138 Anchises
1572 2110 1603 2138 in

896 2148 1122 2186 interpretando
1135 2147 1284 2186 Apollinis
1297 2147 1378 2176 Delii
1391 2147 1522 2181 oraculo,
1534 2157 1604 2177 cum

896 2186 1016 2225 antiqua
1033 2191 1125 2215 mater
1148 2191 1178 2214 et
1186 2186 1284 2225 prima
1305 2185 1387 2214 tellus
1400 2190 1483 2214 esset
1497 2186 1605 2224 exqui-

896 2226 997 2259 renda,
1009 2235 1041 2253 se
1053 2225 1194 2263 deceptum
1207 2235 1273 2253 esse
1284 2234 1354 2252 novo
1367 2234 1466 2253 errore
1478 2228 1604 2255 veterum

896 2264 1032 2298 lucorum,
1046 2264 1074 2292 h.
1087 2273 1113 2292 e.
1127 2273 1226 2292 errore
1235 2264 1313 2292 circa
1323 2263 1604 2301 interpretationem

896 2302 1031 2331 locorum
1051 2306 1208 2338 veterum3
1241 2302 1322 2340 quod
1350 2301 1424 2330 duas
1453 2306 1561 2336 terraS,
1587 2313 1604 2332 a

897 2341 1006 2380 quibus
1027 2341 1131 2378 stirpis
1145 2341 1283 2377 Trojanae
1299 2344 1439 2369 auctores
1459 2340 1529 2369 olim
1544 2341 1606 2369 ori-

899 2380 996 2416 ginem
1010 2381 1139 2408 traxisse
1160 2383 1247 2408 vetus
1262 2379 1339 2408 sama
1357 2383 1432 2413 erat,
1454 2389 1531 2408 nnnc
1546 2389 1604 2408 non

897 2418 1097 2451 distinxisset,
1120 2418 1184 2452 sed,
1205 2418 1329 2446 alterius
1351 2419 1508 2452 adventus,
1528 2419 1605 2446 Dar-

898 2457 967 2485 dani
989 2457 1118 2489 scilicet,
1133 2466 1170 2485 ex
1184 2456 1274 2485 Italia
1287 2456 1452 2491 immemor,
1466 2456 1494 2485 in
1509 2456 1605 2485 altera

896 2499 987 2529 terra,
1001 2495 1077 2523 unde
1093 2496 1207 2524 Teucer
1220 2495 1313 2530 venit,
1327 2498 1439 2524 tantum
1454 2495 1607 2524 haesisset.

899 2534 1000 2572 Igitur
1012 2538 1107 2562 vetera
1119 2532 1190 2567 loca,
1204 2539 1291 2562 terrae
1303 2537 1406 2562 vetere
1420 2533 1520 2572 aliqua
1528 2533 1606 2561 fama

899 2572 1069 2606 celebratae,
1084 2576 1190 2610 utpote
1204 2582 1258 2607 eae,
1281 2572 1358 2601 unde
1375 2572 1497 2610 Trojani
1515 2571 1605 2608 origi-

899 2621 966 2640 nem
995 2611 1135 2639 haberent
1149 2620 1156 2646 3
1190 2615 1222 2639 et
1253 2621 1341 2640 novus
1359 2621 1458 2645 error,
1490 2614 1603 2643 ornate,

900 2653 1047 2688 quatenus
1069 2650 1105 2678 ab
1125 2660 1160 2678 co
1188 2649 1300 2678 seriore
1321 2660 1385 2679 aevo
1408 2652 1535 2692 erratum
1558 2654 1605 2675 est

899 2689 979 2718 circa
992 2687 1057 2717 haec
1069 2688 1132 2717 loc-a
1145 2688 1380 2727 interpretanda.
1418 2688 1497 2717 Saus
1511 2696 1605 2724 cxpe-
