1796 3077
243 210 304 256 66
674 210 717 248 Ρ.
748 209 978 248 VIRGILII
1008 209 1258 248 MARONIS

242 336 404 377 quatuor
423 329 508 367 anni
525 331 954 379 tempestatibus—256.
986 331 1087 372 Quae
1103 333 1268 370 curanda
1285 332 1360 370 sint
1374 339 1542 381 tempore
1555 329 1684 380 pluvio

242 386 402 428 —26723
434 383 565 420 diebus
593 383 840 420 festis—275.
909 384 1068 420 Dierum
1094 384 1293 430 lunarium,
1315 385 1378 435 qui
1399 384 1510 421 fausti
1535 383 1595 420 vel
1626 384 1683 420 in-

241 434 354 472 fausti
370 436 453 480 sint,
469 435 812 472 observatio-286
827 451 836 481 ς
859 436 1038 473 nonnulla
1051 445 1164 474 noctu
1177 438 1309 476 melius
1324 437 1678 480 tractanda—296.;

241 487 315 524 alia
341 502 407 538 per
439 489 600 525 calorem
632 488 844 526 aeris—alia
874 489 1139 526 hieme—310.
1197 490 1257 528 Ita
1273 492 1371 528 viam
1403 491 1473 527 sibi
1501 497 1608 540 parat
1635 489 1684 526 ad

241 539 335 577 duas
364 542 451 577 anni
477 547 703 592 tempestates
731 542 879 592 poetica
912 551 992 580 arte
1021 542 1296 589 describendas,
1317 544 1469 581 alteram
1489 543 1684 587 auctumni,

240 593 395 630 alteram
429 594 524 630 veris
554 595 718 639 ineuntis,
745 604 944 644 utramque
976 596 1217 645 procellosam
1229 613 1241 641 ‚·
1288 596 1524 634 observanda
1555 598 1683 644 itaque

240 660 323 682 esse
346 660 474 683 earum
506 651 834 697 tempora-336„
867 658 904 685 et
932 648 1176 697 religionibus
1206 649 1296 687 deos
1326 649 1683 686 exorandos-350.

239 698 336 735 Esse
364 700 475 736 etiam
503 709 605 737 certa
629 709 894 750 tempestatum
922 715 989 751 per
1014 702 1114 737 vices
1133 702 1412 739 succedentium
1427 703 1683 751 prognostica.

240 751 284 788 In
310 752 367 789 his
393 753 626 802 exponendis
654 763 691 790 et
721 754 937 791 ordinandis
966 755 1139 803 copiosus
1168 763 1225 791 est
1250 760 1362 806 poeta
1373 759 1506 792 —-463.
1555 753 1684 791 Multo

237 806 405 842 ornatius
425 815 481 843 est
513 807 735 856 episodium‚
762 807 810 843 ad
838 807 941 856 quod
973 808 1115 844 aditum
1138 807 1208 844 sibi
1228 809 1379 853 struxit,
1409 808 1456 845 de
1483 807 1681 858 prodigiis,

236 856 329 894 Julii
349 858 510 896 Caesaris
527 872 618 896 nece
638 860 747 902 facta,
763 860 905 897 bellum
925 860 1033 896 civile
1050 861 1295 898 subsecutum
1314 862 1683 912 portendentibus-

237 914 327 949 497.
384 912 674 962 Subjuxiguntur
692 918 775 949 vola
793 926 862 962 pro
879 913 1056 963 Augusto
1076 913 1124 950 ad
1144 913 1207 951 fin.

294 1031 417 1077 Qun)
439 1032 563 1073 faciat
581 1031 698 1072 laetas
720 1039 895 1086 segetes,
916 1047 999 1086 quo
1021 1034 1156 1077 sidere
1177 1043 1328 1077 terram

236 1087 429 1138 Vertere,
452 1088 679 1138 Maecenas,
712 1088 917 1142 ulmisque
938 1090 1169 1146 adjungere
1183 1094 1286 1134 vites

235 1145 487 1186 Conveniat:
520 1161 615 1199 quae
637 1160 736 1186 cura
756 1146 896 1195 boum,
916 1148 988 1200 qui
1008 1148 1142 1189 cultus
1163 1147 1362 1190 habendo

235 1202 299 1241 Sit
319 1203 459 1255 pecori
476 1219 485 1251 3
516 1203 665 1256 apibus
686 1209 842 1255 quanta
861 1205 1119 1257 experientia
1140 1207 1276 1260 parcis
1295 1222 1304 1254 ς

232 1257 347 1299 Hine
368 1273 516 1299 canere
536 1259 744 1312 incipiam.
804 1258 908 1308 Vos,
930 1275 954 1300 ο
975 1259 1199 1303 clarissima
1221 1260 1368 1302 mundi
1653 1257 1681 1297 5

235 1314 428 1364 Lumina,
448 1314 657 1356 labentem
678 1314 786 1356 coelo
807 1330 901 1369 quae
921 1317 1071 1359 ducitis
1092 1334 1258 1368 annum,

270 1424 286 1451 1
305 1422 419 1467 ·Primis
434 1427 560 1461 quatuor
580 1423 716 1453 versibus
734 1428 935 1463 argumentum
974 1424 1017 1454 bis
1029 1427 1138 1456 extudit
1153 1425 1265 1456 artem?
1296 1425 1376 1455 Unde
1390 1433 1462 1452 nora
1473 1423 1618 1461 inyressus
1628 1422 1679 1451 lio-

230 1471 328 1499 opens
348 1462 506 1499 exponitur
520 1473 525 1491 :
547 1462 726 1501 agricultura
746 1467 773 1490 et
786 1463 935 1491 rusticatio
973 1465 1081 1494 minum
1090 1465 1273 1504 experientia
1285 1462 1377 1503 cepit?
1391 1463 1434 1492 H.
1451 1462 1567 1490 Parcis.
1579 1462 1680 1500 Apum

226 1500 280 1543 lib.
298 1500 335 1535 I;
360 1500 461 1528 vitium
485 1505 513 1528 et
537 1501 650 1529 omuino
671 1500 806 1529 arborum
823 1502 935 1530 cultura
973 1513 1125 1533 commune
1149 1505 1319 1543 Epitheton.
1360 1503 1459 1531 Parca
1477 1500 1587 1529 laborat
1606 1501 1681 1538 apis.

226 1539 281 1567 Lib.
292 1539 344 1573 113
376 1549 422 1566 res
436 1539 576 1576 pecuaria
597 1539 648 1568 lib.
663 1540 736 1575 1113
756 1550 803 1568 res
821 1540 935 1577 ‘’piaria
974 1541 1066 1570 Mart.
1107 1543 1249 1571 (laterum
1264 1550 1423 1580 prceparcae
1435 1543 1462 1567 et
1475 1550 1538 1578 quse
1551 1538 1679 1577 alioquin

227 1577 281 1605 lib.
296 1577 353 1605 lv.
384 1577 486 1606 Primo
500 1588 588 1606 versu
599 1577 742 1606 Hesiodei
755 1578 852 1616 operis
863 1578 932 1607 titu-

227 1615 290 1643 lum
306 1619 371 1650 ἔργα
392 1620 434 1644 καὶ
459 1619 553 1650 ἡμέραι
579 1626 755 1654 expressum
778 1627 854 1651 esse,
872 1618 935 1654 jam

228 1654 351 1682 Servius
364 1655 489 1684 monuit:
512 1666 568 1694 quo
578 1665 661 1693 opere
673 1660 701 1684 et
714 1655 816 1693 quibus
830 1660 935 1693 tempo-

229 1692 310 1721 ribus
320 1703 388 1731 slyer
396 1692 527 1721 colendus
537 1693 685 1722 sit.—Est
696 1698 792 1721 autem
806 1694 842 1722 ad
851 1704 933 1722 orna-

228 1735 292 1760 tum
301 1733 458 1760 verborum
469 1732 505 1759 ab
515 1732 597 1760 initio
607 1732 707 1759 statim
718 1732 934 1760 attendendum.

228 1770 283 1798 Ait
308 1779 393 1807 agere
417 1780 449 1797 se
469 1769 545 1797 velle
565 1769 661 1807 primo
682 1769 748 1797 loco
772 1770 808 1798 de
825 1770 886 1807 agri
905 1774 935 1798 et

228 1808 334 1836 vitium
349 1807 476 1842 cultura,
489 1807 570 1836 [ἀνίας
582 1812 705 1845 seyetes:
726 1807 933 1842 Hesiod.'‘Ep7.

228 1847 298 1875 775.
320 1849 434 1882 εὔφρονα
450 1850 551 1880 καρπὸν
565 1846 692 1874 dixerat.
712 1845 816 1875 Cicero
827 1846 863 1874 de
880 1846 933 1874 Or.

229 1884 297 1919 III,
309 1895 335 1913 c.
344 1886 382 1913 33
392 1884 476 1913 laetas
490 1888 604 1922 segetes
616 1884 703 1913 etiam
712 1883 931 1920 r11sticiclic11nt‚-

227 1923 305 1966 quod
313 1923 386 1951 enim
398 1923 540 1951 declarari
548 1923 594 1950 vix
601 1923 723 1960 proprio
732 1922 816 1950 verbo
828 1927 931 1960 potest,

228 1961 259 1990 ul
280 1962 421 1990 translato
442 1972 527 2000 quum
547 1966 590 1989 est
609 1962 724 1995 (lictum,
742 1960 870 1989 illustrat
891 1960 930 1995 id,

228 2001 306 2039 quod
316 1999 436 2038 intelliyz'
447 1999 583 2034 volumus,
602 2000 662 2037 ejus
678 2000 732 2032 rei,
746 2010 831 2038 quam
841 1999 932 2028 alieno

227 2039 312 2068 verbo
320 2039 478 2077 posuimus,
493 2038 660 2067 similitudo.
697 2038 777 2068 Vites
792 2048 846 2076 pro
855 2037 933 2066 omni

228 2079 366 2107 arborum
388 2087 492 2116 genere
514 2077 606 2115 ponit.
654 2077 689 2105 In
704 2077 749 2105 his
762 2088 768 2105 ι
796 2076 933 2115 ulmisque

227 2117 383 2155 adjungere
392 2115 463 2144 vites
473 2116 633 2144 secundum
642 2115 739 2144 Italiae
751 2115 839 2144 situm
851 2114 932 2143 locu-

228 2159 277 2184 tus
291 2159 348 2189 est,
367 2155 396 2183 in
412 2164 469 2192 qua
483 2155 559 2183 vites
577 2154 665 2183 altius
677 2154 836 2183 elevantur.
848 2153 932 2182 Serv.

229 2195 286 2222 —3
296 2195 342 2222 De
353 2203 385 2221 re
394 2192 532 2231 pecuaria
542 2203 640 2236 agam,
650 2192 700 2232 qui
708 2193 800 2221 cultus
808 2191 933 2220 habendo

226 2232 266 2261 sit
275 2231 374 2270 pecori
386 2241 441 2269 pro
455 2231 569 2269 vulgari
580 2242 586 2259 :
609 2242 676 2269 quae
692 2242 761 2260 eura
771 2232 810 2259 sit
818 2230 932 2268 pecoris

228 2271 308 2309 qnod
322 2270 388 2307 quis
397 2269 540 2307 possidet,
552 2270 613 2299 sive
625 2270 686 2298 alit.
705 2269 850 2299 Solleinne
861 2278 931 2297 vero

227 2310 257 2338 in
271 2319 303 2337 re
318 2307 454 2346 pecuaria
468 2312 514 2336 est
529 2308 647 2345 halma,-
678 2308 744 2337 hine,
760 2318 814 2346 pro
829 2310 932 2336 ornatu

230 2349 376 2386 adjectum
400 2345 679 2379 habenda—cultus,
698 2356 753 2384 pro
782 2356 869 2378 curav,
900 2349 933 2374 ut

229 2385 293 2414 Cic.
309 2395 343 2413 ne
357 2385 439 2413 N-D.
456 2385 502 2417 II,
516 2395 542 2413 c.
553 2386 601 2413 63.
622 2386 637 2424 §
654 2387 720 2414 1525.
741 2394 804 2423 (ματ
822 2383 933 2423 quidem

228 2426 334 2464 (oves)
358 2433 446 2461 neque
465 2423 515 2457 ali,
538 2433 628 2463 neque
652 2424 819 2455 sustentari,
845 2432 934 2460 neque

226 2463 314 2494 ullum
327 2463 457 2499 fructum
471 2461 552 2490 edere
565 2472 600 2490 ex
614 2473 654 2497 se,
669 2463 730 2490 sine
745 2461 826 2490 cultu
839 2461 931 2490 homi-

227 2512 297 2532 num
310 2505 341 2529 et
355 2500 513 2534 curatione,
533 2501 762 2538 potuissent.——1
781 2504 890 2538 quanta
902 2499 931 2527 h.

228 2551 295 2580 qnae
315 2538 499 2577 experientia,
523 2539 586 2568 scil.
609 2540 713 2578 apibus
726 2538 876 2571 habendis,
895 2537 931 2566 ad

228 2578 406 2610 mellificium
427 2577 591 2606 necessaria
617 2579 672 2607 sit:
700 2587 754 2616 pro
773 2587 843 2605 cura
863 2576 931 2605 sub-

223 2617 326 2656 junxit
341 2615 431 2648 aliud,
454 2615 532 2652 quod
546 2615 639 2645 cultui
661 2626 748 2654 apum
769 2624 931 2644 accommo-

227 2657 327 2685 datum
343 2658 389 2683 est
401 2653 603 2695 experientiam
617 2658 648 2683 et
657 2664 753 2688 usum,
792 2663 828 2682 uo
840 2652 931 2681 melli-

229 2693 370 2723 licationis
386 2696 459 2720 ratur
476 2702 485 2717 v.
496 2691 559 2719 alde
568 2692 686 2721 exculta
694 2696 748 2720 est.
759 2703 774 2720 e
789 2713 796 2720 .
810 2691 864 2719 Ge.
874 2691 931 2725 IV,

228 2734 299 2762 315.
313 2733 379 2761 316.
422 2729 495 2765 Quis
509 2729 577 2757 deus
590 2730 672 2766 lianc,
686 2731 792 2765 λίπα-(ε,
806 2730 870 2768 quis
884 2740 932 2758 ιιι)-

967 1581 1107 1618 prodiytts
1124 1586 1208 1619 utque
1227 1581 1335 1615 «laces,
1356 1589 1411 1608 non
1430 1588 1510 1607 secus
1527 1588 1561 1605 ac
1575 1587 1679 1616 pzyras

973 1623 1000 1646 el
1013 1619 1331 1657 iynavasqnoturbent.
1372 1616 1453 1646 Plin.
1473 1616 1565 1646 S.—5
1587 1616 1679 1651 Hinc,

973 1662 1041 1695 post
1059 1659 1202 1693 bucolica,
1223 1658 1313 1686 aiunt.
1353 1656 1479 1685 Omnino
1497 1655 1610 1683 initium
1628 1655 1678 1683 de-

974 1696 1088 1734 signat;
1122 1697 1193 1725 alias
1216 1706 1300 1725 nnnc.
1347 1695 1423 1731 Quae
1449 1693 1582 1731 sequitur
1596 1693 1678 1721 invo-

973 1734 1049 1762 catio
1074 1735 1195 1763 deorum
1219 1735 1407 1766 rusticorum,
1431 1736 1477 1760 est
1494 1732 1571 1760 haud
1590 1731 1680 1760 dubie

972 1772 1049 1815 inter
1060 1773 1244 1801 ornatissima
1254 1783 1286 1801 ac
1298 1770 1605 1810 splendidissimaloca
1615 1780 1678 1799 car-

973 1819 1069 1839 minis.

1010 1849 1029 1876 6
1042 1848 1195 1876 Labentem
1220 1848 1288 1876 caelo
1311 1858 1375 1886 quae
1392 1847 1496 1875 ducitis
1512 1856 1631 1881 annum,
1649 1847 1680 1876 h.

970 1895 1095 1923 quorum
1111 1887 1238 1915 decursu
1263 1891 1396 1923 tempora
1419 1885 1484 1913 anni
1503 1884 1679 1913 efficiuntur.

972 1924 1019 1953 Cf.
1047 1925 1165 1953 Lucret.
1184 1925 1222 1958 V,
1249 1925 1402 1952 1435—38
1428 1923 1536 1951 Sidera
1562 1932 1678 1957 annum,

970 1964 995 2000 ej
1001 1973 1035 1991 us
1045 1967 1186 2001 tempora,
1196 1962 1459 1995 vicissitudines,et
1469 1964 1569 1999 partes
1577 1960 1678 1989 ducem

971 2005 1119 2040 tamquam
1139 2005 1241 2039 regant
1263 2005 1293 2029 et
1316 2000 1514 2033 moderentur,
1535 1998 1675 2029 sollemne

971 2044 1017 2068 est
1030 2051 1036 2067 :
1053 2039 1164 2068 scilieet
1178 2040 1312 2077 quoniam
1326 2039 1383 2067 ista
1394 2044 1461 2067 ortu
1469 2043 1498 2066 et
1507 2047 1612 2066 occasu
1622 2048 1676 2067 suo

971 2077 1037 2107 illas
1059 2082 1223 2116 temporum
1238 2078 1318 2107 vices
1331 2077 1493 2115 designant.
1507 2075 1612 2104 ducunt
1626 2086 1677 2105 au-

972 2120 1030 2145 tem
1043 2127 1147 2145 annum
1159 2116 1226 2144 coelo
1240 2116 1269 2145 h.
1284 2116 1313 2145 in
1328 2115 1416 2150 coelo,
1426 2115 1455 2143 in
1470 2124 1528 2152 quo
1540 2114 1606 2152 ipsa
1618 2115 1677 2143 ori·

972 2159 1060 2183 untur
1075 2159 1105 2184 et
1118 2154 1270 2191 occidunt,
1290 2158 1321 2183 et
1339 2164 1393 2192 pro
1409 2163 1499 2182 cursu
1518 2152 1582 2180 anni
1597 2153 1677 2181 dixit

972 2204 1076 2222 annum
1097 2193 1244 2227 labentem,
1267 2193 1492 2231 prooedentemg
1525 2190 1584 2219 labi
1608 2201 1678 2229 pro-

972 2231 1069 2269 prium
1091 2232 1126 2260 de
1151 2232 1292 2269 temporis
1314 2232 1384 2268 fuga
1402 2240 1453 2259 seu
1479 2230 1607 2258 decursu
1621 2234 1678 2258 est.

970 2270 1108 2298 Ceterum
1119 2271 1236 2308 poetam
1250 2270 1278 2297 h.
1293 2269 1312 2297 l.
1326 2269 1556 2306 philosophicam
1565 2267 1678 2305 opinio-

971 2318 1034 2337 nem
1048 2318 1158 2342 eorum,
1176 2308 1225 2346 qui
1239 2307 1336 2336 Solem
1348 2312 1378 2336 et
1389 2308 1501 2336 Lunam
1513 2307 1569 2335 sub
1578 2306 1677 2335 Liberi

972 2351 1003 2375 et
1022 2347 1139 2375 Liberae
1155 2346 1306 2383 (Cereris)
1326 2346 1438 2374 nomine
1451 2345 1507 2374 coli
1521 2345 1675 2373 contende-

971 2390 1048 2419 runt,
1065 2395 1119 2413 non
1135 2385 1306 2423 popularem
1322 2384 1415 2422 sequi,
1431 2384 1460 2412 in
1475 2384 1608 2412 confesso
1619 2387 1676 2418 est,

974 2423 998 2451 si
1018 2423 1135 2461 quidem
1151 2423 1239 2451 Liber
1252 2428 1281 2451 et
1296 2422 1370 2450 alma
1390 2422 1478 2451 Ceres
1499 2424 1565 2449 sunt
1583 2430 1676 2458 appo-

970 2461 1048 2495 sitio,
1062 2462 1140 2499 quod
1155 2461 1261 2489 malim.
1291 2461 1342 2489 Sin
1357 2461 1421 2490 haec
1433 2459 1548 2488 numina
1559 2459 1677 2487 diversa

971 2510 987 2528 a
1012 2499 1173 2529 luminibus,
1194 2499 1393 2537 conjunctione
1412 2508 1467 2527 non
1494 2497 1676 2534 interposita,

970 2538 1044 2567 dura
1054 2543 1099 2567 est
1109 2538 1202 2567 oratio
1215 2543 1244 2567 et
1253 2538 1416 2574 adjuvanda
1425 2535 1657 2574 pronuntiatione
1667 2546 1674 2564 :

970 2576 1044 2610 Vos,
1054 2576 1196 2610 olumina‚
1208 2574 1563 2615 (22tvos)1.iberetCeres,
1571 2578 1600 2601 et
1609 2583 1675 2608 vos,

971 2614 1095 2644 FaumN
1099 2615 1285 2654 ymphaeque,
1288 2617 1367 2652 ferte
1374 2613 1480 2649 pedem,
1489 2612 1517 2641 h.
1526 2621 1552 2640 e.
1561 2611 1673 2640 adeste.

971 2653 1031 2681 Sed
1046 2658 1075 2683 et
1096 2654 1174 2697 apud
1187 2654 1349 2682 Varronem
1365 2652 1405 2681 R.
1421 2651 1461 2680 R.
1477 2650 1505 2684 1,
1523 2652 1541 2678 5
1555 2649 1584 2678 in
1599 2651 1673 2678 duo-

971 2691 1064 2720 decim
1080 2692 1143 2721 deis
1156 2691 1275 2720 rusticis
1289 2691 1346 2719 ista
1359 2690 1485 2723 numina,
1499 2688 1561 2723 Sol,
1579 2687 1673 2722 Luna,

975 2729 1062 2759 Liber
1083 2735 1112 2758 et
1133 2730 1235 2781 Cfres,
1249 2729 1476 2767 distinguuntur.
1495 2727 1539 2756 H.
1553 2726 1672 2755 &1498
1721 2743 1723 2746 .

1138 2770 1166 2809 t)
