<?xml version="1.0" encoding="UTF-8"?>
<!DOCTYPE html PUBLIC "-//W3C//DTD XHTML 1.0 Transitional//EN"
    "http://www.w3.org/TR/xhtml1/DTD/xhtml1-transitional.dtd">
<html xmlns="http://www.w3.org/1999/xhtml" xml:lang="en" lang="en">
 <head>
  <title>
</title>
<meta http-equiv="Content-Type" content="text/html;charset=utf-8" />
  <meta name='ocr-system' content='tesseract 3.04.00' />
  <meta name='ocr-capabilities' content='ocr_page ocr_carea ocr_par ocr_line ocrx_word'/>
</head>
<body>
  <div class='ocr_page' id='page_1' title='image "./operahey00virguoft_0388.png"; bbox 0 0 1796 3077; ppageno 0'>
   <div class='ocr_carea' id='block_1_1' title="bbox 181 239 279 282">
    <p class='ocr_par' dir='ltr' id='par_1_1' title="bbox 181 239 279 282">
     <span class='ocr_line' id='line_1_1' title="bbox 181 239 279 282; baseline 0.01 -1"><span class='ocrx_word' id='word_1_1' title='bbox 181 239 279 282; x_wconf 74' lang='lat'>380</span> 
     </span>
    </p>
   </div>
   <div class='ocr_carea' id='block_1_2' title="bbox 589 228 1172 269">
    <p class='ocr_par' dir='ltr' id='par_1_2' title="bbox 589 228 1172 269">
     <span class='ocr_line' id='line_1_2' title="bbox 589 228 1172 269; baseline -0.005 0"><span class='ocrx_word' id='word_1_2' title='bbox 589 232 631 269; x_wconf 82' lang='lat' dir='ltr'>P.</span> <span class='ocrx_word' id='word_1_3' title='bbox 663 229 891 268; x_wconf 84' lang='lat' dir='ltr'>VIRGILII</span> <span class='ocrx_word' id='word_1_4' title='bbox 924 228 1172 266; x_wconf 77' lang='lat' dir='ltr'><strong>MARONIS</strong></span> 
     </span>
    </p>
   </div>
   <div class='ocr_carea' id='block_1_3' title="bbox 186 345 1625 627">
    <p class='ocr_par' dir='ltr' id='par_1_3' title="bbox 186 345 1625 461">
     <span class='ocr_line' id='line_1_3' title="bbox 186 345 1625 402; baseline -0.004 -11"><span class='ocrx_word' id='word_1_5' title='bbox 186 350 437 393; x_wconf 79' lang='lat' dir='ltr'>Incumbens</span> <span class='ocrx_word' id='word_1_6' title='bbox 458 352 656 398; x_wconf 79' lang='lat' dir='ltr'>humer03</span> <span class='ocrx_word' id='word_1_7' title='bbox 689 348 823 402; x_wconf 85' lang='lat' dir='ltr'>spatia</span> <span class='ocrx_word' id='word_1_8' title='bbox 842 354 885 388; x_wconf 91' lang='lat' dir='ltr'>et</span> <span class='ocrx_word' id='word_1_9' title='bbox 906 346 939 387; x_wconf 87' lang='lat' dir='ltr'>si</span> <span class='ocrx_word' id='word_1_10' title='bbox 957 346 1079 400; x_wconf 87' lang='lat' dir='ltr'>plura</span> <span class='ocrx_word' id='word_1_11' title='bbox 1095 347 1315 399; x_wconf 81' lang='lat' dir='ltr'>supersint,</span> <span class='ocrx_word' id='word_1_12' title='bbox 1542 345 1625 386; x_wconf 71' lang='lat'>325</span> 
     </span>
     <span class='ocr_line' id='line_1_4' title="bbox 187 402 1287 461; baseline -0.008 -11"><span class='ocrx_word' id='word_1_13' title='bbox 187 408 399 449; x_wconf 77' lang='lat' dir='ltr'>Transeat</span> <span class='ocrx_word' id='word_1_14' title='bbox 418 407 583 461; x_wconf 83' lang='lat' dir='ltr'>elapsus</span> <span class='ocrx_word' id='word_1_15' title='bbox 603 406 732 459; x_wconf 83' lang='lat' dir='ltr'>prior,</span> <span class='ocrx_word' id='word_1_16' title='bbox 753 404 1046 458; x_wconf 82' lang='lat' dir='ltr'>ambiguumve</span> <span class='ocrx_word' id='word_1_17' title='bbox 1067 402 1287 455; x_wconf 86' lang='lat' dir='ltr'>relinquat.</span> 
     </span>
    </p>

    <p class='ocr_par' dir='ltr' id='par_1_4' title="bbox 187 459 1319 518">
     <span class='ocr_line' id='line_1_5' title="bbox 187 459 1319 518; baseline -0.005 -14"><span class='ocrx_word' id='word_1_18' title='bbox 187 464 367 518; x_wconf 74' lang='lat' dir='ltr'>Jamque</span> <span class='ocrx_word' id='word_1_19' title='bbox 388 465 474 505; x_wconf 87' lang='lat' dir='ltr'>fere</span> <span class='ocrx_word' id='word_1_20' title='bbox 497 462 631 516; x_wconf 87' lang='lat' dir='ltr'>spatio</span> <span class='ocrx_word' id='word_1_21' title='bbox 652 468 853 509; x_wconf 84' lang='lat' dir='ltr'>extremo,</span> <span class='ocrx_word' id='word_1_22' title='bbox 875 459 1069 513; x_wconf 84' lang='lat' dir='ltr'><strong>fessique,</strong></span> <span class='ocrx_word' id='word_1_23' title='bbox 1088 460 1165 499; x_wconf 90' lang='lat' dir='ltr'>sub</span> <span class='ocrx_word' id='word_1_24' title='bbox 1186 459 1319 512; x_wconf 80' lang='lat' dir='ltr'>ipsam</span> 
     </span>
    </p>

    <p class='ocr_par' dir='ltr' id='par_1_5' title="bbox 188 513 1255 570">
     <span class='ocr_line' id='line_1_6' title="bbox 188 513 1255 570; baseline -0.007 -8"><span class='ocrx_word' id='word_1_25' title='bbox 188 520 333 562; x_wconf 81' lang='lat' dir='ltr'>Finem</span> <span class='ocrx_word' id='word_1_26' title='bbox 353 519 655 561; x_wconf 82' lang='lat' dir='ltr'>adventabant:</span> <span class='ocrx_word' id='word_1_27' title='bbox 686 518 767 559; x_wconf 87' lang='lat' dir='ltr'>levi</span> <span class='ocrx_word' id='word_1_28' title='bbox 787 532 882 558; x_wconf 90' lang='lat' dir='ltr'>cum</span> <span class='ocrx_word' id='word_1_29' title='bbox 902 516 1103 570; x_wconf 82' lang='lat' dir='ltr'>sanguine</span> <span class='ocrx_word' id='word_1_30' title='bbox 1123 513 1255 555; x_wconf 84' lang='lat' dir='ltr'>Nisus</span> 
     </span>
    </p>

    <p class='ocr_par' dir='ltr' id='par_1_6' title="bbox 190 572 1111 627">
     <span class='ocr_line' id='line_1_7' title="bbox 190 572 1111 627; baseline -0.005 -10"><span class='ocrx_word' id='word_1_31' title='bbox 190 577 371 617; x_wconf 79' lang='lat' dir='ltr'>Labitur</span> <span class='ocrx_word' id='word_1_32' title='bbox 390 575 560 625; x_wconf 83' lang='lat' dir='ltr'>infelix3</span> <span class='ocrx_word' id='word_1_33' title='bbox 591 574 708 616; x_wconf 89' lang='lat' dir='ltr'>caesis</span> <span class='ocrx_word' id='word_1_34' title='bbox 728 581 776 615; x_wconf 88' lang='lat' dir='ltr'>ut</span> <span class='ocrx_word' id='word_1_35' title='bbox 796 574 904 614; x_wconf 89' lang='lat' dir='ltr'>forte</span> <span class='ocrx_word' id='word_1_36' title='bbox 919 572 1111 627; x_wconf 88' lang='lat' dir='ltr'>juvencis</span> 
     </span>
    </p>
   </div>
   <div class='ocr_carea' id='block_1_4' title="bbox 189 627 1413 684">
    <p class='ocr_par' dir='ltr' id='par_1_7' title="bbox 189 627 1413 684">
     <span class='ocr_line' id='line_1_8' title="bbox 189 627 1413 684; baseline -0.005 -10"><span class='ocrx_word' id='word_1_37' title='bbox 189 633 326 675; x_wconf 90' lang='lat' dir='ltr'>Fusus</span> <span class='ocrx_word' id='word_1_38' title='bbox 348 633 519 673; x_wconf 86' lang='lat' dir='ltr'>humum</span> <span class='ocrx_word' id='word_1_39' title='bbox 538 631 776 684; x_wconf 84' lang='lat' dir='ltr'>viridesque</span> <span class='ocrx_word' id='word_1_40' title='bbox 798 644 925 684; x_wconf 85' lang='lat' dir='ltr'>super</span> <span class='ocrx_word' id='word_1_41' title='bbox 943 628 1226 670; x_wconf 80' lang='lat' dir='ltr'><strong>madefecerat</strong></span> <span class='ocrx_word' id='word_1_42' title='bbox 1244 627 1413 673; x_wconf 82' lang='lat' dir='ltr'>herbas.</span> 
     </span>
    </p>
   </div>
   <div class='ocr_carea' id='block_1_5' title="bbox 1545 628 1629 668">
    <p class='ocr_par' dir='ltr' id='par_1_8' title="bbox 1545 628 1629 668">
     <span class='ocr_line' id='line_1_9' title="bbox 1545 628 1629 668; baseline 0 0"><span class='ocrx_word' id='word_1_43' title='bbox 1545 628 1629 668; x_wconf 88' lang='grc'>330</span> 
     </span>
    </p>
   </div>
   <div class='ocr_carea' id='block_1_6' title="bbox 190 686 1267 911">
    <p class='ocr_par' dir='ltr' id='par_1_9' title="bbox 190 686 1267 911">
     <span class='ocr_line' id='line_1_10' title="bbox 191 686 1217 743; baseline -0.003 -14"><span class='ocrx_word' id='word_1_44' title='bbox 191 689 276 730; x_wconf 90' lang='lat' dir='ltr'>Hic</span> <span class='ocrx_word' id='word_1_45' title='bbox 290 690 455 743; x_wconf 86' lang='lat' dir='ltr'>juvenis</span> <span class='ocrx_word' id='word_1_46' title='bbox 471 690 559 743; x_wconf 87' lang='lat' dir='ltr'>jam</span> <span class='ocrx_word' id='word_1_47' title='bbox 575 688 707 729; x_wconf 88' lang='lat' dir='ltr'>victor</span> <span class='ocrx_word' id='word_1_48' title='bbox 727 702 855 728; x_wconf 84' lang='lat' dir='ltr'>ovans</span> <span class='ocrx_word' id='word_1_49' title='bbox 875 686 1050 740; x_wconf 81' lang='lat' dir='ltr'>vestigia</span> <span class='ocrx_word' id='word_1_50' title='bbox 1070 699 1217 739; x_wconf 83' lang='lat' dir='ltr'>presso</span> 
     </span>
     <span class='ocr_line' id='line_1_11' title="bbox 190 742 1267 796; baseline -0.004 -10"><span class='ocrx_word' id='word_1_51' title='bbox 190 745 324 786; x_wconf 83' lang='lat' dir='ltr'>Haud</span> <span class='ocrx_word' id='word_1_52' title='bbox 345 746 478 786; x_wconf 87' lang='lat' dir='ltr'>tenuit</span> <span class='ocrx_word' id='word_1_53' title='bbox 496 745 676 786; x_wconf 82' lang='lat' dir='ltr'>titubata</span> <span class='ocrx_word' id='word_1_54' title='bbox 697 743 811 793; x_wconf 88' lang='lat' dir='ltr'>solo;</span> <span class='ocrx_word' id='word_1_55' title='bbox 844 742 919 784; x_wconf 92' lang='lat' dir='ltr'>sed</span> <span class='ocrx_word' id='word_1_56' title='bbox 939 757 1097 796; x_wconf 86' lang='lat' dir='ltr'>pronus</span> <span class='ocrx_word' id='word_1_57' title='bbox 1113 743 1154 783; x_wconf 89' lang='lat' dir='ltr'>in</span> <span class='ocrx_word' id='word_1_58' title='bbox 1174 743 1267 796; x_wconf 90' lang='lat' dir='ltr'>ipso</span> 
     </span>
     <span class='ocr_line' id='line_1_12' title="bbox 195 800 1237 855; baseline -0.004 -13"><span class='ocrx_word' id='word_1_59' title='bbox 195 802 392 842; x_wconf 82' lang='lat' dir='ltr'>Concidit</span> <span class='ocrx_word' id='word_1_60' title='bbox 407 801 707 855; x_wconf 87' lang='lat' dir='ltr'>immundoque</span> <span class='ocrx_word' id='word_1_61' title='bbox 728 800 827 841; x_wconf 90' lang='lat' dir='ltr'>fimo</span> <span class='ocrx_word' id='word_1_62' title='bbox 849 813 1053 853; x_wconf 86' lang='lat' dir='ltr'>sacroque</span> <span class='ocrx_word' id='word_1_63' title='bbox 1073 813 1237 840; x_wconf 87' lang='lat' dir='ltr'>cruore.</span> 
     </span>
     <span class='ocr_line' id='line_1_13' title="bbox 190 856 1265 911; baseline -0.004 -12"><span class='ocrx_word' id='word_1_64' title='bbox 190 858 295 899; x_wconf 88' lang='lat' dir='ltr'>Non</span> <span class='ocrx_word' id='word_1_65' title='bbox 315 865 452 899; x_wconf 86' lang='lat' dir='ltr'>tamen</span> <span class='ocrx_word' id='word_1_66' title='bbox 474 857 663 911; x_wconf 79' lang='lat' dir='ltr'>Euryali,</span> <span class='ocrx_word' id='word_1_67' title='bbox 684 872 767 898; x_wconf 90' lang='lat' dir='ltr'>non</span> <span class='ocrx_word' id='word_1_68' title='bbox 787 856 855 897; x_wconf 93' lang='lat' dir='ltr'>ille</span> <span class='ocrx_word' id='word_1_69' title='bbox 876 856 1032 896; x_wconf 86' lang='lat' dir='ltr'>oblitus</span> <span class='ocrx_word' id='word_1_70' title='bbox 1053 869 1265 904; x_wconf 82' lang='lat' dir='ltr'>amorum3</span> 
     </span>
    </p>
   </div>
   <div class='ocr_carea' id='block_1_7' title="bbox 190 911 1254 969">
    <p class='ocr_par' dir='ltr' id='par_1_10' title="bbox 190 911 1254 969">
     <span class='ocr_line' id='line_1_14' title="bbox 190 911 1254 969; baseline -0.004 -14"><span class='ocrx_word' id='word_1_71' title='bbox 190 914 306 955; x_wconf 89' lang='lat' dir='ltr'>Nam</span> <span class='ocrx_word' id='word_1_72' title='bbox 327 930 416 956; x_wconf 88' lang='lat' dir='ltr'>sese</span> <span class='ocrx_word' id='word_1_73' title='bbox 437 915 634 969; x_wconf 87' lang='lat' dir='ltr'>opposuit</span> <span class='ocrx_word' id='word_1_74' title='bbox 654 913 768 954; x_wconf 86' lang='lat' dir='ltr'>Salio</span> <span class='ocrx_word' id='word_1_75' title='bbox 787 927 865 967; x_wconf 87' lang='lat' dir='ltr'>per</span> <span class='ocrx_word' id='word_1_76' title='bbox 883 911 1044 953; x_wconf 89' lang='lat' dir='ltr'>lubrica</span> <span class='ocrx_word' id='word_1_77' title='bbox 1065 926 1254 966; x_wconf 80' lang='lat' dir='ltr'>surgens.</span> 
     </span>
    </p>
   </div>
   <div class='ocr_carea' id='block_1_8' title="bbox 192 968 1638 1476">
    <p class='ocr_par' dir='ltr' id='par_1_11' title="bbox 192 968 1128 1026">
     <span class='ocr_line' id='line_1_15' title="bbox 192 968 1128 1026; baseline -0.005 -14"><span class='ocrx_word' id='word_1_78' title='bbox 192 971 268 1012; x_wconf 81' lang='lat' dir='ltr'>Ille</span> <span class='ocrx_word' id='word_1_79' title='bbox 290 979 428 1012; x_wconf 84' lang='lat' dir='ltr'>autem</span> <span class='ocrx_word' id='word_1_80' title='bbox 449 972 581 1026; x_wconf 85' lang='lat' dir='ltr'>spissa</span> <span class='ocrx_word' id='word_1_81' title='bbox 594 971 728 1025; x_wconf 87' lang='lat' dir='ltr'>jacuit</span> <span class='ocrx_word' id='word_1_82' title='bbox 754 968 967 1010; x_wconf 86' lang='lat' dir='ltr'>revolutus</span> <span class='ocrx_word' id='word_1_83' title='bbox 989 983 1128 1009; x_wconf 86' lang='lat' dir='ltr'>arena.</span> 
     </span>
    </p>

    <p class='ocr_par' dir='ltr' id='par_1_12' title="bbox 195 1024 1151 1082">
     <span class='ocr_line' id='line_1_16' title="bbox 195 1024 1151 1082; baseline -0.004 -14"><span class='ocrx_word' id='word_1_84' title='bbox 195 1027 361 1070; x_wconf 84' lang='lat' dir='ltr'>Emicat</span> <span class='ocrx_word' id='word_1_85' title='bbox 383 1027 607 1082; x_wconf 85' lang='lat' dir='ltr'>Euryalus,</span> <span class='ocrx_word' id='word_1_86' title='bbox 628 1034 671 1068; x_wconf 89' lang='lat' dir='ltr'>et</span> <span class='ocrx_word' id='word_1_87' title='bbox 685 1040 857 1067; x_wconf 88' lang='lat' dir='ltr'>munere</span> <span class='ocrx_word' id='word_1_88' title='bbox 877 1026 1009 1066; x_wconf 88' lang='lat' dir='ltr'>victor</span> <span class='ocrx_word' id='word_1_89' title='bbox 1030 1024 1151 1065; x_wconf 84' lang='lat' dir='ltr'>amici</span> 
     </span>
    </p>

    <p class='ocr_par' dir='ltr' id='par_1_13' title="bbox 194 1080 1355 1138">
     <span class='ocr_line' id='line_1_17' title="bbox 194 1080 1355 1138; baseline -0.004 -13"><span class='ocrx_word' id='word_1_90' title='bbox 194 1084 336 1125; x_wconf 84' lang='lat' dir='ltr'>Prima</span> <span class='ocrx_word' id='word_1_91' title='bbox 355 1091 482 1134; x_wconf 90' lang='lat' dir='ltr'>tenet,</span> <span class='ocrx_word' id='word_1_92' title='bbox 500 1083 734 1138; x_wconf 87' lang='lat' dir='ltr'>plausuque</span> <span class='ocrx_word' id='word_1_93' title='bbox 754 1082 865 1124; x_wconf 79' lang='lat' dir='ltr'>volat</span> <span class='ocrx_word' id='word_1_94' title='bbox 886 1081 1135 1134; x_wconf 88' lang='lat' dir='ltr'>fremituque</span> <span class='ocrx_word' id='word_1_95' title='bbox 1156 1080 1355 1121; x_wconf 86' lang='lat' dir='ltr'>secundo.</span> 
     </span>
    </p>

    <p class='ocr_par' dir='ltr' id='par_1_14' title="bbox 195 1137 1353 1195">
     <span class='ocr_line' id='line_1_18' title="bbox 195 1137 1353 1195; baseline -0.005 -13"><span class='ocrx_word' id='word_1_96' title='bbox 195 1141 300 1182; x_wconf 79' lang='lat' dir='ltr'>Post</span> <span class='ocrx_word' id='word_1_97' title='bbox 321 1141 526 1195; x_wconf 84' lang='lat' dir='ltr'>Helymus</span> <span class='ocrx_word' id='word_1_98' title='bbox 547 1141 672 1189; x_wconf 87' lang='lat' dir='ltr'>subit,</span> <span class='ocrx_word' id='word_1_99' title='bbox 695 1147 736 1180; x_wconf 87' lang='lat' dir='ltr'>et</span> <span class='ocrx_word' id='word_1_100' title='bbox 757 1153 866 1180; x_wconf 89' lang='lat' dir='ltr'>nunc</span> <span class='ocrx_word' id='word_1_101' title='bbox 889 1138 1012 1179; x_wconf 86' lang='lat' dir='ltr'>tertia</span> <span class='ocrx_word' id='word_1_102' title='bbox 1023 1137 1161 1191; x_wconf 81' lang='lat' dir='ltr'>palma</span> <span class='ocrx_word' id='word_1_103' title='bbox 1183 1137 1353 1177; x_wconf 88' lang='lat' dir='ltr'>Diores.</span> 
     </span>
    </p>

    <p class='ocr_par' dir='ltr' id='par_1_15' title="bbox 196 1190 1638 1307">
     <span class='ocr_line' id='line_1_19' title="bbox 196 1190 1638 1247; baseline -0.006 -9"><span class='ocrx_word' id='word_1_104' title='bbox 196 1197 281 1238; x_wconf 86' lang='lat' dir='ltr'>Hie</span> <span class='ocrx_word' id='word_1_105' title='bbox 303 1205 435 1238; x_wconf 87' lang='lat' dir='ltr'>totum</span> <span class='ocrx_word' id='word_1_106' title='bbox 451 1212 589 1238; x_wconf 87' lang='lat' dir='ltr'>caveae</span> <span class='ocrx_word' id='word_1_107' title='bbox 609 1210 849 1237; x_wconf 87' lang='lat' dir='ltr'>consessum</span> <span class='ocrx_word' id='word_1_108' title='bbox 868 1195 1062 1247; x_wconf 82' lang='lat' dir='ltr'>ingentis,</span> <span class='ocrx_word' id='word_1_109' title='bbox 1085 1200 1127 1234; x_wconf 83' lang='lat' dir='ltr'>et</span> <span class='ocrx_word' id='word_1_110' title='bbox 1143 1208 1216 1233; x_wconf 86' lang='lat' dir='ltr'>ora</span> <span class='ocrx_word' id='word_1_111' title='bbox 1554 1190 1638 1229; x_wconf 56' lang='lat'>3420</span> 
     </span>
     <span class='ocr_line' id='line_1_20' title="bbox 196 1248 1322 1307; baseline -0.005 -12"><span class='ocrx_word' id='word_1_112' title='bbox 196 1253 338 1295; x_wconf 83' lang='lat' dir='ltr'>Prima</span> <span class='ocrx_word' id='word_1_113' title='bbox 356 1261 536 1307; x_wconf 85' lang='lat' dir='ltr'>patrum,</span> <span class='ocrx_word' id='word_1_114' title='bbox 558 1252 718 1306; x_wconf 80' lang='lat' dir='ltr'>magnis</span> <span class='ocrx_word' id='word_1_115' title='bbox 741 1251 877 1292; x_wconf 86' lang='lat' dir='ltr'>Salius</span> <span class='ocrx_word' id='word_1_116' title='bbox 895 1251 1145 1292; x_wconf 89' lang='lat' dir='ltr'>clamoribus</span> <span class='ocrx_word' id='word_1_117' title='bbox 1166 1248 1322 1303; x_wconf 83' lang='lat' dir='ltr'>implet,</span> 
     </span>
    </p>

    <p class='ocr_par' dir='ltr' id='par_1_16' title="bbox 200 1307 1235 1364">
     <span class='ocr_line' id='line_1_21' title="bbox 200 1307 1235 1364; baseline -0.005 -14"><span class='ocrx_word' id='word_1_118' title='bbox 200 1310 491 1364; x_wconf 81' lang='lat' dir='ltr'>Ereptumque</span> <span class='ocrx_word' id='word_1_119' title='bbox 509 1308 605 1350; x_wconf 91' lang='lat' dir='ltr'>dolo</span> <span class='ocrx_word' id='word_1_120' title='bbox 626 1308 748 1349; x_wconf 87' lang='lat' dir='ltr'>reddi</span> <span class='ocrx_word' id='word_1_121' title='bbox 769 1308 846 1348; x_wconf 84' lang='lat' dir='ltr'>sibi</span> <span class='ocrx_word' id='word_1_122' title='bbox 865 1308 1000 1361; x_wconf 87' lang='lat' dir='ltr'>poscit</span> <span class='ocrx_word' id='word_1_123' title='bbox 1019 1307 1235 1346; x_wconf 86' lang='lat' dir='ltr'>honorem.</span> 
     </span>
    </p>

    <p class='ocr_par' dir='ltr' id='par_1_17' title="bbox 198 1362 1275 1417">
     <span class='ocr_line' id='line_1_22' title="bbox 198 1362 1275 1417; baseline -0.006 -10"><span class='ocrx_word' id='word_1_124' title='bbox 198 1366 385 1407; x_wconf 84' lang='lat' dir='ltr'>Tutatur</span> <span class='ocrx_word' id='word_1_125' title='bbox 406 1366 522 1406; x_wconf 85' lang='lat' dir='ltr'>favor</span> <span class='ocrx_word' id='word_1_126' title='bbox 544 1363 789 1417; x_wconf 85' lang='lat' dir='ltr'>Euryalum,</span> <span class='ocrx_word' id='word_1_127' title='bbox 808 1364 1074 1416; x_wconf 84' lang='lat' dir='ltr'>lacrimaeque</span> <span class='ocrx_word' id='word_1_128' title='bbox 1095 1362 1275 1411; x_wconf 78' lang='lat' dir='ltr'>decorae,</span> 
     </span>
    </p>

    <p class='ocr_par' dir='ltr' id='par_1_18' title="bbox 201 1418 1216 1476">
     <span class='ocr_line' id='line_1_23' title="bbox 201 1418 1216 1476; baseline -0.005 -13"><span class='ocrx_word' id='word_1_129' title='bbox 201 1423 376 1463; x_wconf 84' lang='lat' dir='ltr'>Gratior</span> <span class='ocrx_word' id='word_1_130' title='bbox 395 1429 436 1462; x_wconf 91' lang='lat' dir='ltr'>et</span> <span class='ocrx_word' id='word_1_131' title='bbox 456 1421 602 1476; x_wconf 88' lang='lat' dir='ltr'>pulcro</span> <span class='ocrx_word' id='word_1_132' title='bbox 623 1420 792 1461; x_wconf 90' lang='lat' dir='ltr'>veniens</span> <span class='ocrx_word' id='word_1_133' title='bbox 813 1420 853 1459; x_wconf 89' lang='lat' dir='ltr'>in</span> <span class='ocrx_word' id='word_1_134' title='bbox 875 1434 1052 1473; x_wconf 88' lang='lat' dir='ltr'>corpore</span> <span class='ocrx_word' id='word_1_135' title='bbox 1072 1418 1216 1459; x_wconf 83' lang='lat' dir='ltr'>virtus.</span> 
     </span>
    </p>
   </div>
   <div class='ocr_carea' id='block_1_9' title="bbox 198 1475 1197 1532">
    <p class='ocr_par' dir='ltr' id='par_1_19' title="bbox 198 1475 1197 1532">
     <span class='ocr_line' id='line_1_24' title="bbox 198 1475 1197 1532; baseline -0.004 -13"><span class='ocrx_word' id='word_1_136' title='bbox 198 1478 402 1532; x_wconf 78' lang='lat' dir='ltr'>Adjuvat,</span> <span class='ocrx_word' id='word_1_137' title='bbox 423 1486 466 1519; x_wconf 90' lang='lat' dir='ltr'>et</span> <span class='ocrx_word' id='word_1_138' title='bbox 485 1492 636 1532; x_wconf 81' lang='lat' dir='ltr'>magna</span> <span class='ocrx_word' id='word_1_139' title='bbox 655 1475 886 1531; x_wconf 80' lang='lat' dir='ltr'>proclamat</span> <span class='ocrx_word' id='word_1_140' title='bbox 905 1490 1007 1517; x_wconf 91' lang='lat' dir='ltr'>voce</span> <span class='ocrx_word' id='word_1_141' title='bbox 1029 1475 1197 1524; x_wconf 79' lang='lat' dir='ltr'>Diores,</span> 
     </span>
    </p>
   </div>
   <div class='ocr_carea' id='block_1_10' title="bbox 1558 1470 1641 1513">
    <p class='ocr_par' dir='ltr' id='par_1_20' title="bbox 1558 1470 1641 1513">
     <span class='ocr_line' id='line_1_25' title="bbox 1558 1471 1583 1512; textangle 90"><span class='ocrx_word' id='word_1_142' title='bbox 1558 1471 1583 1512; x_wconf 67' lang='lat'>00</span> 
     </span>
     <span class='ocr_line' id='line_1_26' title="bbox 1587 1470 1641 1513; textangle 90"><span class='ocrx_word' id='word_1_143' title='bbox 1587 1470 1641 1513; x_wconf 54' lang='grc' dir='ltr'><em>ἒ</em></span> 
     </span>
    </p>
   </div>
   <div class='ocr_carea' id='block_1_11' title="bbox 200 1531 1343 1702">
    <p class='ocr_par' dir='ltr' id='par_1_21' title="bbox 200 1531 1343 1702">
     <span class='ocr_line' id='line_1_27' title="bbox 201 1531 1277 1588; baseline -0.004 -13"><span class='ocrx_word' id='word_1_144' title='bbox 201 1535 290 1581; x_wconf 79' lang='lat' dir='ltr'>Qui</span> <span class='ocrx_word' id='word_1_145' title='bbox 307 1536 434 1576; x_wconf 87' lang='lat' dir='ltr'>subiit</span> <span class='ocrx_word' id='word_1_146' title='bbox 453 1534 616 1588; x_wconf 81' lang='lat' dir='ltr'>palmae,</span> <span class='ocrx_word' id='word_1_147' title='bbox 638 1533 878 1587; x_wconf 82' lang='lat' dir='ltr'>frustraque</span> <span class='ocrx_word' id='word_1_148' title='bbox 899 1533 953 1573; x_wconf 83' lang='lat' dir='ltr'>ad</span> <span class='ocrx_word' id='word_1_149' title='bbox 973 1532 1144 1586; x_wconf 78' lang='lat' dir='ltr'>praemia</span> <span class='ocrx_word' id='word_1_150' title='bbox 1165 1531 1277 1572; x_wconf 85' lang='lat' dir='ltr'>venit</span> 
     </span>
     <span class='ocr_line' id='line_1_28' title="bbox 202 1589 1176 1645; baseline -0.003 -14"><span class='ocrx_word' id='word_1_151' title='bbox 202 1591 373 1640; x_wconf 84' lang='lat' dir='ltr'>Ultima,</span> <span class='ocrx_word' id='word_1_152' title='bbox 397 1592 430 1631; x_wconf 90' lang='lat' dir='ltr'>si</span> <span class='ocrx_word' id='word_1_153' title='bbox 450 1591 570 1645; x_wconf 87' lang='lat' dir='ltr'>primi</span> <span class='ocrx_word' id='word_1_154' title='bbox 591 1590 704 1632; x_wconf 84' lang='lat' dir='ltr'>Salio</span> <span class='ocrx_word' id='word_1_155' title='bbox 724 1590 961 1630; x_wconf 80' lang='lat' dir='ltr'>redduntur</span> <span class='ocrx_word' id='word_1_156' title='bbox 981 1589 1176 1630; x_wconf 88' lang='lat' dir='ltr'>honores.</span> 
     </span>
     <span class='ocr_line' id='line_1_29' title="bbox 200 1642 1343 1702; baseline -0.004 -13"><span class='ocrx_word' id='word_1_157' title='bbox 200 1647 315 1689; x_wconf 78' lang='lat' dir='ltr'>Tum</span> <span class='ocrx_word' id='word_1_158' title='bbox 334 1655 455 1702; x_wconf 82' lang='lat' dir='ltr'>pater</span> <span class='ocrx_word' id='word_1_159' title='bbox 475 1647 653 1697; x_wconf 85' lang='lat' dir='ltr'>AEneas,</span> <span class='ocrx_word' id='word_1_160' title='bbox 674 1646 841 1696; x_wconf 84' lang='lat' dir='ltr'>Vestra,</span> <span class='ocrx_word' id='word_1_161' title='bbox 862 1646 1010 1700; x_wconf 86' lang='lat' dir='ltr'>inquit,</span> <span class='ocrx_word' id='word_1_162' title='bbox 1031 1659 1204 1686; x_wconf 85' lang='lat' dir='ltr'>munera</span> <span class='ocrx_word' id='word_1_163' title='bbox 1224 1642 1343 1685; x_wconf 86' lang='lat' dir='ltr'>vobis</span> 
     </span>
    </p>
   </div>
   <div class='ocr_carea' id='block_1_12' title="bbox 201 1756 918 2715">
    <p class='ocr_par' dir='ltr' id='par_1_22' title="bbox 201 1756 917 2561">
     <span class='ocr_line' id='line_1_30' title="bbox 201 1756 903 1794; baseline -0.004 -7"><span class='ocrx_word' id='word_1_164' title='bbox 201 1759 271 1793; x_wconf 74' lang='lat'>705,</span> <span class='ocrx_word' id='word_1_165' title='bbox 294 1769 328 1787; x_wconf 87' lang='lat' dir='ltr'>ne</span> <span class='ocrx_word' id='word_1_166' title='bbox 344 1758 456 1787; x_wconf 85' lang='lat' dir='ltr'>dubita.</span> <span class='ocrx_word' id='word_1_167' title='bbox 495 1758 564 1786; x_wconf 80' lang='lat'>325.</span> <span class='ocrx_word' id='word_1_168' title='bbox 585 1758 645 1786; x_wconf 80' lang='lat'>326</span> <span class='ocrx_word' id='word_1_169' title='bbox 665 1761 695 1786; x_wconf 84' lang='lat' dir='ltr'>et</span> <span class='ocrx_word' id='word_1_170' title='bbox 709 1757 734 1786; x_wconf 87' lang='lat' dir='ltr'>si</span> <span class='ocrx_word' id='word_1_171' title='bbox 749 1756 816 1794; x_wconf 80' lang='lat' dir='ltr'>plus</span> <span class='ocrx_word' id='word_1_172' title='bbox 836 1766 903 1794; x_wconf 75' lang='lat' dir='ltr'>spa—</span> 
     </span>
     <span class='ocr_line' id='line_1_31' title="bbox 203 1795 905 1834; baseline -0.003 -9"><span class='ocrx_word' id='word_1_173' title='bbox 203 1797 237 1824; x_wconf 78' lang='lat' dir='ltr'>tii</span> <span class='ocrx_word' id='word_1_174' title='bbox 252 1801 432 1834; x_wconf 76' lang='lat' dir='ltr'>superesset,</span> <span class='ocrx_word' id='word_1_175' title='bbox 456 1806 509 1824; x_wconf 81' lang='lat' dir='ltr'>nec</span> <span class='ocrx_word' id='word_1_176' title='bbox 524 1795 664 1824; x_wconf 86' lang='lat' dir='ltr'>curriculi</span> <span class='ocrx_word' id='word_1_177' title='bbox 680 1799 769 1823; x_wconf 78' lang='lat' dir='ltr'>meta:</span> <span class='ocrx_word' id='word_1_178' title='bbox 782 1796 905 1831; x_wconf 83' lang='lat' dir='ltr'>jamjam</span> 
     </span>
     <span class='ocr_line' id='line_1_32' title="bbox 203 1832 905 1872; baseline -0.004 -9"><span class='ocrx_word' id='word_1_179' title='bbox 203 1835 488 1872; x_wconf 81' lang='lat' dir='ltr'>appropinquarent,</span> <span class='ocrx_word' id='word_1_180' title='bbox 517 1838 568 1862; x_wconf 84' lang='lat' dir='ltr'>aut</span> <span class='ocrx_word' id='word_1_181' title='bbox 602 1833 765 1870; x_wconf 81' lang='lat' dir='ltr'>Helymum</span> <span class='ocrx_word' id='word_1_182' title='bbox 794 1832 905 1861; x_wconf 85' lang='lat' dir='ltr'>Diores</span> 
     </span>
     <span class='ocr_line' id='line_1_33' title="bbox 204 1871 905 1910; baseline -0.004 -9"><span class='ocrx_word' id='word_1_183' title='bbox 204 1882 296 1901; x_wconf 83' lang='lat' dir='ltr'>cursu</span> <span class='ocrx_word' id='word_1_184' title='bbox 312 1872 528 1910; x_wconf 85' lang='lat' dir='ltr'>praevertisset,</span> <span class='ocrx_word' id='word_1_185' title='bbox 554 1875 606 1899; x_wconf 85' lang='lat' dir='ltr'>aut</span> <span class='ocrx_word' id='word_1_186' title='bbox 625 1871 730 1899; x_wconf 85' lang='lat' dir='ltr'>saltem</span> <span class='ocrx_word' id='word_1_187' title='bbox 743 1874 905 1908; x_wconf 71' lang='lat' dir='ltr'>aequasset.</span> 
     </span>
     <span class='ocr_line' id='line_1_34' title="bbox 208 1908 904 1948; baseline -0.006 -9"><span class='ocrx_word' id='word_1_188' title='bbox 208 1911 278 1939; x_wconf 85' lang='lat' dir='ltr'>Hoc</span> <span class='ocrx_word' id='word_1_189' title='bbox 304 1915 349 1938; x_wconf 87' lang='lat' dir='ltr'>est</span> <span class='ocrx_word' id='word_1_190' title='bbox 374 1910 534 1948; x_wconf 74' lang='lat' dir='ltr'>ambiyuum</span> <span class='ocrx_word' id='word_1_191' title='bbox 560 1909 704 1947; x_wconf 79' lang='lat' dir='ltr'>relinquat</span> <span class='ocrx_word' id='word_1_192' title='bbox 731 1918 811 1942; x_wconf 85' lang='lat' dir='ltr'>eum,</span> <span class='ocrx_word' id='word_1_193' title='bbox 834 1908 864 1936; x_wconf 85' lang='lat' dir='ltr'>h.</span> <span class='ocrx_word' id='word_1_194' title='bbox 878 1918 904 1936; x_wconf 91' lang='lat' dir='ltr'>e.</span> 
     </span>
     <span class='ocr_line' id='line_1_35' title="bbox 206 1946 906 1987; baseline -0.006 -10"><span class='ocrx_word' id='word_1_195' title='bbox 206 1949 405 1987; x_wconf 81' lang='lat' dir='ltr'>ambigentem</span> <span class='ocrx_word' id='word_1_196' title='bbox 420 1949 458 1977; x_wconf 91' lang='lat' dir='ltr'>de</span> <span class='ocrx_word' id='word_1_197' title='bbox 474 1958 580 1976; x_wconf 84' lang='lat' dir='ltr'>cursus</span> <span class='ocrx_word' id='word_1_198' title='bbox 595 1946 702 1986; x_wconf 84' lang='lat' dir='ltr'>palma,</span> <span class='ocrx_word' id='word_1_199' title='bbox 727 1946 776 1975; x_wconf 87' lang='lat' dir='ltr'>vel</span> <span class='ocrx_word' id='word_1_200' title='bbox 796 1947 834 1974; x_wconf 85' lang='lat' dir='ltr'>(le</span> <span class='ocrx_word' id='word_1_201' title='bbox 848 1956 906 1983; x_wconf 90' lang='lat' dir='ltr'>quo</span> 
     </span>
     <span class='ocr_line' id='line_1_36' title="bbox 207 1984 907 2024; baseline -0.006 -9"><span class='ocrx_word' id='word_1_202' title='bbox 207 1987 394 2024; x_wconf 79' lang='lat' dir='ltr'>ambigerent</span> <span class='ocrx_word' id='word_1_203' title='bbox 420 1987 577 2016; x_wconf 79' lang='lat' dir='ltr'>alii.-327</span> <span class='ocrx_word' id='word_1_204' title='bbox 600 1996 667 2023; x_wconf 85' lang='lat' dir='ltr'>sqq.</span> <span class='ocrx_word' id='word_1_205' title='bbox 707 1985 757 2014; x_wconf 88' lang='lat' dir='ltr'>Ad</span> <span class='ocrx_word' id='word_1_206' title='bbox 780 1984 907 2013; x_wconf 79' lang='lat' dir='ltr'>Homeri</span> 
     </span>
     <span class='ocr_line' id='line_1_37' title="bbox 209 2023 908 2063; baseline -0.004 -10"><span class='ocrx_word' id='word_1_207' title='bbox 209 2026 331 2054; x_wconf 85' lang='lat' dir='ltr'>ductum</span> <span class='ocrx_word' id='word_1_208' title='bbox 346 2025 366 2053; x_wconf 92' lang='lat' dir='ltr'>l.</span> <span class='ocrx_word' id='word_1_209' title='bbox 379 2036 404 2054; x_wconf 90' lang='lat' dir='ltr'>c.</span> <span class='ocrx_word' id='word_1_210' title='bbox 419 2026 476 2054; x_wconf 82' lang='lat'>773</span> <span class='ocrx_word' id='word_1_211' title='bbox 492 2035 558 2063; x_wconf 85' lang='lat' dir='ltr'>sqq.</span> <span class='ocrx_word' id='word_1_212' title='bbox 571 2028 599 2054; x_wconf 86' lang='lat' dir='ltr'>et</span> <span class='ocrx_word' id='word_1_213' title='bbox 615 2025 672 2053; x_wconf 83' lang='lat'>539</span> <span class='ocrx_word' id='word_1_214' title='bbox 688 2033 753 2061; x_wconf 86' lang='lat' dir='ltr'>sqq.</span> <span class='ocrx_word' id='word_1_215' title='bbox 782 2023 829 2052; x_wconf 84' lang='lat' dir='ltr'>An</span> <span class='ocrx_word' id='word_1_216' title='bbox 842 2023 908 2060; x_wconf 81' lang='lat' dir='ltr'>dig-</span> 
     </span>
     <span class='ocr_line' id='line_1_38' title="bbox 207 2062 910 2101; baseline -0.004 -9"><span class='ocrx_word' id='word_1_217' title='bbox 207 2063 286 2092; x_wconf 77' lang='lat' dir='ltr'>nitas</span> <span class='ocrx_word' id='word_1_218' title='bbox 302 2063 379 2101; x_wconf 82' lang='lat' dir='ltr'>epici</span> <span class='ocrx_word' id='word_1_219' title='bbox 393 2062 533 2092; x_wconf 79' lang='lat' dir='ltr'>carminis</span> <span class='ocrx_word' id='word_1_220' title='bbox 552 2073 642 2091; x_wconf 78' lang='lat' dir='ltr'>versu</span> <span class='ocrx_word' id='word_1_221' title='bbox 655 2062 783 2091; x_wconf 86' lang='lat' dir='ltr'>maxime</span> <span class='ocrx_word' id='word_1_222' title='bbox 799 2062 857 2090; x_wconf 79' lang='lat'>333</span> <span class='ocrx_word' id='word_1_223' title='bbox 879 2064 910 2089; x_wconf 84' lang='lat' dir='ltr'>et</span> 
     </span>
     <span class='ocr_line' id='line_1_39' title="bbox 207 2099 909 2138; baseline -0.004 -8"><span class='ocrx_word' id='word_1_224' title='bbox 207 2103 276 2130; x_wconf 78' lang='lat'>357.</span> <span class='ocrx_word' id='word_1_225' title='bbox 290 2103 348 2131; x_wconf 74' lang='lat'>358</span> <span class='ocrx_word' id='word_1_226' title='bbox 360 2102 432 2130; x_wconf 80' lang='lat' dir='ltr'>satis</span> <span class='ocrx_word' id='word_1_227' title='bbox 448 2101 619 2131; x_wconf 85' lang='lat' dir='ltr'>consultum</span> <span class='ocrx_word' id='word_1_228' title='bbox 631 2101 680 2134; x_wconf 84' lang='lat' dir='ltr'>sit,</span> <span class='ocrx_word' id='word_1_229' title='bbox 693 2099 853 2138; x_wconf 81' lang='lat' dir='ltr'>quaesitum</span> <span class='ocrx_word' id='word_1_230' title='bbox 863 2103 909 2128; x_wconf 80' lang='lat' dir='ltr'>est</span> 
     </span>
     <span class='ocr_line' id='line_1_40' title="bbox 209 2138 908 2177; baseline -0.006 -8"><span class='ocrx_word' id='word_1_231' title='bbox 209 2151 226 2169; x_wconf 78' lang='lat' dir='ltr'>a</span> <span class='ocrx_word' id='word_1_232' title='bbox 252 2140 324 2169; x_wconf 82' lang='lat' dir='ltr'>viris</span> <span class='ocrx_word' id='word_1_233' title='bbox 352 2140 462 2169; x_wconf 85' lang='lat' dir='ltr'>doctis.</span> <span class='ocrx_word' id='word_1_234' title='bbox 515 2140 618 2169; x_wconf 77' lang='lat' dir='ltr'>Finem</span> <span class='ocrx_word' id='word_1_235' title='bbox 645 2138 825 2177; x_wconf 75' lang='lat' dir='ltr'>exquisitius</span> <span class='ocrx_word' id='word_1_236' title='bbox 875 2147 908 2166; x_wconf 91' lang='lat' dir='ltr'>ro</span> 
     </span>
     <span class='ocr_line' id='line_1_41' title="bbox 211 2175 909 2216; baseline -0.004 -9"><span class='ocrx_word' id='word_1_237' title='bbox 211 2184 291 2207; x_wconf 79' lang='lat' dir='ltr'>meta</span> <span class='ocrx_word' id='word_1_238' title='bbox 318 2179 406 2207; x_wconf 77' lang='lat' dir='ltr'>dixit.</span> <span class='ocrx_word' id='word_1_239' title='bbox 430 2178 484 2208; x_wconf 73' lang='lat' dir='ltr'>levi</span> <span class='ocrx_word' id='word_1_240' title='bbox 512 2177 650 2216; x_wconf 70' lang='lat' dir='ltr'>sanquine</span> <span class='ocrx_word' id='word_1_241' title='bbox 679 2187 734 2215; x_wconf 90' lang='lat' dir='ltr'>pro</span> <span class='ocrx_word' id='word_1_242' title='bbox 758 2176 822 2205; x_wconf 90' lang='lat' dir='ltr'>solo</span> <span class='ocrx_word' id='word_1_243' title='bbox 861 2175 909 2205; x_wconf 85' lang='lat' dir='ltr'>evi</span> 
     </span>
     <span class='ocr_line' id='line_1_42' title="bbox 210 2215 910 2256; baseline -0.003 -12"><span class='ocrx_word' id='word_1_244' title='bbox 210 2221 336 2256; x_wconf 79' lang='lat' dir='ltr'>propter</span> <span class='ocrx_word' id='word_1_245' title='bbox 359 2217 640 2254; x_wconf 77' lang='lat' dir='ltr'>sanguinem.—33O</span> <span class='ocrx_word' id='word_1_246' title='bbox 662 2215 781 2254; x_wconf 85' lang='lat' dir='ltr'>sanguis</span> <span class='ocrx_word' id='word_1_247' title='bbox 803 2224 910 2252; x_wconf 83' lang='lat' dir='ltr'>super-</span> 
     </span>
     <span class='ocr_line' id='line_1_43' title="bbox 212 2253 914 2289; baseline -0.001 -7"><span class='ocrx_word' id='word_1_248' title='bbox 212 2256 310 2289; x_wconf 61' lang='lat' dir='ltr'>susm,</span> <span class='ocrx_word' id='word_1_249' title='bbox 351 2256 401 2284; x_wconf 78' lang='lat' dir='ltr'>vel</span> <span class='ocrx_word' id='word_1_250' title='bbox 430 2256 544 2284; x_wconf 79' lang='lat' dir='ltr'>ell&#39;usus</span> <span class='ocrx_word' id='word_1_251' title='bbox 570 2255 771 2284; x_wconf 76' lang='lat' dir='ltr'>madefecerat</span> <span class='ocrx_word' id='word_1_252' title='bbox 793 2253 914 2282; x_wconf 81' lang='lat' dir='ltr'>humum</span> 
     </span>
     <span class='ocr_line' id='line_1_44' title="bbox 211 2291 916 2332; baseline -0.004 -10"><span class='ocrx_word' id='word_1_253' title='bbox 211 2294 539 2332; x_wconf 71' lang='lat' dir='ltr'>lierl)osa1n.—vesti9ia</span> <span class='ocrx_word' id='word_1_254' title='bbox 560 2294 693 2326; x_wconf 76' lang='lat' dir='ltr'>titubata,</span> <span class='ocrx_word' id='word_1_255' title='bbox 713 2291 867 2325; x_wconf 81' lang='lat' dir='ltr'>audacius,</span> <span class='ocrx_word' id='word_1_256' title='bbox 881 2295 916 2320; x_wconf 90' lang='lat' dir='ltr'>ut</span> 
     </span>
     <span class='ocr_line' id='line_1_45' title="bbox 215 2331 915 2369; baseline -0.003 -9"><span class='ocrx_word' id='word_1_257' title='bbox 215 2342 232 2360; x_wconf 85' lang='lat' dir='ltr'>a</span> <span class='ocrx_word' id='word_1_258' title='bbox 253 2333 354 2368; x_wconf 70' lang='lat' dir='ltr'>pocta,</span> <span class='ocrx_word' id='word_1_259' title='bbox 382 2342 437 2369; x_wconf 84' lang='lat' dir='ltr'>pro</span> <span class='ocrx_word' id='word_1_260' title='bbox 483 2333 588 2361; x_wconf 84' lang='lat' dir='ltr'>edibus</span> <span class='ocrx_word' id='word_1_261' title='bbox 611 2331 915 2360; x_wconf 73' lang='lat' dir='ltr'>titubantibus.-—33-1</span> 
     </span>
     <span class='ocr_line' id='line_1_46' title="bbox 216 2368 916 2408; baseline -0.003 -10"><span class='ocrx_word' id='word_1_262' title='bbox 216 2380 327 2398; x_wconf 67' lang='lat' dir='ltr'>amores</span> <span class='ocrx_word' id='word_1_263' title='bbox 352 2370 424 2398; x_wconf 82' lang='grc'><strong>1111111</strong></span> <span class='ocrx_word' id='word_1_264' title='bbox 441 2381 457 2398; x_wconf 87' lang='lat' dir='ltr'>a</span> <span class='ocrx_word' id='word_1_265' title='bbox 471 2372 521 2399; x_wconf 87' lang='lat' dir='ltr'>iud</span> <span class='ocrx_word' id='word_1_266' title='bbox 535 2374 613 2405; x_wconf 86' lang='lat' dir='ltr'>sunt,</span> <span class='ocrx_word' id='word_1_267' title='bbox 638 2379 724 2408; x_wconf 79' lang='lat' dir='ltr'>quam</span> <span class='ocrx_word' id='word_1_268' title='bbox 738 2368 858 2407; x_wconf 74' lang='lat' dir='ltr'>po‘c‘tica</span> <span class='ocrx_word' id='word_1_269' title='bbox 871 2379 916 2397; x_wconf 83' lang='lat' dir='ltr'>ra-</span> 
     </span>
     <span class='ocr_line' id='line_1_47' title="bbox 214 2406 917 2447; baseline 0.001 -12"><span class='ocrx_word' id='word_1_270' title='bbox 214 2408 294 2436; x_wconf 73' lang='lat' dir='ltr'>tione</span> <span class='ocrx_word' id='word_1_271' title='bbox 314 2408 452 2445; x_wconf 73' lang='lat' dir='ltr'>vulgare:</span> <span class='ocrx_word' id='word_1_272' title='bbox 477 2419 559 2438; x_wconf 82' lang='lat' dir='ltr'>amor</span> <span class='ocrx_word' id='word_1_273' title='bbox 572 2409 648 2447; x_wconf 85' lang='lat' dir='ltr'>sing.</span> <span class='ocrx_word' id='word_1_274' title='bbox 663 2417 798 2440; x_wconf 83' lang='lat' dir='ltr'>numero,</span> <span class='ocrx_word' id='word_1_275' title='bbox 815 2406 917 2436; x_wconf 77' lang='lat' dir='ltr'>:unici-</span> 
     </span>
     <span class='ocr_line' id='line_1_48' title="bbox 214 2445 914 2485; baseline -0.001 -11"><span class='ocrx_word' id='word_1_276' title='bbox 214 2446 267 2480; x_wconf 79' lang='lat' dir='ltr'>tiu,</span> <span class='ocrx_word' id='word_1_277' title='bbox 283 2451 313 2475; x_wconf 82' lang='lat' dir='ltr'>et</span> <span class='ocrx_word' id='word_1_278' title='bbox 334 2457 410 2475; x_wconf 87' lang='lat' dir='ltr'>nunc</span> <span class='ocrx_word' id='word_1_279' title='bbox 431 2457 484 2485; x_wconf 88' lang='lat' dir='ltr'>pro</span> <span class='ocrx_word' id='word_1_280' title='bbox 503 2447 613 2481; x_wconf 73' lang='lat' dir='ltr'>amico3</span> <span class='ocrx_word' id='word_1_281' title='bbox 635 2447 746 2485; x_wconf 86' lang='lat' dir='ltr'>quippe</span> <span class='ocrx_word' id='word_1_282' title='bbox 770 2445 851 2473; x_wconf 79' lang='lat' dir='ltr'>humi</span> <span class='ocrx_word' id='word_1_283' title='bbox 869 2446 914 2482; x_wconf 80' lang='lat' dir='ltr'>ja-</span> 
     </span>
     <span class='ocr_line' id='line_1_49' title="bbox 215 2483 915 2522; baseline 0 -10"><span class='ocrx_word' id='word_1_284' title='bbox 215 2494 297 2518; x_wconf 76' lang='lat' dir='ltr'>cens,</span> <span class='ocrx_word' id='word_1_285' title='bbox 310 2485 351 2512; x_wconf 76' lang='lat' dir='ltr'>ita</span> <span class='ocrx_word' id='word_1_286' title='bbox 367 2495 398 2513; x_wconf 76' lang='lat' dir='ltr'>se</span> <span class='ocrx_word' id='word_1_287' title='bbox 415 2486 544 2514; x_wconf 76' lang='lat' dir='ltr'>currenti</span> <span class='ocrx_word' id='word_1_288' title='bbox 555 2485 637 2514; x_wconf 83' lang='lat' dir='ltr'>Salio</span> <span class='ocrx_word' id='word_1_289' title='bbox 651 2484 805 2522; x_wconf 79' lang='lat' dir='ltr'>opposuit,</span> <span class='ocrx_word' id='word_1_290' title='bbox 820 2488 852 2516; x_wconf 70' lang='lat' dir='ltr'>ut</span> <span class='ocrx_word' id='word_1_291' title='bbox 866 2483 915 2513; x_wconf 85' lang='lat' dir='ltr'>ille</span> 
     </span>
     <span class='ocr_line' id='line_1_50' title="bbox 215 2523 830 2561; baseline -0.002 -10"><span class='ocrx_word' id='word_1_292' title='bbox 215 2524 245 2551; x_wconf 90' lang='lat' dir='ltr'>in</span> <span class='ocrx_word' id='word_1_293' title='bbox 262 2533 327 2551; x_wconf 83' lang='lat' dir='ltr'>eum</span> <span class='ocrx_word' id='word_1_294' title='bbox 342 2523 517 2561; x_wconf 78' lang='lat' dir='ltr'>impingeret</span> <span class='ocrx_word' id='word_1_295' title='bbox 531 2524 607 2561; x_wconf 86' lang='lat' dir='ltr'>pede</span> <span class='ocrx_word' id='word_1_296' title='bbox 623 2528 652 2552; x_wconf 89' lang='lat' dir='ltr'>et</span> <span class='ocrx_word' id='word_1_297' title='bbox 665 2527 830 2561; x_wconf 85' lang='lat' dir='ltr'>prorueret.</span> 
     </span>
    </p>

    <p class='ocr_par' dir='ltr' id='par_1_23' title="bbox 214 2560 918 2715">
     <span class='ocr_line' id='line_1_51' title="bbox 257 2560 917 2596; baseline 0 -6"><span class='ocrx_word' id='word_1_298' title='bbox 257 2563 314 2590; x_wconf 66' lang='grc'>338</span> <span class='ocrx_word' id='word_1_299' title='bbox 343 2562 448 2589; x_wconf 73' lang='lat' dir='ltr'>Prima</span> <span class='ocrx_word' id='word_1_300' title='bbox 471 2566 555 2596; x_wconf 66' lang='lat' dir='ltr'>tenet,</span> <span class='ocrx_word' id='word_1_301' title='bbox 579 2565 612 2589; x_wconf 64' lang='lat' dir='ltr'>mi</span> <span class='ocrx_word' id='word_1_302' title='bbox 635 2568 739 2595; x_wconf 76' lang='grc' dir='ltr'>πρῶτα,</span> <span class='ocrx_word' id='word_1_303' title='bbox 761 2560 917 2590; x_wconf 63' lang='lat' dir='ltr'>victoriam</span> 
     </span>
     <span class='ocr_line' id='line_1_52' title="bbox 216 2599 917 2638; baseline 0.003 -13"><span class='ocrx_word' id='word_1_304' title='bbox 216 2600 332 2628; x_wconf 59' lang='lat' dir='ltr'>obtinet</span> <span class='ocrx_word' id='word_1_305' title='bbox 347 2600 441 2637; x_wconf 79' lang='lat' dir='ltr'>primo</span> <span class='ocrx_word' id='word_1_306' title='bbox 455 2600 629 2628; x_wconf 53' lang='grc' dir='ltr'>ὦσα-339</span> <span class='ocrx_word' id='word_1_307' title='bbox 643 2601 732 2628; x_wconf 68' lang='lat' dir='ltr'>tertia</span> <span class='ocrx_word' id='word_1_308' title='bbox 739 2599 847 2638; x_wconf 75' lang='lat' dir='ltr'>palma,</span> <span class='ocrx_word' id='word_1_309' title='bbox 861 2603 917 2627; x_wconf 81' lang='lat' dir='ltr'>ter-</span> 
     </span>
     <span class='ocr_line' id='line_1_53' title="bbox 218 2637 918 2676; baseline 0.003 -12"><span class='ocrx_word' id='word_1_310' title='bbox 218 2639 261 2666; x_wconf 48' lang='lat' dir='ltr'>tio</span> <span class='ocrx_word' id='word_1_311' title='bbox 276 2639 340 2666; x_wconf 81' lang='lat' dir='ltr'>loco</span> <span class='ocrx_word' id='word_1_312' title='bbox 357 2637 463 2671; x_wconf 81' lang='lat' dir='ltr'>victor,</span> <span class='ocrx_word' id='word_1_313' title='bbox 479 2638 591 2666; x_wconf 71' lang='lat' dir='ltr'>ratione</span> <span class='ocrx_word' id='word_1_314' title='bbox 606 2638 735 2676; x_wconf 69' lang='lat' dir='ltr'>poetica.</span> <span class='ocrx_word' id='word_1_315' title='bbox 751 2648 836 2676; x_wconf 75' lang='lat' dir='ltr'>qnam</span> <span class='ocrx_word' id='word_1_316' title='bbox 854 2638 918 2675; x_wconf 80' lang='lat' dir='ltr'>ipsa</span> 
     </span>
     <span class='ocr_line' id='line_1_54' title="bbox 214 2676 912 2715; baseline -0.003 -7"><span class='ocrx_word' id='word_1_317' title='bbox 214 2677 267 2708; x_wconf 56' lang='lat' dir='ltr'>{fl-„2</span> <span class='ocrx_word' id='word_1_318' title='bbox 290 2676 427 2715; x_wconf 69' lang='lat' dir='ltr'>exempla</span> <span class='ocrx_word' id='word_1_319' title='bbox 450 2676 612 2711; x_wconf 71' lang='lat' dir='ltr'>illustrant,</span> <span class='ocrx_word' id='word_1_320' title='bbox 634 2687 700 2714; x_wconf 71' lang='lat' dir='ltr'>quae</span> <span class='ocrx_word' id='word_1_321' title='bbox 723 2677 912 2706; x_wconf 73' lang='lat' dir='ltr'>Buxuuumus</span> 
     </span>
    </p>
   </div>
   <div class='ocr_carea' id='block_1_13' title="bbox 942 1752 1653 2707">
    <p class='ocr_par' dir='ltr' id='par_1_24' title="bbox 942 1752 1650 2281">
     <span class='ocr_line' id='line_1_55' title="bbox 942 1752 1645 1788; baseline -0.006 -4"><span class='ocrx_word' id='word_1_322' title='bbox 942 1755 1044 1784; x_wconf 82' lang='lat' dir='ltr'>laudat</span> <span class='ocrx_word' id='word_1_323' title='bbox 1058 1756 1095 1784; x_wconf 82' lang='lat' dir='ltr'>ad</span> <span class='ocrx_word' id='word_1_324' title='bbox 1110 1756 1140 1784; x_wconf 89' lang='grc'>11.</span> <span class='ocrx_word' id='word_1_325' title='bbox 1151 1755 1173 1784; x_wconf 83' lang='grc'>1.</span> <span class='ocrx_word' id='word_1_326' title='bbox 1188 1754 1228 1784; x_wconf 86' lang='lat' dir='ltr'>cf.</span> <span class='ocrx_word' id='word_1_327' title='bbox 1245 1755 1301 1784; x_wconf 88' lang='lat' dir='ltr'>Ge.</span> <span class='ocrx_word' id='word_1_328' title='bbox 1312 1754 1341 1788; x_wconf 88' lang='grc' dir='ltr'>Ι,</span> <span class='ocrx_word' id='word_1_329' title='bbox 1357 1754 1405 1782; x_wconf 80' lang='lat'>59.</span> <span class='ocrx_word' id='word_1_330' title='bbox 1413 1752 1532 1787; x_wconf 76' lang='lat' dir='ltr'>Palma,</span> <span class='ocrx_word' id='word_1_331' title='bbox 1544 1756 1577 1781; x_wconf 90' lang='lat' dir='ltr'>ut</span> <span class='ocrx_word' id='word_1_332' title='bbox 1588 1753 1645 1781; x_wconf 75' lang='lat' dir='ltr'>vic-</span> 
     </span>
     <span class='ocr_line' id='line_1_56' title="bbox 945 1792 1647 1832; baseline -0.001 -12"><span class='ocrx_word' id='word_1_333' title='bbox 945 1796 1032 1827; x_wconf 76' lang='lat' dir='ltr'>toria,</span> <span class='ocrx_word' id='word_1_334' title='bbox 1054 1798 1085 1822; x_wconf 82' lang='lat' dir='ltr'>et</span> <span class='ocrx_word' id='word_1_335' title='bbox 1098 1804 1179 1832; x_wconf 75' lang='lat' dir='ltr'>saepe</span> <span class='ocrx_word' id='word_1_336' title='bbox 1202 1793 1259 1822; x_wconf 79' lang='lat' dir='ltr'>alia</span> <span class='ocrx_word' id='word_1_337' title='bbox 1275 1794 1436 1825; x_wconf 81' lang='lat' dir='ltr'>abstracta,</span> <span class='ocrx_word' id='word_1_338' title='bbox 1450 1801 1504 1830; x_wconf 89' lang='lat' dir='ltr'>pro</span> <span class='ocrx_word' id='word_1_339' title='bbox 1520 1792 1647 1819; x_wconf 85' lang='lat' dir='ltr'>victore.</span> 
     </span>
     <span class='ocr_line' id='line_1_57' title="bbox 944 1830 1646 1869; baseline -0.003 -10"><span class='ocrx_word' id='word_1_340' title='bbox 944 1833 1138 1861; x_wconf 68' lang='lat'>—340—347</span> <span class='ocrx_word' id='word_1_341' title='bbox 1162 1832 1267 1860; x_wconf 81' lang='lat' dir='ltr'>Simile</span> <span class='ocrx_word' id='word_1_342' title='bbox 1289 1831 1424 1869; x_wconf 82' lang='lat' dir='ltr'>jurgium</span> <span class='ocrx_word' id='word_1_343' title='bbox 1450 1840 1498 1868; x_wconf 88' lang='lat' dir='ltr'>ap.</span> <span class='ocrx_word' id='word_1_344' title='bbox 1520 1830 1646 1858; x_wconf 85' lang='lat' dir='ltr'>Homer.</span> 
     </span>
     <span class='ocr_line' id='line_1_58' title="bbox 946 1869 1648 1908; baseline -0.001 -11"><span class='ocrx_word' id='word_1_345' title='bbox 946 1870 1034 1897; x_wconf 84' lang='lat' dir='ltr'>Iliad.</span> <span class='ocrx_word' id='word_1_346' title='bbox 1055 1875 1089 1903; x_wconf 71' lang='grc' dir='ltr'>ψ,</span> <span class='ocrx_word' id='word_1_347' title='bbox 1116 1871 1173 1898; x_wconf 71' lang='lat'>543</span> <span class='ocrx_word' id='word_1_348' title='bbox 1195 1880 1260 1908; x_wconf 89' lang='lat' dir='ltr'>sqq.</span> <span class='ocrx_word' id='word_1_349' title='bbox 1283 1880 1335 1898; x_wconf 77' lang='lat' dir='ltr'>ora</span> <span class='ocrx_word' id='word_1_350' title='bbox 1352 1869 1451 1906; x_wconf 76' lang='lat' dir='ltr'>prima</span> <span class='ocrx_word' id='word_1_351' title='bbox 1467 1872 1596 1906; x_wconf 76' lang='lat' dir='ltr'>patrum,</span> <span class='ocrx_word' id='word_1_352' title='bbox 1617 1871 1648 1896; x_wconf 79' lang='lat' dir='ltr'>et</span> 
     </span>
     <span class='ocr_line' id='line_1_59' title="bbox 945 1906 1647 1945; baseline 0.001 -11"><span class='ocrx_word' id='word_1_353' title='bbox 945 1907 1041 1945; x_wconf 83' lang='lat' dir='ltr'>primo</span> <span class='ocrx_word' id='word_1_354' title='bbox 1067 1908 1146 1941; x_wconf 83' lang='lat' dir='ltr'>loco,</span> <span class='ocrx_word' id='word_1_355' title='bbox 1175 1912 1241 1936; x_wconf 80' lang='lat' dir='ltr'>ante</span> <span class='ocrx_word' id='word_1_356' title='bbox 1266 1907 1351 1940; x_wconf 83' lang='lat' dir='ltr'>alios,</span> <span class='ocrx_word' id='word_1_357' title='bbox 1374 1907 1489 1944; x_wconf 85' lang='lat' dir='ltr'>priores</span> <span class='ocrx_word' id='word_1_358' title='bbox 1517 1906 1647 1940; x_wconf 86' lang='lat' dir='ltr'>ordines,</span> 
     </span>
     <span class='ocr_line' id='line_1_60' title="bbox 947 1944 1646 1983; baseline -0.001 -10"><span class='ocrx_word' id='word_1_359' title='bbox 947 1945 1056 1983; x_wconf 84' lang='lat' dir='ltr'>quibus</span> <span class='ocrx_word' id='word_1_360' title='bbox 1072 1946 1205 1974; x_wconf 75' lang='lat' dir='ltr'>seniores</span> <span class='ocrx_word' id='word_1_361' title='bbox 1226 1949 1256 1974; x_wconf 90' lang='lat' dir='ltr'>et</span> <span class='ocrx_word' id='word_1_362' title='bbox 1275 1945 1480 1973; x_wconf 85' lang='lat' dir='ltr'>honoratiores</span> <span class='ocrx_word' id='word_1_363' title='bbox 1493 1944 1646 1973; x_wconf 80' lang='lat' dir='ltr'>sedebant.</span> 
     </span>
     <span class='ocr_line' id='line_1_61' title="bbox 947 1983 1647 2012; baseline -0.003 0"><span class='ocrx_word' id='word_1_364' title='bbox 947 1993 1060 2012; x_wconf 75' lang='lat' dir='ltr'>caveam</span> <span class='ocrx_word' id='word_1_365' title='bbox 1086 1994 1160 2012; x_wconf 86' lang='lat' dir='ltr'>voce</span> <span class='ocrx_word' id='word_1_366' title='bbox 1180 1993 1196 2012; x_wconf 83' lang='lat' dir='ltr'>a</span> <span class='ocrx_word' id='word_1_367' title='bbox 1220 1984 1334 2011; x_wconf 78' lang='lat' dir='ltr'>theatro</span> <span class='ocrx_word' id='word_1_368' title='bbox 1354 1983 1444 2011; x_wconf 80' lang='lat' dir='ltr'>ducta</span> <span class='ocrx_word' id='word_1_369' title='bbox 1458 1983 1647 2011; x_wconf 84' lang='lat' dir='ltr'>dixitlocum</span> 
     </span>
     <span class='ocr_line' id='line_1_62' title="bbox 947 2020 1648 2060; baseline -0.001 -10"><span class='ocrx_word' id='word_1_370' title='bbox 947 2025 1105 2056; x_wconf 69' lang='grc' dir='ltr'>θεατροειδῆ</span> <span class='ocrx_word' id='word_1_371' title='bbox 1120 2022 1149 2050; x_wconf 88' lang='lat' dir='ltr'>in</span> <span class='ocrx_word' id='word_1_372' title='bbox 1161 2021 1238 2050; x_wconf 84' lang='lat' dir='ltr'>valle</span> <span class='ocrx_word' id='word_1_373' title='bbox 1254 2022 1329 2050; x_wconf 87' lang='lat' dir='ltr'>inter</span> <span class='ocrx_word' id='word_1_374' title='bbox 1341 2020 1445 2049; x_wconf 82' lang='lat' dir='ltr'>colles.</span> <span class='ocrx_word' id='word_1_375' title='bbox 1467 2020 1648 2060; x_wconf 60' lang='lat' dir='ltr'>lacrimaeque</span> 
     </span>
     <span class='ocr_line' id='line_1_63' title="bbox 948 2059 1649 2098; baseline 0 -10"><span class='ocrx_word' id='word_1_376' title='bbox 948 2060 1236 2098; x_wconf 62' lang='lat' dir='ltr'>decorae(343)pueri</span> <span class='ocrx_word' id='word_1_377' title='bbox 1249 2059 1501 2098; x_wconf 84' lang='lat' dir='ltr'>supplicantis,ne</span> <span class='ocrx_word' id='word_1_378' title='bbox 1515 2059 1573 2088; x_wconf 88' lang='lat' dir='ltr'>sibi</span> <span class='ocrx_word' id='word_1_379' title='bbox 1588 2061 1649 2088; x_wconf 86' lang='lat' dir='ltr'>vio-</span> 
     </span>
     <span class='ocr_line' id='line_1_64' title="bbox 949 2097 1649 2136; baseline -0.003 -9"><span class='ocrx_word' id='word_1_380' title='bbox 949 2099 1033 2128; x_wconf 81' lang='lat' dir='ltr'>toriae</span> <span class='ocrx_word' id='word_1_381' title='bbox 1049 2099 1141 2128; x_wconf 86' lang='lat' dir='ltr'>bonos</span> <span class='ocrx_word' id='word_1_382' title='bbox 1156 2098 1333 2136; x_wconf 82' lang='lat' dir='ltr'>eriperetur,</span> <span class='ocrx_word' id='word_1_383' title='bbox 1348 2097 1461 2126; x_wconf 68' lang='lat' dir='ltr'>veniens</span> <span class='ocrx_word' id='word_1_384' title='bbox 1475 2097 1575 2135; x_wconf 85' lang='lat' dir='ltr'>simpl.</span> <span class='ocrx_word' id='word_1_385' title='bbox 1594 2106 1649 2135; x_wconf 87' lang='lat' dir='ltr'>pro</span> 
     </span>
     <span class='ocr_line' id='line_1_65' title="bbox 947 2136 1650 2175; baseline -0.001 -10"><span class='ocrx_word' id='word_1_386' title='bbox 947 2147 1016 2175; x_wconf 82' lang='lat' dir='ltr'>quae</span> <span class='ocrx_word' id='word_1_387' title='bbox 1032 2141 1088 2166; x_wconf 80' lang='lat' dir='ltr'>est.</span> <span class='ocrx_word' id='word_1_388' title='bbox 1128 2137 1206 2166; x_wconf 88' lang='lat' dir='ltr'>Nam</span> <span class='ocrx_word' id='word_1_389' title='bbox 1220 2136 1314 2165; x_wconf 74' lang='lat' dir='ltr'>venire</span> <span class='ocrx_word' id='word_1_390' title='bbox 1335 2136 1455 2174; x_wconf 85' lang='lat' dir='ltr'>plenius</span> <span class='ocrx_word' id='word_1_391' title='bbox 1470 2146 1536 2164; x_wconf 88' lang='lat' dir='ltr'>voc.</span> <span class='ocrx_word' id='word_1_392' title='bbox 1551 2136 1650 2173; x_wconf 63' lang='lat' dir='ltr'>poetis</span> 
     </span>
     <span class='ocr_line' id='line_1_66' title="bbox 948 2174 1647 2213; baseline -0.001 -10"><span class='ocrx_word' id='word_1_393' title='bbox 948 2185 1004 2213; x_wconf 87' lang='lat' dir='ltr'>pro</span> <span class='ocrx_word' id='word_1_394' title='bbox 1031 2185 1100 2204; x_wconf 82' lang='lat' dir='ltr'>esse</span> <span class='ocrx_word' id='word_1_395' title='bbox 1114 2185 1121 2209; x_wconf 73' lang='lat'>3</span> <span class='ocrx_word' id='word_1_396' title='bbox 1156 2180 1185 2203; x_wconf 85' lang='lat' dir='ltr'>et</span> <span class='ocrx_word' id='word_1_397' title='bbox 1208 2177 1270 2212; x_wconf 84' lang='lat' dir='ltr'>jam</span> <span class='ocrx_word' id='word_1_398' title='bbox 1299 2174 1445 2204; x_wconf 84' lang='lat' dir='ltr'>Heinsius</span> <span class='ocrx_word' id='word_1_399' title='bbox 1472 2174 1584 2203; x_wconf 82' lang='lat' dir='ltr'>notavit</span> <span class='ocrx_word' id='word_1_400' title='bbox 1612 2174 1647 2203; x_wconf 82' lang='lat' dir='ltr'>ad</span> 
     </span>
     <span class='ocr_line' id='line_1_67' title="bbox 952 2213 1649 2246; baseline -0.001 -4"><span class='ocrx_word' id='word_1_401' title='bbox 952 2213 1047 2242; x_wconf 83' lang='lat' dir='ltr'>Ovid.</span> <span class='ocrx_word' id='word_1_402' title='bbox 1059 2214 1085 2239; x_wconf 92' lang='lat' dir='ltr'>V</span> <span class='ocrx_word' id='word_1_403' title='bbox 1103 2214 1187 2243; x_wconf 76' lang='lat' dir='ltr'>Fast.</span> <span class='ocrx_word' id='word_1_404' title='bbox 1200 2215 1258 2242; x_wconf 66' lang='lat'>045</span> <span class='ocrx_word' id='word_1_405' title='bbox 1271 2217 1300 2242; x_wconf 86' lang='lat' dir='ltr'>et</span> <span class='ocrx_word' id='word_1_406' title='bbox 1314 2213 1351 2242; x_wconf 82' lang='lat' dir='ltr'>al.</span> <span class='ocrx_word' id='word_1_407' title='bbox 1366 2213 1423 2241; x_wconf 91' lang='lat' dir='ltr'>loc.</span> <span class='ocrx_word' id='word_1_408' title='bbox 1448 2213 1498 2242; x_wconf 87' lang='lat' dir='ltr'>Sic</span> <span class='ocrx_word' id='word_1_409' title='bbox 1510 2215 1649 2246; x_wconf 73' lang='grc' dir='ltr'>ἔρχεσθαι,</span> 
     </span>
     <span class='ocr_line' id='line_1_68' title="bbox 952 2250 1650 2281; baseline -0.004 0"><span class='ocrx_word' id='word_1_410' title='bbox 952 2256 1030 2281; x_wconf 70' lang='grc' dir='ltr'><strong><em>ἱέναι.</em></strong></span> <span class='ocrx_word' id='word_1_411' title='bbox 1069 2253 1196 2281; x_wconf 80' lang='lat' dir='ltr'>Veteres</span> <span class='ocrx_word' id='word_1_412' title='bbox 1222 2251 1417 2280; x_wconf 77' lang='lat' dir='ltr'>Grammatici</span> <span class='ocrx_word' id='word_1_413' title='bbox 1438 2252 1550 2280; x_wconf 78' lang='lat' dir='ltr'>veniens</span> <span class='ocrx_word' id='word_1_414' title='bbox 1572 2251 1602 2281; x_wconf 71' lang='lat' dir='ltr'>l».</span> <span class='ocrx_word' id='word_1_415' title='bbox 1629 2250 1650 2278; x_wconf 89' lang='lat' dir='ltr'>l.</span> 
     </span>
    </p>

    <p class='ocr_par' dir='ltr' id='par_1_25' title="bbox 953 2291 1653 2707">
     <span class='ocr_line' id='line_1_69' title="bbox 975 2291 1651 2327; baseline -0.006 -7"><span class='ocrx_word' id='word_1_416' title='bbox 975 2291 1140 2324; x_wconf 74' lang='lat' dir='ltr'>reveniens,</span> <span class='ocrx_word' id='word_1_417' title='bbox 1156 2300 1290 2325; x_wconf 85' lang='lat' dir='ltr'>nascens,</span> <span class='ocrx_word' id='word_1_418' title='bbox 1314 2291 1597 2327; x_wconf 84' lang='lat' dir='ltr'>interpretabantur,</span> <span class='ocrx_word' id='word_1_419' title='bbox 1617 2292 1651 2317; x_wconf 89' lang='lat' dir='ltr'>ut</span> 
     </span>
     <span class='ocr_line' id='line_1_70' title="bbox 953 2302 1652 2367; baseline -0.007 -9"><span class='ocrx_word' id='word_1_420' title='bbox 953 2302 1093 2367; x_wconf 49' lang='lat' dir='ltr'>fGeorg.</span> <span class='ocrx_word' id='word_1_421' title='bbox 1115 2331 1152 2358; x_wconf 75' lang='lat'>54</span> <span class='ocrx_word' id='word_1_422' title='bbox 1166 2329 1225 2358; x_wconf 78' lang='lat' dir='ltr'>Hic</span> <span class='ocrx_word' id='word_1_423' title='bbox 1239 2333 1356 2366; x_wconf 69' lang='lat' dir='ltr'>seyeles,</span> <span class='ocrx_word' id='word_1_424' title='bbox 1368 2328 1427 2357; x_wconf 72' lang='lat' dir='ltr'>illic</span> <span class='ocrx_word' id='word_1_425' title='bbox 1448 2327 1563 2357; x_wconf 75' lang='lat' dir='ltr'>veniunt</span> <span class='ocrx_word' id='word_1_426' title='bbox 1581 2326 1652 2364; x_wconf 82' lang='lat' dir='ltr'>seli-</span> 
     </span>
     <span class='ocr_line' id='line_1_71' title="bbox 955 2368 1651 2405; baseline -0.004 -10"><span class='ocrx_word' id='word_1_427' title='bbox 955 2368 1014 2396; x_wconf 74' lang='lat' dir='ltr'>cius</span> <span class='ocrx_word' id='word_1_428' title='bbox 1031 2378 1102 2401; x_wconf 58' lang='grc' dir='ltr'>ητα,</span> <span class='ocrx_word' id='word_1_429' title='bbox 1125 2368 1186 2405; x_wconf 82' lang='lat' dir='ltr'>(sic</span> <span class='ocrx_word' id='word_1_430' title='bbox 1207 2368 1331 2396; x_wconf 84' lang='lat' dir='ltr'>Servius</span> <span class='ocrx_word' id='word_1_431' title='bbox 1348 2377 1481 2405; x_wconf 87' lang='lat' dir='ltr'>qnoque:</span> <span class='ocrx_word' id='word_1_432' title='bbox 1505 2375 1651 2398; x_wconf 82' lang='lat' dir='ltr'>crescens,</span> 
     </span>
     <span class='ocr_line' id='line_1_72' title="bbox 956 2403 1650 2444; baseline -0.003 -10"><span class='ocrx_word' id='word_1_433' title='bbox 956 2407 1077 2435; x_wconf 84' lang='lat' dir='ltr'>laudato</span> <span class='ocrx_word' id='word_1_434' title='bbox 1094 2407 1149 2434; x_wconf 83' lang='lat' dir='ltr'>boc</span> <span class='ocrx_word' id='word_1_435' title='bbox 1164 2416 1269 2434; x_wconf 86' lang='lat' dir='ltr'>versu:</span> <span class='ocrx_word' id='word_1_436' title='bbox 1292 2405 1353 2434; x_wconf 85' lang='lat' dir='ltr'>Hic</span> <span class='ocrx_word' id='word_1_437' title='bbox 1375 2411 1493 2444; x_wconf 86' lang='lat' dir='ltr'>segetes</span> <span class='ocrx_word' id='word_1_438' title='bbox 1514 2408 1570 2432; x_wconf 87' lang='lat' dir='ltr'>etc.</span> <span class='ocrx_word' id='word_1_439' title='bbox 1593 2403 1650 2441; x_wconf 84' lang='lat' dir='ltr'>R.)</span> 
     </span>
     <span class='ocr_line' id='line_1_73' title="bbox 954 2444 1651 2483; baseline -0.006 -10"><span class='ocrx_word' id='word_1_440' title='bbox 954 2446 1048 2473; x_wconf 69' lang='lat'>—345</span> <span class='ocrx_word' id='word_1_441' title='bbox 1078 2446 1211 2481; x_wconf 84' lang='lat' dir='ltr'>Adjuvat</span> <span class='ocrx_word' id='word_1_442' title='bbox 1238 2444 1411 2483; x_wconf 70' lang='lat' dir='ltr'>Euryalum,</span> <span class='ocrx_word' id='word_1_443' title='bbox 1438 2444 1562 2480; x_wconf 86' lang='lat' dir='ltr'>ejusque</span> <span class='ocrx_word' id='word_1_444' title='bbox 1581 2452 1651 2470; x_wconf 87' lang='lat' dir='ltr'>cau-</span> 
     </span>
     <span class='ocr_line' id='line_1_74' title="bbox 955 2480 1650 2520; baseline -0.006 -9"><span class='ocrx_word' id='word_1_445' title='bbox 955 2493 1028 2516; x_wconf 85' lang='lat' dir='ltr'>sam,</span> <span class='ocrx_word' id='word_1_446' title='bbox 1045 2487 1075 2512; x_wconf 84' lang='lat' dir='ltr'>et</span> <span class='ocrx_word' id='word_1_447' title='bbox 1089 2484 1196 2511; x_wconf 79' lang='lat' dir='ltr'>clamat</span> <span class='ocrx_word' id='word_1_448' title='bbox 1206 2483 1326 2517; x_wconf 81' lang='lat' dir='ltr'>Diores,</span> <span class='ocrx_word' id='word_1_449' title='bbox 1339 2482 1430 2520; x_wconf 82' lang='lat' dir='ltr'>quiin</span> <span class='ocrx_word' id='word_1_450' title='bbox 1443 2480 1575 2509; x_wconf 62' lang='lat' dir='ltr'>victoriae</span> <span class='ocrx_word' id='word_1_451' title='bbox 1590 2484 1650 2508; x_wconf 82' lang='lat' dir='ltr'>ter-</span> 
     </span>
     <span class='ocr_line' id='line_1_75' title="bbox 956 2518 1652 2556; baseline -0.006 -6"><span class='ocrx_word' id='word_1_452' title='bbox 956 2522 1028 2550; x_wconf 72' lang='lat' dir='ltr'>tium</span> <span class='ocrx_word' id='word_1_453' title='bbox 1040 2522 1136 2550; x_wconf 89' lang='lat' dir='ltr'>locum</span> <span class='ocrx_word' id='word_1_454' title='bbox 1149 2525 1346 2554; x_wconf 85' lang='lat' dir='ltr'>successerat,</span> <span class='ocrx_word' id='word_1_455' title='bbox 1357 2524 1397 2554; x_wconf 86' lang='lat' dir='ltr'>et,</span> <span class='ocrx_word' id='word_1_456' title='bbox 1409 2520 1434 2548; x_wconf 89' lang='lat' dir='ltr'>si</span> <span class='ocrx_word' id='word_1_457' title='bbox 1443 2518 1542 2547; x_wconf 78' lang='lat' dir='ltr'>Salius</span> <span class='ocrx_word' id='word_1_458' title='bbox 1555 2519 1652 2556; x_wconf 87' lang='lat' dir='ltr'>primo</span> 
     </span>
     <span class='ocr_line' id='line_1_76' title="bbox 957 2558 1652 2591; baseline -0.004 -3"><span class='ocrx_word' id='word_1_459' title='bbox 957 2560 1005 2588; x_wconf 89' lang='lat' dir='ltr'>vel</span> <span class='ocrx_word' id='word_1_460' title='bbox 1022 2561 1153 2588; x_wconf 78' lang='lat' dir='ltr'>secundo</span> <span class='ocrx_word' id='word_1_461' title='bbox 1166 2560 1231 2588; x_wconf 86' lang='lat' dir='ltr'>loco</span> <span class='ocrx_word' id='word_1_462' title='bbox 1248 2559 1432 2588; x_wconf 80' lang='lat' dir='ltr'>renuntiatus</span> <span class='ocrx_word' id='word_1_463' title='bbox 1448 2560 1524 2586; x_wconf 77' lang='lat' dir='ltr'>soret</span> <span class='ocrx_word' id='word_1_464' title='bbox 1544 2558 1652 2591; x_wconf 76' lang='lat' dir='ltr'>victor,</span> 
     </span>
     <span class='ocr_line' id='line_1_77' title="bbox 956 2596 1653 2627; baseline -0.004 0"><span class='ocrx_word' id='word_1_465' title='bbox 956 2599 1064 2627; x_wconf 76' lang='lat' dir='ltr'>iterum</span> <span class='ocrx_word' id='word_1_466' title='bbox 1081 2608 1115 2626; x_wconf 75' lang='lat' dir='ltr'>eu</span> <span class='ocrx_word' id='word_1_467' title='bbox 1131 2597 1497 2627; x_wconf 41' lang='lat' dir='ltr'>excidissetf-:ssls—-ssfil</span> <span class='ocrx_word' id='word_1_468' title='bbox 1516 2596 1653 2625; x_wconf 74' lang='lat' dir='ltr'>Delectat</span> 
     </span>
     <span class='ocr_line' id='line_1_78' title="bbox 957 2634 1651 2674; baseline -0.007 -8"><span class='ocrx_word' id='word_1_469' title='bbox 957 2637 1028 2666; x_wconf 84' lang='lat' dir='ltr'>mite</span> <span class='ocrx_word' id='word_1_470' title='bbox 1043 2637 1147 2665; x_wconf 65' lang='lat' dir='ltr'>:Eume</span> <span class='ocrx_word' id='word_1_471' title='bbox 1162 2637 1320 2674; x_wconf 73' lang='lat' dir='ltr'>ingenium,</span> <span class='ocrx_word' id='word_1_472' title='bbox 1336 2634 1379 2663; x_wconf 77' lang='lat' dir='ltr'>vel</span> <span class='ocrx_word' id='word_1_473' title='bbox 1394 2634 1516 2671; x_wconf 64' lang='lat' dir='ltr'>Euryali</span> <span class='ocrx_word' id='word_1_474' title='bbox 1530 2644 1651 2671; x_wconf 69' lang='lat' dir='ltr'>respec-</span> 
     </span>
     <span class='ocr_line' id='line_1_79' title="bbox 953 2672 1653 2707; baseline -0.003 -3"><span class='ocrx_word' id='word_1_475' title='bbox 953 2680 995 2705; x_wconf 86' lang='lat' dir='ltr'>tu.</span> <span class='ocrx_word' id='word_1_476' title='bbox 1036 2675 1205 2705; x_wconf 72' lang='lat' dir='ltr'>Praeivcrat</span> <span class='ocrx_word' id='word_1_477' title='bbox 1230 2680 1325 2707; x_wconf 64' lang='lat' dir='ltr'>tanuen</span> <span class='ocrx_word' id='word_1_478' title='bbox 1340 2678 1369 2702; x_wconf 79' lang='lat' dir='ltr'>et</span> <span class='ocrx_word' id='word_1_479' title='bbox 1384 2673 1430 2702; x_wconf 81' lang='lat' dir='ltr'>hic</span> <span class='ocrx_word' id='word_1_480' title='bbox 1448 2673 1599 2703; x_wconf 78' lang='lat' dir='ltr'>Homerus</span> <span class='ocrx_word' id='word_1_481' title='bbox 1614 2672 1653 2702; x_wconf 81' lang='lat' dir='ltr'>ll.</span> 
     </span>
    </p>
   </div>
  </div>
 </body>
</html>
