1796 3077
572 181 859 223 BUCOLICA.
917 183 1032 223 ECL.
1065 184 1114 222 X.
1508 186 1564 232 Ol

104 304 200 349 Nec
222 314 262 349 te
284 306 488 361 poeniteat
508 307 686 362 pecoris,
717 306 856 348 divine
877 305 1029 360 po'eta:

104 361 165 405 Et
186 365 392 405 formosus
415 379 512 406 oves
534 365 587 405 ad
609 365 781 405 flumina
801 364 915 418 pavit
931 362 1112 405 Adonis.

104 421 236 463 Venit
259 429 301 462 et
320 420 474 476 upilio3
506 423 618 463 tardi
636 436 789 462 venere
812 420 1007 469 bubulci;

100 476 266 519 Uvidus
287 478 464 520 hiberna
484 479 597 520 venit
617 479 671 520 de
690 477 843 533 glande
866 476 1099 518 Menalcas.
1511 476 1566 515 ΞΟ

101 534 274 584 Omnes,
306 536 421 577 unde
442 551 558 577 amor
577 537 670 585 iste,
701 542 867 589 rogant,
899 535 1006 575 tibi?
1038 534 1169 575 Venit
1189 531 1371 589 Apollo3

101 591 239 641 Galle,
271 585 373 646 quid
394 593 578 634 insanis?
611 593 768 647 inquit3
800 600 873 632 tua
895 606 997 632 cura
1018 591 1195 646 Lycoris

100 646 271 703 Perque
292 650 407 691 nives
429 650 553 690 alium
574 665 735 705 perque
755 648 929 690 horrida
950 656 1087 690 castra
1108 655 1251 690 secuta
1272 655 1350 689 est.

98 704 230 746 Venit
249 714 292 747 et
309 708 464 761 agresti
483 708 631 761 capitis
653 706 846 747 Silvanus
866 705 1041 755 honore,

100 761 320 804 Florentes
342 763 497 805 ferulas
518 772 561 804 et
579 764 756 818 grandia
775 762 859 802 lilia
880 777 1098 815 quassans.

1512 761 1538 799 Κ)

1541 759 1567 798 01

100 819 205 868 Pan,
228 820 332 860 deus
354 820 568 869 Arcadiae,
590 821 714 868 venit,
747 834 872 872 quem
892 820 1070 859 vidimus
1091 819 1171 873 ipsi

99 876 351 931 Sanguineis
372 876 487 919 ebuli
506 878 646 918 baccis
668 877 877 929 minioque
897 877 1134 916 rubentem.

98 932 259 988 Ecquis
280 934 359 975 erit
379 934 557 976 modus?
589 934 738 988 inquit.
770 931 905 974 Amor
924 948 1010 973 non
1030 932 1130 974 talia
1146 938 1278 973 curat.

95 1054 269 1098 sententiam
291 1055 396 1084 afferre
412 1054 542 1084 voluisse
558 1055 696 1084 videtur:
719 1055 808 1084 etiam

95 1094 154 1131 ipsi
168 1093 268 1122 ovium
283 1103 398 1132 gregeS,
416 1103 593 1131 pascuorum
608 1094 806 1129 immemores,

95 1136 180 1161 tuum
203 1132 335 1161 dolorem
358 1132 491 1161 miserari
514 1133 669 1169 videnturj.
690 1133 745 1162 hoc
768 1144 807 1162 ex*

43 1204 46 1206 q
95 1171 220 1200 Theocr.
240 1171 260 1199 l.
282 1171 310 1199 Ι.
331 1181 360 1199 v.
381 1172 429 1199 74.
450 1172 500 1199 75.
541 1172 632 1207 Quod
650 1181 718 1200 cum
731 1172 808 1200 nude

94 1218 203 1247 ponere
215 1211 335 1248 poetam
347 1210 514 1245 dedeceret,
527 1210 663 1248 adjunxit
671 1210 806 1246 alterum,

96 1249 313 1277 commendatos
336 1258 370 1277 eo
391 1248 505 1278 nomine
528 1259 632 1287 greges
652 1259 728 1284 esse,
752 1249 808 1278 ita-

95 1296 152 1324 que
166 1297 218 1316 nec
239 1287 366 1325 petitum
385 1288 421 1315 ab
440 1287 476 1316 iis
496 1288 633 1317 carminis
653 1298 806 1327 argumen-

95 1328 159 1354 tum
177 1326 264 1355 Gallo
279 1326 437 1364 displicere
451 1326 576 1362 debere3
597 1331 631 1355 ut
651 1337 718 1365 sup.
740 1327 805 1356 Ecl.

94 1364 122 1392 V
129 1364 153 1399 Ι,
175 1365 338 1394 2.—nostri
353 1374 402 1393 nec
415 1365 533 1402 poenitet
547 1365 611 1393 illas
622 1365 742 1404 proprie
752 1370 809 1401 est,

93 1407 239 1432 contentae
260 1407 329 1432 sunt
347 1403 432 1432 nobis
452 1404 640 1442 pastoribus;
664 1408 726 1433 tum
742 1414 810 1433 cum

93 1441 124 1469 vi
151 1442 265 1471 dictum
291 1452 362 1481 pro:
397 1443 525 1481 gaudent
549 1443 645 1478 nobis,
673 1443 809 1472 cantibus

94 1480 204 1510 nostris
219 1481 411 1515 delectantur,
427 1486 457 1510 et
471 1492 546 1510 nunc
557 1482 645 1510 etiam
656 1482 809 1510 nobiscum

93 1517 195 1558 lugere
217 1524 330 1548 sortem
357 1524 487 1549 nostram
515 1529 571 1547 non
595 1520 792 1558 dedignantur
801 1532 809 1557 ;

92 1566 148 1587 nec
159 1562 192 1587 tu
204 1563 255 1587 aut
267 1569 368 1588 curam
381 1568 483 1588 eorum
497 1562 526 1587 te
539 1558 687 1596 indignam
695 1558 809 1595 judica,

87 1600 145 1625 ‘aut
166 1597 195 1625 in
216 1607 282 1626 meo
301 1597 429 1626 carmine
452 1598 507 1625 sub
529 1596 657 1634 pastoris
682 1606 809 1633 persona

92 1635 228 1665 exhiberi
243 1635 410 1674 dedignare.
442 1635 542 1664 Etiam
555 1634 668 1663 Adonis
701 1635 807 1664 astoris

93 1683 200 1702 munus
216 1684 250 1703 ac
264 1684 369 1702 nomen
384 1684 440 1702 nou
454 1673 640 1702 detrectavit.
697 1694 704 1702 .
738 1674 806 1702 Poe<

91 1711 183 1740 nitere
197 1713 233 1741 de
246 1712 294 1744 iis.
317 1722 384 1750 quae
396 1712 618 1741 contemnimus.
632 1711 695 1740 Cic.
711 1712 804 1740 Acad.

93 1750 152 1785 IV,
178 1751 227 1779 22.
269 1750 348 1786 Quid
367 1760 430 1779 eum
454 1751 608 1779 BIus-arclti
628 1749 805 1788 paenitebat?

98 1788 354 1839 IV.-—Hypallage
387 1799 443 1826 pro
479 1793 498 1806 “
511 1799 563 1817 nos
599 1788 715 1817 illarum
749 1799 804 1818 non

93 1828 235 1865 poenitet:
256 1827 262 1838 ’
302 1828 352 1856 Sic
384 1828 458 1856 bene
487 1831 585 1856 monet
620 1827 738 1856 Scholi:
775 1828 804 1856 in

94 1866 209 1895 Horat:
235 1866 302 1895 Lib.
325 1868 353 1895 1.
375 1866 435 1895 Od.
456 1867 504 1895 28.
525 1866 560 1894 S.
602 1867 639 1895 18
659 1867 717 1895 Est
738 1867 802 1895 lunc

91 1905 128 1934 de
140 1905 273 1934 Aclonide
285 1909 404 1943 pastore
419 1905 518 1944 paullo
530 1905 707 1934 reconditior
717 1905 800 1934 sabu-

90 1943 137 1979 la3
158 1944 211 1973 sed
226 1953 242 1972 a
256 1944 380 1973 Theocr.
402 1944 429 1976 Ι,
453 1945 519 1973 169.

132 1983 169 2011 19
202 1982 289 2012 Venit
317 1987 346 2011 et
374 1982 473 2021 upilio.
513 1983 562 2012 Ad
591 1983 802 2013 consolandum

92 2021 211 2050 Gallum
233 2031 384 2051 accessere
404 2022 491 2050 etiam
505 2026 661 2060 pastores3
689 2026 719 2051 et
741 2023 800 2060 pri-

92 2069 173 2088 mum
190 2060 310 2103 quidem
325 2070 434 2089 venere
449 2060 549 2089 ovium
566 2061 718 2094 custodes,
739 2065 803 2090 tum

91 2097 204 2127 bubulci
215 2099 292 2128 tardi
302 2109 319 2128 a
329 2099 408 2128 lento
419 2102 448 2128 et
460 2100 544 2128 tardo
556 2099 693 2138 ingressu
704 2100 802 2135 boum,

92 2146 167 2174 quos
182 2139 396 2175 pascunt.-—20
419 2137 450 2167 U
450 2137 530 2166 vidus
545 2139 573 2167 Ῐι.
610 2138 698 2168 Venit
714 2139 803 2168 etiam

92 2175 234 2218 subulcus
254 2176 414 2211 Menalcas,
435 2177 472 2205 de
491 2187 559 2215 quo,
579 2177 610 2205 id
624 2177 704 2215 quod
719 2187 802 2206 max-

92 2223 149 2242 nne
175 2214 204 2242 in
239 2215 393 2244 subulcum
426 2216 571 2250 convenit,
604 2216 702 2245 addit:
736 2226 803 2245 eum

92 2253 179 2281 modo
200 2253 238 2281 de
257 2258 341 2282 nocte
360 2254 389 2282 in
406 2254 490 2283 silvis
507 2255 544 2283 ad
563 2259 682 2293 pastum
703 2255 802 2294 gregis

91 2290 246 2329 glandibus
259 2291 389 2330 legendis
404 2303 538 2322 vacasse.
579 2293 659 2322 Hinc
671 2293 773 2322 uvidus
787 2304 804 2323 a

90 2339 156 2358 rore
167 2330 478 2359 matutina—hiberna
486 2331 600 2369 ylcmtlo..
630 2332 667 2361 In
677 2333 802 2362 hiemem

91 2378 108 2396 a
120 2369 218 2406 poe'tis
234 2368 320 2398 Italis
336 2369 437 2398 referri
450 2371 526 2399 solet
547 2371 696 2409 glandium
717 2371 800 2400 colli-

91 2408 252 2445 gendarum
273 2411 390 2445 tempus
406 2418 434 2438 v.
455 2409 509 2438 Ge.
532 2410 559 2444 1,
581 2411 649 2438 305.
689 2409 740 2438 Sic
753 2420 798 2439 ar-

90 2446 229 2475 butorum
241 2447 295 2475 Ge.
317 2446 363 2480 ΙΙ,
384 2447 454 2480 520,
473 2447 524 2476 ubi
535 2449 571 2477 de
582 2448 677 2478 hieme
689 2448 797 2487 agitur,

91 2484 210 2514 Luci-et.
231 2486 269 2519 V,
290 2486 359 2514 938.
380 2495 438 2523 qua
455 2496 529 2514 nunc
545 2486 661 2517 hiberno
676 2492 800 2524 tempore

89 2523 182 2552 cernis
194 2524 324 2553 Arbaca.
365 2524 425 2553 Sed
445 2524 471 2552 si
489 2524 586 2554 hieme
607 2536 623 2555 a
646 2526 798 2565 glandibus

89 2561 260 2601 colligendis
288 2562 440 2592 Menalcas
467 2572 483 2591 e
514 2563 598 2592 silvis
626 2565 797 2599 revertitur,

89 2599 151 2634 illa,
173 2611 239 2639 quae
256 2607 454 2630 memorantur
465 2601 494 2630 in
506 2601 562 2630 hoc
573 2603 710 2637 carmine,
727 2604 797 2632 Gal-

91 2637 152 2666 lum
175 2641 230 2668 sub
251 2650 324 2678 rupe
343 2642 443 2678 jacere
462 2651 491 2668 v.
511 2641 560 2673 14,
582 2645 611 2669 et
626 2641 728 2670 ferulis
745 2642 797 2670 sso-

90 2676 223 2706 rentibus
236 2688 268 2707 ac
280 2679 349 2708 liliis
360 2683 496 2708 ornatum
507 2678 659 2708 Silvanum
670 2680 798 2715 venisse,

90 2714 158 2744 huic
190 2718 315 2756 tempori
345 2727 401 2747 nou
431 2723 606 2757 congruunt.
633 2717 679 2748 H.
718 2718 798 2748 Hinc

847 1054 966 1083 hiberna
985 1054 1078 1092 accipi
1099 1054 1187 1083 video
1207 1063 1261 1092 pro
1281 1062 1324 1086 ea,
1346 1061 1412 1090 quae
1432 1061 1485 1095 per
1504 1052 1565 1081 hie-

848 1104 925 1122 mem
940 1093 968 1121 in
984 1093 1068 1122 silvis
1079 1093 1184 1131 jacuit.
1228 1093 1265 1122 At
1280 1091 1397 1120 hiberna
1406 1101 1473 1129 pira
1486 1092 1566 1129 apud

848 1132 928 1160 Plin.
954 1131 1048 1165 XVI,
1076 1133 1128 1160 26.
1154 1131 1223 1160 huic
1248 1130 1481 1169 interpretationi
1509 1139 1563 1158 non

847 1171 955 1200 favent.
986 1170 1112 1199 W.—21
1140 1170 1213 1198 nude
1237 1179 1318 1198 umor
1342 1170 1405 1203 iste,
1434 1169 1462 1196 h.
1491 1180 1518 1198 e.
1547 1178 1564 1197 a

848 1219 907 1248 qua
930 1209 1046 1248 puella,
1069 1220 1157 1248 quam
1177 1208 1307 1247 puellam
1329 1208 1428 1236 amas?
1449 1211 1520 1236 τίνος-
1543 1211 1564 1235 ὡ

847 1250 923 1283 ’γαθέ
939 1252 1040 1276 τόσσον
1055 1251 1190 1284 ἕρασσειι;
1211 1257 1240 1276 V.
1260 1248 1309 1275 78.

886 1288 923 1316 21
945 1286 1352 1325 Apollo—Silvanus-Pan,
1390 1285 1566 1323 Comparari

847 1336 914 1354 cum
929 1326 974 1355 his
987 1331 1112 1364 possunt
1127 1325 1177 1354 illa
1186 1324 1306 1354 Moschi
1322 1324 1388 1359 ΙΙΙ,
1404 1325 1443 1353 26
1458 1334 1563 1362 sqq-*-

848 1365 898 1393 24.
921 1366 958 1394 cf.
984 1375 1013 1393 v.
1036 1366 1085 1394 67.
1106 1369 1136 1393 et
1160 1368 1375 1403 argumentum,
1395 1364 1434 1391 24
1455 1363 1565 1400 ayresti

849 1403 951 1442 capitis
980 1403 1118 1432 Silvanus
1145 1403 1262 1437 honore,
1291 1406 1410 1430 ornatus
1437 1406 1517 1430 serto
1548 1413 1565 1431 e

849 1443 951 1472 ferulis
969 1447 998 1471 et
1017 1442 1097 1471 liliis.
1139 1443 1188 1471 Ita
1202 1441 1317 1470 scilicet
1330 1445 1360 1470 et
1381 1450 1397 1469 a
1416 1440 1514 1478 poetis
1533 1444 1564 1469 et

847 1482 877 1510 in
896 1482 1002 1519 priscis
1022 1481 1217 1510 monumentis
1236 1480 1372 1508 Silvanus
1391 1479 1562 1514 exhibetur,

848 1524 881 1548 ut
895 1529 1031 1548 coronam
1045 1530 1084 1548 ex
1096 1519 1249 1548 frendibus
1265 1517 1396 1546 arboreis
1410 1521 1461 1546 aut
1477 1527 1562 1555 gran·

848 1558 936 1586 dibus
958 1557 1081 1586 floribus
1102 1561 1132 1585 et
1152 1556 1342 1585 arundinibus
1359 1560 1452 1594 gerat,
1474 1566 1562 1585 manu

849 1597 893 1624 Ge
923 1596 949 1630 1,
972 1597 1023 1625 20.
1051 1605 1226 1634 cupressum
1254 1599 1306 1623 aut
1329 1594 1419 1623 alium
1447 1595 1561 1624 arboris

847 1638 984 1664 truncum
1008 1638 1117 1663 teneat.
1143 1634 1229 1662 Conf.
1259 1633 1378 1662 Lucret.
1404 1633 1462 1668 IV,
1489 1634 1560 1669 591,

847 1683 935 1711 quem
944 1673 1131 1711 expressisse
1144 1673 1172 1701 h.
1186 1673 1206 1700 1.
1220 1676 1322 1701 noster
1334 1672 1469 1701 videtur:
1496 1672 1562 1701 Pan

848 1713 942 1742 Pinea
967 1711 1094 1749 semiferi
1116 1711 1220 1749 capitis
1242 1710 1383 1739 velamina
1408 1720 1562 1748 quassans.

846 1750 965 1780 Eximia
997 1760 1065 1778 cum
1096 1754 1251 1778 venustate
1278 1759 1368 1786 porro
1397 1749 1453 1778 hoc
1480 1749 1559 1779 idem

845 1788 996 1818 transtulit
1011 1788 1175 1818 Columella
1188 1788 1232 1822 X,
1254 1788 1303 1817 43.
1323 1787 1417 1816 Satur
1429 1792 1558 1817 auctum-

843 1839 898 1857 mts
910 1837 1053 1866 quassans
1064 1837 1119 1855 sua
1133 1832 1261 1865 tempora
1274 1826 1375 1865 pomis.
1417 1827 1558 1856 Ceterum

842 1867 872 1896 in
886 1867 932 1895 his
948 1866 1084 1895 versibus
1098 1866 1179 1895 color
1193 1866 1301 1895 ductus
1313 1875 1379 1894 esse
1390 1865 1509 1894 videtur
1522 1867 1559 1895 ab

843 1906 956 1944 Odyss.
978 1920 1009 1939 ω,
1031 1906 1069 1934 58
1086 1915 1151 1943 sqq.
1166 1905 1209 1933 H.
1250 1904 1477 1933 Distinctionem
1491 1909 1561 1943 post

840 1945 946 1974 lionore
958 1945 986 1973 in
1001 1944 1127 1974 editione
1141 1943 1341 1972 recentissima
1355 1943 1466 1981 Heynii
1482 1945 1559 1972 sub-

840 1983 930 2013 latam
948 1983 1044 2012 video.
1086 1983 1146 2011 Sed
1164 1993 1279 2016 vereor,
1304 1986 1338 2010 ut
1355 1982 1556 2011 constructio:

840 2032 985 2061 quassans
1002 2020 1119 2059 ferulas
1139 2026 1167 2049 et
1186 2020 1249 2049 lilia
1272 2021 1377 2049 honore
1397 2030 1460 2058 cap.
1481 2021 1510 2049 h.
1531 2031 1559 2051 e.

841 2071 958 2094 corona,
978 2061 1102 2099 placeat.
1139 2059 1227 2089 Venit
1238 2058 1348 2097 ayresti
1360 2059 1466 2087 honore
1480 2060 1559 2097 capi-

843 2100 881 2129 tis
896 2100 1015 2135 dicitur,
1037 2101 1070 2128 st
1085 2098 1156 2128 AEu.
1176 2098 1234 2133 IV,
1253 2100 1299 2127 11.
1313 2097 1448 2126 successit
1464 2098 1555 2136 (AEu-

843 2139 910 2175 eas)
924 2138 997 2173 forti
1005 2142 1122 2176 pectore
1137 2136 1261 2165 sedibus.
1300 2136 1414 2165 Durior
1427 2141 1484 2171 est,
1505 2137 1558 2166 ubi

843 2177 1023 2215 adjectivum
1037 2177 1131 2210 deest,
1149 2175 1326 2214 compositio
1338 2175 1418 2213 apud
1428 2175 1445 2205 J
1450 2185 1556 2205 uvena—

842 2215 911 2250 lem,
934 2216 996 2249 XI,
1019 2217 1086 2244 loo.
1106 2214 1196 2252 clipeo
1212 2214 1350 2243 venientis
1365 2218 1392 2243 et
1410 2214 1495 2242 kasta
1512 2215 1559 2243 dei

843 2255 1021 2284 mentionem
1046 2252 1219 2290 facientem3
1247 2263 1335 2291 quam
1359 2252 1424 2282 loco
1445 2253 1558 2283 Valerii

843 2294 891 2323 Fl.
906 2294 934 2328 1,
956 2294 1025 2322 438.
1046 2297 1077 2321 ta
1097 2292 1203 2320 medios
1217 2291 1315 2330 gladio
1336 2291 1425 2320 bonus
1444 2292 1487 2321 ire
1500 2302 1557 2330 per

842 2332 947 2367 hostes,
968 2332 1083 2369 Euryte
1097 2331 1308 2360 defendendam
1322 2340 1389 2359 esse
1402 2341 1459 2360 non
1469 2336 1557 2370 puta-

842 2371 888 2399 bis
901 2382 908 2407 3
931 2371 1041 2409 quippe
1057 2371 1107 2399 uhi
1120 2373 1162 2398 ire
1175 2369 1273 2407 gladio
1289 2369 1368 2398 idem
1379 2369 1419 2398 sit
1431 2379 1463 2398 ac
1468 2372 1556 2408 ferro

839 2410 912 2438 υἱαηι
926 2413 1100 2448 patefacere.
1121 2407 1320 2438 W.-Ferula
1331 2412 1429 2437 autem
1443 2409 1555 2444 frutex,

838 2448 916 2477 foliis
937 2448 1084 2481 foeniculo,
1106 2447 1204 2485 specie
1225 2451 1255 2475 et
1273 2457 1330 2475 usu
1352 2447 1554 2482 anmdinffius,

839 2487 947 2525 quibus
966 2497 1020 2525 pro
1039 2486 1153 2515 baculis
1174 2486 1296 2519 utimur,
1318 2485 1441 2521 similis;
1469 2487 1553 2515 Grae-

838 2535 939 2554 cor-um
953 2528 1059 2559 νάρθηξ.
1069 2524 1277 2563 H.—Anglice
1284 2524 1510 2553 Fennel-Giant.
1519 2525 1554 2553 S.

837 2566 876 2593 27
897 2564 1054 2597 rubentem,
1076 2563 1114 2592 cf.
1132 2573 1198 2602 sup.
1223 2564 1259 2592 ad
1273 2563 1331 2597 VI,
1357 2564 1406 2592 22.
1427 2563 1553 2592 Ebulmn

837 2603 947 2632 nostris
958 2602 1071 2636 Attich,
1085 2602 1302 2639 (dwarf-elder,
1313 2602 1487 2634 dane-worn
1500 2601 1553 2638 S.)

838 2642 937 2671 herba:
961 2651 1063 2679 genus,
1085 2641 1194 2669 baccas
1219 2641 1335 2675 rubras,
1362 2641 1391 2669 in
1417 2639 1552 2668 similitu-

838 2681 935 2709 dinem
964 2678 1106 2714 sambuci,
1137 2679 1310 2713 Hollunder,
1346 2678 1464 2717 (Elder.
1499 2677 1552 2710 S.)

838 2720 1014 2757 producens.
1049 2719 1094 2749 H.
1141 2719 1180 2748 28
1214 2718 1326 2757 Ecquis
1361 2726 1402 2746 er.
1433 2715 1555 2745 modus?
