1796 3077
637 222 902 263 AENEIDOS.
959 224 1058 263 ΜΒ.
1089 224 1120 262 Ι.

1512 234 1537 275 Κ)

1543 232 1569 274 to

1577 232 1601 274 q

167 343 378 388 Nascetur
398 343 545 400 pulcra
564 345 777 401 Trojanus
798 346 957 401 origine
977 346 1134 395 Caesar,

164 400 390 457 Imperium
409 417 579 452 oceano,
600 402 751 444 famam
770 405 842 457 qui
861 404 1054 445 terminet
1072 404 1206 452 astris,

162 460 314 510 Julius,
335 475 359 500 a
378 475 530 514 magno
551 461 777 502 demissum
797 475 949 501 nomen
968 459 1084 501 Julo.

162 516 292 557 Hunc
313 524 359 557 tu
379 516 475 557 olim
495 517 615 567 coelo,
638 516 780 572 spoliis
801 518 972 558 orientis
991 524 1201 565 onustum,

161 571 359 628 Accipies
379 589 552 623 secura3
582 575 800 615 vocabitur
819 574 887 615 hic
907 588 1075 628 quoque
1096 574 1214 615 votis.
1517 572 1600 611 2290

162 629 331 685 Aspera
350 637 438 672 tum
456 631 602 685 positis
622 631 840 672 mitescent
860 630 1013 672 saecula
1030 630 1148 672 bellis
1167 647 1177 679 3

163 686 282 728 Cana
302 688 428 729 Fides
443 696 486 729 et
504 688 650 737 Vesta,
672 687 808 730 Remo
829 702 924 729 cum
942 687 1071 728 fratre
1094 687 1296 733 Quirinus

161 743 269 785 Jura
289 745 474 794 dabunt3
505 745 608 786 dirae
628 744 740 787 ferro
759 753 802 786 et
819 745 1093 799 compagibus
1112 744 1236 785 arctis

163 801 426 843 Claudentur
445 801 554 842 Belli
572 809 733 855 portae3
765 802 901 842 Furor
920 802 1071 855 impius
1091 802 1216 849 intus,

163 858 286 899 Saeva
305 859 455 899 sedens
475 872 602 912 super
622 873 748 907 arma,
770 865 813 898 et
831 865 999 898 centum
1016 858 1179 899 vinctus
1200 855 1344 897 ahenis
1522 854 1604 894 5295

163 915 269 956 Post
290 922 456 969 tergum
477 915 612 963 nodis,
633 914 784 955 fremet
804 914 1002 955 horridus
1022 929 1093 955 ore
1114 921 1302 955 cruento.

218 971 327 1013 Haec
349 973 420 1020 ait,
440 979 483 1012 et
502 971 620 1012 Maia
640 972 826 1027 genitum
847 971 1027 1012 demittit
1045 972 1099 1012 ab
1120 971 1216 1019 alto,

157 1029 220 1070 Ut
239 1036 375 1078 terrae,
397 1035 528 1082 utque
547 1043 667 1069 novae
687 1034 859 1082 pateant
881 1028 1151 1082 Carthaginis
1173 1041 1290 1068 arces

157 1084 358 1140 Hospitio
379 1085 571 1135 Teucris,
593 1100 646 1126 ne
667 1084 740 1125 fati
759 1084 899 1125 nescia
919 1084 1036 1125 Dido

157 1141 332 1184 Finibus
353 1149 528 1183 arceret.

587 1141 717 1183 Volat
736 1141 803 1182 ille
822 1156 899 1195 per
919 1141 1019 1182 a'era
1038 1156 1236 1195 magnum
1518 1137 1601 1177 300

157 1200 354 1254 Remigio
375 1199 546 1247 alarum,
568 1213 617 1240 ac
638 1198 787 1252 Libyae
808 1199 913 1238 citus
934 1199 1092 1238 adstitit
1111 1199 1207 1238 oris.

158 1256 218 1299 Et
232 1258 322 1312 jam
335 1258 455 1311 jussa
474 1256 600 1307 facit3
631 1262 878 1311 ponuntque
896 1253 1051 1296 ferocia
1072 1254 1195 1296 Poeni

156 1393 328 1432 Augustum
360 1392 471 1421 referas
498 1391 577 1420 haud
608 1390 709 1426 dubie,
734 1392 773 1421 de
800 1402 859 1431 quo

155 1432 265 1461 similia
274 1432 384 1470 ubique
397 1431 504 1468 obvia;
519 1441 548 1459 v.
558 1431 650 1460 verba
658 1430 729 1468 spol.
740 1430 792 1459 Or.
802 1441 862 1468 on„

156 1470 245 1509 impr.
259 1471 328 1500 AEn.
345 1470 479 1499 VL793.
496 1480 541 1508 sq.
581 1471 614 1499 Is
629 1473 752 1498 vocatus
761 1469 861 1499 Julius

157 1508 271 1543 Caesar,
281 1510 348 1547 jure
363 1508 533 1547 adoptionis
546 1519 554 1545 3
566 1518 667 1537 nomen
675 1508 751 1537 Julii
761 1513 860 1537 autem

155 1557 225 1577 oum
253 1552 338 1577 esset
363 1548 515 1577 demissum
543 1548 597 1585 (de
619 1557 677 1585 qua
702 1557 778 1576 voce
799 1548 860 1576 vid.

155 1588 215 1616 Ge.
239 1587 305 1620 III,
330 1588 378 1617 35.
406 1587 470 1621 W.)
494 1596 512 1613 a
536 1595 639 1624 mayno
664 1585 735 1615 Julo
760 1586 860 1623 (claro

154 1626 244 1657 Albae
260 1626 412 1654 conditore
429 1624 492 1663 W.)
507 1624 536 1652 h.
549 1634 576 1652 e.
590 1634 706 1658 nomen,
729 1625 809 1662 quod
821 1624 858 1653 ad

155 1675 234 1699 eum,
257 1665 415 1702 adoptione
436 1664 465 1692 in
486 1666 604 1701 gentem
618 1662 728 1692 Juliam
744 1673 859 1692 assum-

154 1709 230 1737 tum,
245 1704 334 1737 venit,
360 1702 504 1740 Trojanus
524 1701 592 1730 inde
614 1702 793 1740 appellatur.
815 1702 858 1730 H.

154 1741 302 1780 imperium
319 1751 361 1769 oc.
375 1746 459 1769 term.
480 1741 509 1769 h.
524 1750 549 1769 e.
572 1744 668 1769 totum
683 1741 785 1769 orbem
800 1744 858 1769 ter-

154 1791 253 1810 rarum
265 1781 395 1819 subigat.
414 1780 461 1809 W.
471 1779 594 1818 pulchra
616 1779 737 1816 oriqiize,
758 1779 858 1817 simpl.

153 1820 243 1849 clara.
283 1820 350 1849 Non
385 1819 422 1847 ad
450 1819 595 1847 Venerem
627 1818 735 1855 respici
769 1828 858 1856 posse

153 1863 239 1897 puto,
273 1868 327 1896 per
355 1857 500 1886 sermonis
534 1858 729 1885 usum—259
760 1856 858 1894 spoliis

156 1897 295 1931 Orientis,
309 1897 372 1925 hmo
382 1896 434 1925 illa
448 1900 593 1934 perpetua
606 1896 759 1934 poetarum
773 1896 784 1931 (
792 1895 857 1923 Ho-

153 1940 211 1965 rat.
230 1937 294 1964 Sat.
313 1935 361 1969 11,
376 1937 405 1969 5,
421 1936 471 1963 65.
488 1934 552 1971 W.)
566 1934 594 1962 in
607 1934 772 1972 primisque
788 1933 857 1962 Vir-

151 1975 214 2013 gilii
237 1975 275 2003 de
303 1973 433 2012 Augusti
458 1973 488 2001 in
514 1973 644 2002 Parthos
670 1972 859 2011 expeditione

152 2012 336 2047 vaticinatio,
360 2023 389 2043 v.
414 2012 524 2050 Georg.
545 2012 593 2047 II,
614 2013 690 2048 2703
711 2021 807 2049 neque
826 2011 857 2039 in

151 2062 243 2081 unum
269 2055 384 2080 certum
409 2060 516 2079 annum
542 2061 576 2080 ea
601 2060 708 2089 cogere
731 2060 856 2078 necesse

154 2095 220 2125 est3
235 2090 305 2129 quin
317 2090 390 2118 adeo
403 2094 468 2118 ante
481 2090 564 2127 signa
577 2099 594 2118 a
606 2089 726 2118 Parthis
738 2089 857 2118 reddita

152 2129 290 2166 pocticus
314 2128 420 2167 ingenii
440 2129 540 2157 fervor
559 2129 624 2157 haec
646 2128 688 2157 ita
708 2132 788 2156 recte
812 2128 854 2156 ef-

151 2168 230 2196 ferre
243 2167 349 2205 potuit.
370 2177 482 2201 secura,
503 2168 617 2196 nemine
635 2167 854 2201 intercedente,

153 2206 270 2235 Junone
283 2206 408 2243 placata.
452 2206 608 2235 Vocabitur
617 2206 701 2240 votis,
711 2205 855 2244 praeclare

152 2245 281 2273 honores
303 2243 417 2273 divinos
438 2244 588 2274 habendos
604 2246 742 2283 Augusto
756 2248 854 2273 osten-

153 2283 209 2316 dit,
224 2287 257 2312 ut
266 2283 320 2311 Ge.
332 2282 362 2316 I,
376 2283 520 2312 cra—291
534 2284 584 2313 Ad
597 2284 705 2313 Janum
719 2283 854 2312 clausum

154 2322 194 2350 V.
209 2322 245 2351 C.
258 2322 327 2355 725,
344 2324 375 2349 et
387 2331 490 2359 pacem
513 2332 566 2360 per
585 2326 731 2351 terrarum
753 2322 854 2351 orbem

154 2361 324 2390 restitutam
338 2363 418 2388 recte
431 2359 569 2389 refertur.
605 2361 669 2390 Nec
681 2365 777 2389 tamen
785 2360 854 2388 hinc

153 2400 282 2438 probare
303 2398 410 2436 aliquis
437 2398 596 2437 suscipiat,
617 2400 673 2428 hoc
694 2399 759 2438 ipso
781 2408 854 2427 anno

153 2438 285 2477 primum
310 2436 446 2466 AEneidis
471 2436 580 2466 librum
604 2448 670 2466 esse
698 2438 854 2475 scriptum.

154 2476 260 2506 saecula
280 2486 384 2515 aspera
397 2475 552 2510 mitescent,
576 2479 696 2514 tempus
710 2476 785 2505 illud
798 2476 855 2505 erit

154 2520 306 2554 pacatum,
321 2514 412 2543 finitis
421 2513 519 2543 bellis.
552 2514 708 2543 Tribuitur
717 2514 855 2553 tempori,

154 2555 237 2592 quod
258 2553 407 2582 hominum
437 2552 610 2588 est.-—Quae
637 2557 799 2591 sequuntur
826 2564 855 2581 v.

152 2593 309 2622 292-296
321 2591 478 2630 magnifice
497 2600 643 2629 expressa
663 2595 731 2620 sunt
742 2602 750 2627 ς
769 2592 858 2620 fidem

155 2631 209 2665 ait,
228 2631 388 2670 religiones
408 2630 519 2669 patrias
540 2634 571 2657 et
590 2630 786 2664 concordiam,
803 2640 856 2658 ex-

156 2668 275 2698 stinctis
299 2669 384 2699 bellis
408 2673 439 2698 et
465 2667 636 2701 discordiis,
662 2678 757 2706 remp.
790 2678 857 2697 esse

157 2711 386 2775 ἱειᾘὶετθωτᾶε.
416 2707 505 2736 Fides
513 2717 596 2741 cana,
607 2706 718 2744 prisca,
727 2706 857 2744 antiqua,

158 2755 198 2784 qu
228 2745 254 2775 is
274 2748 420 2785 majorum
436 2746 503 2777 fuit.
550 2745 637 2777 Vesta
656 2744 754 2784 patria
765 2755 857 2784 eaque

899 1393 1105 1432 antiquissima
1148 1391 1291 1430 religione
1328 1390 1472 1419 Romanis
1511 1390 1601 1419 culta.

899 1432 975 1460 Cum
996 1432 1041 1461 his
1057 1431 1199 1459 Romulus
1218 1435 1248 1458 et
1268 1429 1374 1457 Remus
1388 1429 1462 1466 jura
1483 1427 1601 1462 dabunt,

898 1470 1024 1508 imperio
1051 1471 1185 1499 Romano
1211 1471 1374 1507 praeerunt,
1399 1477 1461 1496 rem
1489 1468 1600 1495 Roma-

898 1519 965 1537 nam
986 1510 1167 1545 tuebuntur3
1190 1507 1300 1536 redibit
1319 1516 1367 1535 res
1388 1507 1425 1535 ad
1443 1505 1599 1543 pristinam

898 1546 981 1576 illam
1001 1552 1168 1585 temporum
1190 1545 1377 1574 sanctitatem
1398 1548 1429 1573 et
1448 1544 1601 1582 integrita-

900 1589 970 1620 tem,
994 1597 1060 1624 quae
1083 1590 1147 1615 erat
1171 1588 1236 1612 ante
1259 1583 1453 1622 parricidium
1475 1583 1562 1611 Remi
1583 1593 1600 1612 a

900 1625 1029 1652 Romulo
1050 1624 1250 1652 commissum.
1290 1621 1413 1656 Bellum,
1433 1624 1448 1649 ὁ
1463 1626 1600 1656 Πόλεμος,

899 1663 926 1690 h.
943 1663 962 1690 l.
985 1663 1033 1691 dei
1053 1672 1208 1701 personam
1223 1661 1367 1690 sustinet:
1393 1664 1427 1689 ut
1450 1671 1497 1699 ap.
1519 1660 1598 1689 Plin.

899 1701 1046 1735 XXXV,
1075 1703 1124 1735 36,
1146 1702 1194 1729 16.
1233 1699 1310 1728 Belli
1330 1704 1443 1737 portoe5
1474 1699 1601 1737 respicit

898 1739 965 1769 Jaui
994 1740 1148 1778 templum,
1174 1739 1211 1767 cf.
1240 1738 1308 1767 AEn.
1329 1739 1408 1772 VII,
1437 1739 1505 1768 607.
1533 1748 1600 1776 sqq.

899 1778 990 1816 qnod,
1016 1789 1089 1817 pace
1108 1778 1259 1810 restituta,
1283 1777 1415 1805 clausum
1437 1777 1522 1813 quasi
1543 1786 1599 1814 pro

899 1827 1018 1845 earcere
1035 1821 1065 1845 et
1078 1816 1214 1845 custodia
1231 1815 1322 1847 Belli.
1360 1815 1418 1843 uod
1437 1814 1534 1843 Furor
1547 1816 1600 1844 de-

897 1855 1003 1889 clarat,
1034 1866 1103 1884 esse
1127 1855 1257 1883 videtur.
1298 1854 1345 1881 Re
1359 1853 1428 1891 iqua
1448 1864 1508 1882 vss.
1531 1855 1600 1883 294.

897 1895 966 1923 295.
995 1896 1054 1923 296
1080 1894 1226 1932 praeclara
1254 1893 1291 1921 ad
1318 1896 1464 1921 tenorem
1489 1893 1599 1921 animo-

898 1943 972 1962 rum.
987 1933 1033 1962 H.
1058 1933 1215 1970 Virgilius,
1239 1935 1273 1959 ut
1292 1941 1354 1960 rem
1376 1930 1514 1965 variaret,
1537 1932 1600 1960 Fu-

898 1981 994 2001 rorem
1023 1983 1091 2001 cum
1115 1971 1202 2000 Bello
1229 1970 1297 1999 Jani
1323 1970 1435 2008 templo
1466 1970 1598 2000 inclusit.

898 2010 998 2039 Furor
1024 2011 1100 2040 enim
1125 2011 1203 2038 inter
1234 2009 1344 2037 Martis
1372 2010 1495 2038 comites
1519 2010 1599 2047 apud

898 2050 973 2077 Stat.
994 2049 1140 2078 Thebaid.
1162 2048 1228 2081 ΙΙΙ,
1252 2048 1321 2076 424.
1361 2048 1452 2084 Apud
1473 2049 1598 2076 eundem

897 2087 974 2122 VII,
999 2090 1047 2117 52.
1071 2088 1100 2115 in
1124 2087 1205 2125 regia
1224 2086 1334 2114 Martis
1354 2086 1468 2114 habitat
1488 2086 1597 2114 Furor.

932 2165 1087 2194 297-304
1112 2164 1260 2196 Observa,
1285 2172 1374 2200 quam
1395 2162 1547 2191 succincta
1568 2163 1599 2192 in

896 2214 961 2242 sqq.
989 2203 1118 2232 narratio
1144 2203 1192 2231 sit.
1233 2201 1318 2229 Bene
1346 2205 1447 2230 autem
1472 2201 1597 2230 deorum

894 2242 1091 2271 ministerium
1112 2239 1306 2277 interponitur
1324 2240 1355 2267 in
1374 2240 1504 2277 hospitio
1522 2241 1597 2269 Tro-

889 2281 968 2319 janis
988 2279 1212 2319 parandO.-—H.
1230 2278 1364 2312 demittit,
1379 2283 1412 2307 ut
1420 2283 1596 2316 putarant-—

894 2330 928 2348 ne
949 2324 1069 2353 arceret,
1091 2317 1262 2347 consecutio
1284 2321 1449 2355 temporum
1471 2318 1596 2347 variata.

894 2358 971 2387 Nam
991 2367 1121 2396 praesens
1144 2355 1307 2385 historicum
1328 2360 1357 2384 et
1381 2357 1540 2394 praesentis
1567 2361 1604 2386 et

894 2397 933 2425 im
958 2397 1061 2425 erfecti
1088 2395 1295 2433 conjunctivus
1320 2395 1461 2433 excipere
1484 2399 1597 2433 potest.

898 2436 910 2464 1
939 2456 946 2463 .
985 2436 1043 2464 *299
1063 2433 1145 2467 Fati,
1169 2443 1228 2472 quo
1253 2433 1390 2470 Trojanis
1416 2433 1507 2462 Italia
1532 2438 1596 2462 erat

894 2475 1039 2512 petenda3
1062 2472 1290 2511 quodignorans
1303 2472 1394 2505 Dido.
1415 2482 1451 2501 ne
1471 2472 1595 2501 advenae

894 2513 924 2541 in
939 2512 984 2540 his
996 2512 1138 2540 litoribus
1149 2511 1251 2539 sedem
1260 2510 1350 2548 figere
1357 2511 1477 2545 vellent,
1488 2511 1594 2544 vereri,

897 2561 1008 2589 eosque
1032 2551 1069 2579 ab
1093 2559 1219 2578 escensu
1245 2549 1275 2577 in
1302 2553 1410 2578 terram
1436 2549 1597 2587 prohibere

896 2593 1025 2628 poterat.
1039 2588 1080 2617 cf.
1093 2589 1161 2617 527.
1201 2588 1278 2617 Mox
1289 2587 1407 2626 remigyio
1418 2589 1527 2616 alarum
1545 2597 1593 2615 or-

896 2632 973 2657 nate.
1013 2627 1079 2656 Alae
1093 2626 1192 2656 avium
1208 2636 1274 2655 cum
1289 2627 1407 2656 navium
1416 2627 1505 2655 remis
1513 2634 1594 2654 com-

896 2666 995 2706 parari
1021 2666 1225 2695 solent—302
1250 2666 1369 2694 Ponunt
1397 2666 1508 2694 seroces
1533 2663 1594 2691 ani·
1625 2666 1629 2668 “

897 2716 961 2735 mos
974 2716 981 2740 3
1002 2705 1089 2733 mites
1110 2708 1141 2733 et
1154 2704 1288 2743 placidos
1305 2704 1417 2733 animos
1430 2702 1592 2740 accipiunt,

897 2755 943 2781 ne,
959 2744 1137 2775 advenarum
1157 2747 1318 2783 conspeetu
1335 2742 1481 2778 exterriti,
1504 2740 1594 2770 armis
