1796 3077
598 221 868 260 AENEIDOS.

925 221 1026 260 LIB.
1058 221 1148 260 VII.

160 346 397 396 Somniferi,
415 352 458 387 et
479 344 636 386 Marsis
657 344 845 398 quaesitae
864 345 1076 393 montibus
1097 344 1256 385 herbae.

157 405 224 446 Te
246 419 390 446 nemus
412 402 642 457 Angustiae,
670 402 802 442 vitrea
822 408 863 442 te
884 401 1069 444 Fucinus
1091 401 1216 452 unda,

159 463 225 503 Te
245 461 393 515 liquidi
413 461 565 501 flevere
582 459 713 500 lacus.

1531 460 1553 499 ’ἵ
1559 460 1615 500 60

157 520 255 560 Ibat
274 526 317 559 et
337 516 562 572 Hippolyti
581 516 722 571 proles
742 516 994 572 pulcerrima
1014 515 1127 557 bello

157 577 344 624 Virbius,
367 575 570 629 insignem
591 588 716 628 quem
733 583 866 616 mater
885 572 1030 614 Aricia
1046 573 1170 622 misit,

157 633 374 674 Eductum
397 632 566 686 Egeriae
585 630 705 679 lucis,
726 631 943 673 humentia
964 631 1121 672 circum

156 690 320 739 Litora,
342 689 509 744 pinguis
531 688 603 730 ubi
624 696 666 729 et
686 688 902 743 placabilis
924 702 996 730 ara
1018 687 1185 730 Dianae.

154 748 353 801 Namque
370 746 510 787 ferunt
525 745 635 787 fama
644 745 940 800 Hippolytum,
954 752 1179 799 postquam
1196 751 1285 785 arte
1302 759 1493 788 novercae
1528 744 1609 786 765

156 804 386 852 Occiderit,
408 803 650 857 patriasque
669 802 851 856 explerit
870 802 1073 856 sanguine
1094 816 1242 855 poenas

153 861 358 902 Tui-batis
380 860 605 900 distractus
626 860 758 912 equis,
784 859 839 899 ad
860 859 1000 899 sidera
1019 872 1166 899 rursus

155 918 353 959 AEtheria
373 924 415 957 et
436 930 609 970 superas
630 915 726 957 eoeli
745 916 907 957 venisse
929 915 1008 956 sub
1031 929 1167 963 auras,

153 975 334 1016 Paeoniis
353 980 595 1014 revocatum
615 972 760 1014 herbis
781 981 824 1014 et
841 987 981 1014 amore
1006 971 1173 1013 Dianae.

152 1032 266 1073 Tum
288 1031 417 1071 Pater
438 1030 716 1084 omnipotens,
739 1029 922 1084 aliquem
942 1029 1184 1084 indignatus
1204 1030 1258 1070 ab
1279 1029 1437 1070 umbris

1527 1029 1609 1070 770

153 1087 379 1130 Mortalem
401 1087 572 1127 infernis
592 1087 646 1128 ad
666 1086 822 1128 lumina
849 1101 1023 1141 surgere
1045 1086 1154 1135 vitae,

153 1146 251 1199 Ipse
272 1152 532 1199 repertorem
551 1144 770 1185 medicinae
787 1143 880 1184 talis
900 1152 942 1184 et
962 1144 1062 1184 artis

148 1202 341 1243 Fulmine
364 1200 672 1254 Phoebigenam
694 1201 863 1254 Stygias
883 1200 1063 1241 detrusit
1082 1199 1125 1241 in
1144 1199 1294 1241 undas.

149 1259 212 1301 At
232 1258 379 1299 Trivia
399 1256 681 1311 Hippolytum
701 1257 872 1298 secretis
892 1256 1000 1298 alma
1020 1256 1213 1297 recondit

151 1316 349 1364 Sedibus,
372 1323 413 1356 et
434 1314 630 1368 nymphae
653 1314 822 1369 Egeriae
845 1314 1088 1368 nemorique
1111 1312 1271 1367 relegat
1292 1330 1301 1353 z

151 1373 275 1414 Solus
295 1371 367 1412 ubi
389 1372 430 1411 in
451 1371 562 1411 silvis
584 1370 700 1411 Italis
719 1370 916 1425 ignobilis
937 1386 1072 1411 aevum

153 1430 370 1483 Exigerct,
394 1442 599 1481 versoque
621 1428 694 1469 ubi
714 1429 880 1468 nomine
902 1427 1079 1468 Virbius
1101 1434 1224 1468 esset.

150 1487 279 1527 Unde
299 1485 425 1525 etiam
445 1483 602 1539 templo
625 1483 782 1525 Triviae
801 1484 991 1538 lucisque
1010 1484 1181 1524 sacratis

151 1542 414 1596 Cornipedes
435 1548 631 1583 arcentur
651 1542 747 1595 equi
766 1558 774 1590 3
806 1542 919 1595 quod
941 1541 1060 1580 litore
1082 1555 1253 1581 currum

186 1688 243 1716 701
260 1697 326 1725 sqq.
353 1685 388 1715 In
412 1695 533 1715 nemore
554 1685 677 1714 Aricino
693 1684 790 1714 Diana
804 1694 857 1722 pe·
892 1684 1010 1722 pinquis
1024 1684 1101 1712 bene
1123 1682 1207 1712 diota
1225 1687 1283 1717 est,
1312 1686 1438 1727 propter
1458 1682 1609 1716 victimas,

150 1726 270 1763 tegrino
286 1735 366 1753 more
380 1725 471 1759 culta,
496 1734 584 1763 quem
599 1723 774 1761 Scythicum
789 1734 857 1752 esse

150 1763 310 1793 ediderunt
345 1768 476 1792 veteres.
532 1763 569 1793 In
604 1763 708 1791 eodem
743 1762 856 1800 templo

155 1803 275 1832 Virbius
289 1803 377 1831 heros
398 1803 536 1841 indigena
558 1802 660 1831 divino
679 1801 789 1830 honore
805 1802 856 1830 lia-

151 1843 243 1870 bitus.
283 1842 472 1870 Arcebantur
499 1841 621 1878 antiqua
648 1840 791 1877 religione
819 1840 857 1868 ab

150 1881 206 1909 hoo
222 1881 290 1909 luco
304 1880 374 1917 equi
388 1890 395 1917 3
417 1879 484 1909 inde
498 1880 620 1912 factum,
645 1883 679 1907 ut
691 1888 759 1906 eum
776 1878 857 1916 Hip-

149 1920 299 1957 polytum,
328 1919 437 1947 Thesei
463 1919 495 1950 f.‚
528 1919 797 1956 interpretarentur
821 1917 858 1945 ab

151 1959 239 1996 equis
263 1957 421 1995 jugalibus
445 1957 630 1989 dilaniatum,
656 1966 673 1984 a
699 1956 796 1984 Diana
819 1966 858 1984 ex

148 1997 253 2026 inferis
274 1996 431 2025 reductum
455 2000 485 2025 et
508 1997 537 2024 in
562 1996 618 2024 hoc
638 1995 706 2024 luco
730 1995 859 2023 colloca-

150 2040 231 2064 tum:
256 2036 360 2064 Dianae
382 2045 464 2063 amor
477 2035 659 2072 repetendus
679 2038 725 2062 est
740 2044 755 2061 a
769 2043 859 2062 vena-

151 2074 240 2103 tionis
254 2074 367 2103 studio.
383 2084 410 2102 v.
427 2074 521 2102 Ovid.
536 2074 612 2102 Met.
628 2072 702 2106 XV,
716 2074 774 2100 532
791 2083 856 2111 sqq.

154 2113 195 2142 At
218 2113 303 2142 Maro
325 2113 486 2151 Hippolyti
505 2112 598 2141 filiurn
621 2112 693 2140 facit
705 2111 856 2144 Virbium.

152 2162 190 2180 ex
202 2151 305 2180 Aricia
317 2151 462 2189 Nympha
478 2155 663 2188 susceptum,
678 2150 858 2189 pulcrrrlma

152 2189 223 2218 bello
234 2192 365 2227 jungunt
378 2190 507 2228 interpp.
554 2190 635 2227 Ergo
647 2190 705 2218 erit
719 2189 855 2227 insignis,

152 2229 243 2262 clara,
259 2228 432 2265 conspicua,
447 2239 485 2258 ex
503 2234 598 2257 καλός.
647 2228 780 2257 Praestat
797 2227 855 2255 sor-

152 2272 232 2296 tasse
249 2278 254 2295 :
276 2266 336 2295 ibat
350 2265 431 2301 bello,
451 2267 488 2295 ad
503 2267 610 2296 bellum
623 2278 630 2303 3
651 2267 746 2295 multo
761 2271 858 2295 tamen

152 2306 247 2343 mag-is
269 2304 368 2334 malim
387 2306 513 2343 jungere
536 2306 628 2334 tertio
644 2305 711 2334 loco
727 2305 798 2333 bellu
815 2305 857 2333 in-

152 2344 259 2382 signem
270 2355 279 2372 :
301 2354 335 2372 ne
351 2343 489 2381 insiynem
502 2345 613 2373 nudum
627 2344 747 2382 frigeat.
779 2344 858 2380 Equ-

152 2384 205 2412 νέω
218 2385 283 2411 sous
295 2387 325 2411 et
337 2382 427 2415 lacus,
442 2382 470 2410 in
486 2392 545 2420 quo
561 2383 705 2412 educatus
720 2383 777 2412 suit
789 2383 858 2411 Vir-

153 2423 231 2456 hius,
244 2423 281 2450 ad
295 2421 426 2449 Ariciam
441 2424 502 2449 est:
525 2421 600 2450 alius
615 2421 706 2460 vulgo
720 2425 858 2450 narratur

152 2471 245 2499 prope
271 2461 399 2489 Romam
425 2459 460 2487 ad
486 2464 601 2496 portam
617 2461 779 2498 Capenam,
804 2461 859 2488 ubi

154 2500 275 2537 Egeriae
299 2499 417 2530 domus,
444 2502 560 2526 antrum
574 2499 629 2526 sub
646 2499 803 2529 Aventino,
831 2499 858 2527 iu

154 2547 213 2575 quo
233 2547 395 2576 congressa
409 2546 443 2565 ea
455 2546 522 2564 esse
538 2536 688 2565 ferebatur
712 2548 779 2566 cum
794 2537 859 2565 Nu-

155 2576 398 2606 ma.—humenlia
408 2575 519 2608 littora,
534 2575 571 2603 ad
584 2574 680 2604 lacum
689 2576 860 2609 Aricinum,

155 2615 205 2643 ubi
220 2625 270 2643 ara
282 2616 387 2644 Dianae
405 2625 458 2643 seu
474 2613 724 2650 templum—764
739 2614 787 2643 ubi
804 2625 857 2643 ara

148 2653 268 2691 pinquis
292 2658 318 2682 et
341 2653 493 2692 placabilis
520 2652 628 2681 Diana:
654 2657 700 2681 est
717 2662 723 2678 :
757 2655 861 2692 jejuna

155 2692 230 2727 luec,
245 2703 300 2722 nec
314 2693 447 2731 epitheta
459 2693 532 2720 liene
550 2691 745 2720 conveniunt:
768 2702 821 2721 ara
837 2692 861 2720 si

896 1733 952 1751 non
976 1723 1078 1751 eadem
1098 1722 1172 1751 bene
1194 1726 1240 1751 est
1259 1721 1423 1760 placabzlaes,
1445 1722 1498 1750 sed
1513 1722 1609 1751 Diana

897 1765 943 1790 est
953 1761 1119 1799 placabilis.
1142 1765 1271 1798 praestat
1293 1771 1366 1799 ergo
1390 1760 1528 1799 copulam
1552 1762 1608 1798 eji-

897 1810 968 1829 cere
984 1810 989 1827 :
1007 1799 1128 1838 pinquis
1141 1800 1189 1828 ubi
1196 1800 1350 1838 placabilis
1362 1810 1416 1828 ara
1433 1799 1541 1828 Diunoe
1554 1804 1608 1828 est.

896 1839 1094 1868 —765-—760
1106 1843 1169 1867 arte
1184 1848 1313 1867 novercae
1325 1838 1406 1871 dolo,
1420 1841 1502 1880 τέχνῃ
1518 1838 1607 1867 Phae-

899 1878 975 1906 drae.
996 1887 1030 1907 cx
1054 1877 1118 1906 {erit
1140 1878 1278 1915 sanquine
1295 1887 1408 1915 poenas,
1428 1887 1503 1905 nove
1517 1877 1607 1911 dixit,

898 1920 932 1944 ut
953 1888 1126 1950 exsol’vere,
1153 1916 1325 1950 exhaurire,
1353 1916 1437 1948 dare,
1464 1922 1606 1953 quantum

899 1955 1079 1993 imperatum
1094 1958 1152 1989 est,
1166 1958 1261 1984 morte
1276 1954 1538 1983 luere.—-tnrbaiis
1551 1964 1608 1992 pro

899 1994 1193 2023 consternatis—ad
1204 1993 1300 2022 sidera
1320 2003 1422 2022 rursus
1436 1997 1537 2021 ornate
1552 2003 1608 2031 pro

899 2032 1062 2061 revixisse.
1102 2032 1232 2061 Poeoniz's
1245 2031 1341 2060 herbis
1356 2032 1455 2069 simpl.
1476 2041 1531 2069 pro
1545 2042 1607 2060 me-

898 2071 1082 2105 dicantibus,
1095 2071 1233 2105 medicis,
1250 2081 1266 2098 a
1280 2071 1391 2099 Paeone
1404 2072 1527 2098 deorum
1544 2080 1605 2098 me-

897 2109 978 2141 dico.
998 2110 1149 2148 Apolline·
1170 2109 1209 2138 ll·
1223 2122 1235 2136 ε
1250 2109 1304 2137 401
1322 2119 1328 2137 :
1357 2113 1456 2142 Παιὼν,
1468 2112 1609 2138 Παιώνιος.

898 2149 947 2177 De
969 2148 1147 2186 AEsculapio
1170 2147 1280 2177 Phoebi
1307 2147 1328 2175 f.
1348 2157 1366 2175 a
1382 2147 1461 2176 Jove
1482 2147 1605 2176 fulmine

897 2197 1045 2225 percusso
1059 2186 1150 2215 obvia
1164 2190 1210 2215 est
1223 2185 1336 2214 fabula.
1347 2185 1527 2223 v.Apollod.
1540 2185 1607 2219 ΙΙΙ,

900 2228 948 2260 10,
971 2228 990 2255 3
1013 2229 1043 2254 et
1067 2226 1162 2254 Notas
1184 2235 1215 2263 p.
1241 2225 1310 2253 701.
1331 2224 1457 2252 Pindar.
1478 2223 1513 2252 P.
1536 2224 1604 2259 111,

897 2266 937 2293 96
953 2266 1096 2303 sq.—775
1113 2264 1210 2293 Diana
1225 2263 1429 2301 Hippolytum
1450 2262 1521 2291 vitae
1542 2272 1604 2292 res-

899 2304 1021 2332 titutum
1037 2307 1070 2332 ut
1084 2303 1137 2331 irae
1153 2302 1239 2332 Jovis
1256 2302 1456 2336 subtraheret,
1480 2302 1606 2330 abscon-

899 2343 944 2372 dit
957 2343 985 2371 in
1000 2342 1077 2371 silva
1093 2341 1224 2370 Aricina.
1264 2340 1388 2369 Nemori
1403 2350 1472 2368 eum
1486 2340 1605 2378 releyat,

899 2382 989 2419 legat,
1015 2381 1146 2413 mandat,
1168 2379 1270 2414 tradit,
1297 2379 1493 2408 commendat.
1533 2379 1607 2414 Alii,

899 2421 1006 2457 releyrzt
1031 2419 1070 2448 ad
1090 2429 1200 2453 nemus,
1225 2421 1364 2457 segregat
1380 2428 1386 2445 ι
1421 2422 1453 2446 ut
1469 2419 1524 2447 Ge.
1540 2418 1608 2451 In,

898 2460 975 2488 212:
1008 2464 1109 2487 tauros
1126 2456 1230 2495 procul
1251 2461 1338 2495 atque
1361 2455 1392 2484 in
1414 2457 1476 2485 sola
1498 2457 1606 2495 relequt

902 2499 1029 2526 Pascua.
1069 2497 1146 2525 Tum
1160 2495 1303 2533 iynobffis,
1316 2495 1345 2524 in
1358 2496 1464 2524 bonam
1476 2500 1605 2534 partem.

901 2541 1005 2574 utpote
1029 2536 1056 2563 in
1085 2544 1209 2563 secessu
1234 2540 1266 2563 et
1289 2534 1460 2569 solitudine,
1487 2535 1606 2573 placide

900 2575 968 2604 ideo
981 2579 1011 2603 et
1026 2573 1185 2612 tranquille
1201 2584 1207 2601 ι
1238 2573 1313 2602 alias
1324 2573 1446 2612 iynobile
1460 2584 1547 2601 cerum
1563 2574 1607 2601 el'-

900 2613 1102 2642 serum—781
1125 2612 1201 2641 haud
1220 2612 1321 2646 secius,
1338 2612 1396 2642 etsi
1414 2612 1485 2650 equi
1507 2622 1523 2639 a
1539 2611 1607 2640 luco

901 2651 1034 2689 parentis
1062 2652 1252 2686 arcebantur,
1282 2651 1360 2681 haud
1385 2650 1483 2680 minus
1508 2655 1605 2679 tamen

903 2691 983 2719 silius
999 2700 1051 2719 eos
1065 2690 1208 2729 agitabat.
