1796 3077
194 243 290 290 606

644 242 688 281 P.
719 240 951 280 VIRGILII
981 238 1233 281 MAROle

199 361 344 411 Immo,
366 362 437 410 ait,
458 376 483 403 o
504 362 629 411 cives,
653 368 823 415 arrepto
844 368 1048 416 tempore,
1069 361 1258 410 Turnus,

199 418 350 473 Cogite
371 418 603 465 concilium,
626 425 667 458 et
684 433 833 471 pacem
854 417 1025 459 laudate
1049 419 1244 459 sedentes
1262 434 1272 458 z

198 474 265 515 Illi
285 476 409 515 armis
430 475 470 513 in
488 488 617 527 regna
639 482 775 515 ruant.

199 531 413 584 Corripuit
435 545 526 570 sese
547 538 589 570 et
617 532 738 571 tectis
758 531 866 571 citus
888 530 1041 571 extulit
1062 530 1169 572 altis.

195 587 283 636 Tu,
312 585 487 636 Voluse,
509 587 660 627 armari
678 586 931 628 Volscorum
953 587 1073 627 edice
1093 585 1306 640 maniplis;

200 643 311 691 Duc,
332 643 402 691 ait,
423 650 466 683 et
487 642 689 683 Rutulos.

198 699 259 738 Et·
280 713 375 739 cum
397 698 528 740 fratre
551 699 698 748 Coras,
719 698 814 740 latis
836 699 1063 740 diffundite
1087 700 1259 753 campis.

199 754 306 795 Pars
326 756 466 796 aditus
488 756 604 797 urbis
620 755 803 804 firment,
826 763 1049 810 turresque
1070 762 1317 810 capessant3

195 810 364 861 Cetera,
379 826 463 866 qua
477 812 612 866 jusso,
633 827 797 853 mecum
818 827 964 852 manus
985 812 1138 854 inferat
1158 827 1287 854 arma.

196 867 318 909 Ilicet
340 868 382 908 in
403 883 544 909 muros
566 875 656 909 tota
676 869 928 909 discurritur
948 869 1068 910 urbe.

196 924 431 965 Concilium
452 925 543 979 ipse
563 932 686 979 pater
706 933 749 966 et
769 939 922 979 magna
943 926 1112 980 incepta
1134 924 1316 966 Latinus

194 980 385 1030 Deserit,
405 995 452 1022 ac
473 982 581 1022 tristi
598 982 792 1022 turbatus
813 990 1004 1035 tempore
1026 981 1169 1022 differt
1186 999 1197 1031 ;

196 1036 421 1091 Multaque
443 1052 487 1079 sc
508 1038 686 1087 incusat,
704 1038 777 1091 qui
797 1052 880 1078 non
901 1038 1114 1091 acceperit
1134 1037 1247 1078 ultro

196 1092 462 1134 Dardanium
479 1093 664 1142 AEnean,
682 1108 972 1148 generumque
994 1095 1201 1142 asciverit,
1218 1093 1329 1134 urbi.

197 1149 465 1191 Praefodiunt
485 1150 550 1191 alii
573 1157 730 1204 portaS,
752 1157 824 1192 aut
846 1165 949 1190 saxa
969 1150 1181 1203 sudesque

191 1206 469 1247 Subvectant.

193 1261 398 1303 Buccina.

459 1261 573 1302 Tum
589 1277 730 1302 muros
751 1263 864 1302 Vstl'iss
887 1262 1061 1302 cinxere
1083 1276 1240 1303 COl'Ona

840 473 935 514 Nec
956 474 1078 528 plura
1093 474 1259 515 locutus

751 643 967 697 Equitem,
990 642 1231 697 Messapus,
1254 644 1295 683 in
1317 642 1456 692 armis,

1573 697 1659 737 465

531 1206 652 1247 Bello
674 1207 749 1247 dat
770 1208 935 1259 signum
955 1220 1084 1246 rauca
1105 1212 1329 1247 cruentum
1572 1260 1655 1300 ΔΗΓ

1597 1281 1600 1291 ⁴
1631 1275 1656 1299 ι)

194 1317 407 1358 Matronae
428 1319 663 1372 puerique3
695 1326 818 1359 vocat
844 1317 965 1358 labor
987 1318 1158 1358 ultimus
1181 1332 1341 1358 omnes.

192 1373 289 1414 Nec
310 1389 393 1414 non
414 1375 469 1414 ad
491 1373 693 1427 templum
715 1387 984 1426 summasque
1005 1373 1060 1413 ad
1083 1373 1270 1414 Palladis
1291 1387 1408 1414 arces

193 1429 456 1470 Subvehitur
475 1444 628 1483 magna
652 1436 830 1470 matrum
851 1429 997 1483 regina
1018 1437 1200 1478 caterva,

192 1485 321 1526 Dona
341 1485 504 1535 ferens3
530 1487 742 1540 juxtaque
763 1500 902 1527 comes
922 1485 1098 1526 Lavinia
1119 1486 1255 1540 virgo,

191 1541 334 1583 Causa
352 1542 449 1583 mali
470 1543 587 1591 tanti,
610 1541 755 1583 oculos
777 1542 945 1595 dejecta
965 1542 1157 1584 decoros.

1566 1538 1652 1580 480

190 1597 438 1639 Succedunt
458 1606 625 1647 matreS,
647 1605 690 1639 et
713 1598 914 1652 templum
935 1606 1029 1640 ture
1045 1605 1251 1653 vaporant
1268 1614 1278 1648 3

191 1653 251 1696 Et
272 1662 438 1696 maestas
454 1655 539 1698 alto
562 1655 745 1697 fundunt
765 1655 819 1696 de
838 1654 977 1698 limine
997 1669 1120 1699 voces
1137 1671 1147 1699 t

190 1809 258 1829 cum
275 1804 408 1839 tempore
428 1799 582 1835 diductus,
606 1801 684 1830 binis
707 1802 837 1839 primum
857 1809 905 1829 os-

947 1800 1053 1839 praelio
1067 1810 1134 1830 cum
1150 1801 1276 1830 Achivis
1299 1799 1422 1844 propius
1436 1798 1504 1828 urbi
1525 1797 1655 1828 admoto.

191 1839 242 1866 tiis
257 1838 285 1867 in
300 1848 381 1867 mare
404 1838 524 1866 delatus
544 1843 603 1872 est,
626 1849 753 1876 quorum
778 1839 905 1868 alterum
946 1840 1043 1868 -477
1058 1839 1221 1868 Manifesta
1235 1843 1364 1877 vestigia
1379 1838 1406 1867 ΙΙ
1422 1842 1446 1872 ζ,
1461 1839 1500 1866 86
1516 1848 1529 1866 s
1553 1848 1583 1875 q.
1595 1838 1656 1866 229

193 1877 424 1914 septentrionem
437 1886 544 1904 versus
561 1881 627 1905 erat
642 1877 764 1911 Volanrt,
779 1878 906 1906 alterum
945 1887 1014 1920 sqq.
1038 1877 1121 1906 Illud
1148 1882 1248 1906 aulem
1271 1878 1375 1911 miror,
1402 1877 1482 1914 quod
1502 1876 1536 1904 P·
1560 1875 1655 1904 ladem

191 1924 209 1942 a
224 1915 349 1943 meridie
364 1914 485 1942 Padusa
505 1915 598 1951 (nunc
612 1914 633 1942 il
647 1916 695 1943 Po
708 1915 738 1943 d'
750 1915 902 1954 Aryenta)

189 1961 286 1989 prope
301 1952 422 1989 Spinam
437 1962 454 1980 a
468 1951 542 1980 mari
553 1957 727 1990 exceptum.

230 1991 289 2018 459
315 1990 483 2019 Concilium
498 1989 608 2018 habete
633 1996 751 2030 arrepto
776 1996 902 2029 tempore

190 2029 329 2062 εὐκαίρως,
343 2031 370 2056 ἐν
388 2031 481 2066 καιρῷ,
509 2038 576 2056 cuin
592 2029 843 2059 irrisione.—4G2
857 2039 901 2058 se-

191 2076 221 2094 se
246 2066 400 2103 corripuit,
427 2075 483 2104 pro
514 2066 650 2105 vulgari:
684 2078 717 2097 se
738 2067 901 2106 proripuit,

189 2107 300 2137 ὤρνυτο,
317 2107 438 2139 ὡρμήθη,
454 2107 578 2133 ἔσσυται.
611 2105 750 2135 Vidimus
761 2107 825 2144 jam
842 2106 900 2139 VI,

188 2142 257 2171 472.
286 2143 354 2171 473.
377 2153 490 2180 rapere,
510 2143 667 2181 corripere,
689 2154 743 2182 pro
767 2154 901 2177 movere,

189 2181 302 2217 passim
324 2181 574 2210 vidimus-463.
596 2183 655 2211 464
674 2183 796 2221 equitem
813 2183 900 2211 inar—

189 2219 257 2251 mis,
280 2229 336 2257 pro
362 2225 520 2252 armatum,
541 2224 575 2248 ut
597 2230 679 2257 saepe
698 2221 781 2255 alibi,
802 2225 832 2249 et
852 2230 898 2248 vs.

190 2258 259 2285 173.
289 2257 454 2295 Messapus,
482 2267 590 2294 graece,
616 2268 671 2295 pro
692 2259 845 2297 Messape,
868 2262 899 2287 et

191 2294 285 2323 Coras
296 2305 350 2333 pro
359 2296 450 2328 Cora,
463 2297 632 2333 cumfratre
644 2297 763 2325 Catillo.
776 2308 805 2325 v.
820 2297 897 2330 vn,

187 2333 354 2362 (ΠΖ-467
376 2344 433 2371 qua
451 2334 548 2371 jusso,
573 2343 628 2371 pro
647 2335 786 2371 jussero:
809 2335 897 2365 utle-

189 2380 290 2404 vasso⁸
318 2372 500 2406 declarasso,
526 2381 646 2400 amasso
669 2377 700 2401 et
723 2373 761 2401 al.
777 2390 814 2394 -
828 2373 897 2401 468.

186 2409 247 2436 469
258 2409 439 2448 Comparant
454 2410 492 2438 ΙΙ.
513 2413 545 2445 β,
563 2410 719 2439 808-472
737 2411 803 2439 urbi
822 2410 897 2439 erit:

189 2446 220 2474 in
232 2447 326 2480 urbis,
342 2448 436 2486 regni,
453 2448 623 2477 utilitatem.

227 2485 286 2512 473
307 2486 384 2514 Ante
399 2490 501 2523 portas
521 2485 620 2515 fossas
633 2485 747 2515 faciunt
770 2490 804 2515 nt
817 2487 893 2515 bene

189 2521 288 2556 Serv„
310 2527 339 2550 et
356 2524 464 2552 vallum
480 2524 605 2558 ducunt,
625 2525 707 2553 saxis
722 2524 894 2563 stipitibus-

189 2570 247 2596 que
262 2564 293 2588 et
306 2560 395 2588 humo
414 2564 646 2600 aggesta—476
660 2568 742 2591 vocat
757 2563 838 2591 labor
850 2563 894 2591 vl-

188 2598 275 2626 timus
300 2607 405 2626 omues.
430 2610 460 2628 re
488 2601 525 2628 ad
554 2610 701 2628 summum
730 2601 892 2629 discrimen

188 2636 328 2664 adducta.
383 2636 576 2666 Procurritur
600 2643 697 2666 auten]
727 2639 755 2667 in
781 2649 890 2672 muros]

187 2675 231 2703 uti
259 2675 369 2702 sactum
397 2684 463 2702 esse
487 2676 587 2713 Trojae
613 2682 713 2705 narra-t
739 2678 892 2706 Homerus

939 1925 1001 1952 jam
1016 1918 1079 1943 tum
1093 1915 1151 1944 ooli
1165 1925 1180 1944 a
1194 1916 1396 1945 Laurentibus
1410 1914 1545 1948 tradidit,
1564 1923 1653 1952 quam

944 1957 1042 1982 tamen
1056 1954 1202 1991 Trojanos
1216 1954 1345 1992 primum
1360 1952 1499 1982 intulisse
1518 1961 1652 1980 commu-

944 1991 989 2020 nis
1003 1991 1080 2020 sama
1092 1993 1266 2023 obtinebat:
1287 1992 1362 2030 (nisi
1372 1992 1449 2019 forte
1458 1991 1550 2028 poeta
1561 1990 1651 2018 deam

942 2029 970 2057 in
989 2029 1077 2058 Latio
1096 2030 1155 2059 coli
1169 2030 1288 2058 solitam
1310 2033 1340 2058 et
1354 2038 1419 2057 eam
1434 2028 1553 2057 Palladi
1568 2027 1654 2057 simi·

941 2067 999 2095 lem
1024 2067 1159 2096 innuisse
1172 2068 1316 2096 dicendus
1341 2071 1400 2100 est,
1426 2067 1545 2104 qualem
1571 2076 1601 2095 v.
1623 2077 1652 2095 c.

941 2105 1106 2134 Fortunam
1133 2106 1284 2135 Antiatem
1309 2105 1447 2133 novimus
1471 2114 1519 2142 ap.
1541 2104 1653 2133 Horat.

941 2143 1002 2171 od.
1023 2143 1050 2177 I,
1073 2144 1121 2172 35.
1143 2144 1197 2172 sed
1222 2144 1286 2172 haeo
1309 2143 1483 2172 observatio
1497 2142 1587 2171 etiam
1611 2143 1649 2171 de

941 2180 1007 2210 aliis
1023 2182 1199 2210 Graecorum
1215 2182 1290 2216 deis,
1313 2192 1338 2209 e.
1359 2192 1386 2210 c.
1403 2181 1537 2215 Baccho,
1553 2181 1649 2219 Apol-

938 2219 1007 2253 line,
1034 2220 1124 2253 valet,
1148 2220 1260 2257 quippe
1281 2220 1332 2258 qui
1348 2220 1403 2248 hoc
1426 2224 1559 2257 tempore
1574 2229 1647 2247 non-

938 2258 1009 2286 dum
1034 2258 1070 2285 ab
1092 2258 1179 2286 Italis
1201 2259 1282 2287 hisce
1304 2259 1490 2286 colebantur.
1517 2258 1576 2294 R.)
1589 2258 1648 2286 478

938 2295 1113 2324 subvehitur
1134 2306 1188 2334 pro
1207 2296 1344 2334 vulgari:
1365 2296 1524 2324 invehitur.
1564 2296 1643 2324 Nam

937 2343 1025 2362 curru
1038 2338 1134 2363 vectae
1148 2338 1290 2363 matrouae
1302 2344 1385 2363 sacra
1397 2334 1524 2363 adeunt:
1546 2333 1644 2365 vlu,

936 2373 1011 2401 066:
1031 2376 1118 2400 castoe
1139 2372 1278 2401 ducebant
1300 2382 1385 2401 sacra
1400 2382 1456 2410 per
1473 2372 1568 2401 urbem
1589 2371 1643 2400 Pi-

936 2410 1025 2438 lentis
1059 2415 1165 2439 matres
1183 2411 1213 2439 in
1247 2411 1388 2440 mollibus.
1402 2411 1513 2439 —479
1542 2409 1643 2438 Dona.

937 2448 1100 2486 Perperam
1117 2449 1239 2487 peplum
1251 2459 1289 2478 ex
1304 2449 1440 2478 Homero
1453 2448 1509 2476 huc
1524 2451 1644 2476 vocant.

936 2486 1033 2514 Poeta
1048 2487 1163 2524 placuit
1184 2497 1279 2525 genus
1303 2486 1521 2525 ponere.—-180
1544 2486 1642 2514 oculis

934 2524 1142 2562 dejectls‚t<u†'
1154 2529 1267 2560 ὄμματα
1278 2529 1350 2553 καλὰ
1364 2526 1509 2561 βαλοῦσαῖ
1526 2524 1640 2561 :Hymn-

935 2562 1015 2600 hym.
1031 2563 1059 2590 in
1076 2564 1181 2591 Cerer-
1199 2564 1264 2592 194.
1281 2568 1341 2592 not.
1382 2561 1639 2590 Ruhnken—481

932 2600 1093 2628 Succodnut
1115 2611 1156 2629 sc.
1181 2601 1337 2639 templum,
1357 2600 1476 2632 intrant,
1503 2604 1535 2627 ut
1560 2600 1637 2628 bene

931 2640 1117 2667 Seru-482
1137 2640 1170 2667 de
1198 2640 1302 2667 limine.
1351 2638 1401 2665 Nil
1422 2638 1639 2676 argutaudum;

932 2680 978 2705 est
1005 2687 1078 2715 pro:
1117 2678 1260 2716 ingressae
1289 2675 1441 2714 templum.
1495 2676 1572 2704 Nam
1596 2685 1635 2704 ex
