1796 3077
587 212 874 253 BUCOLICA.
930 212 1044 253 ECL.
1077 214 1108 252 1.
1536 221 1565 263 5

104 333 206 375 Non
223 349 406 389 unquam
425 335 563 390 gravis
581 351 663 378 aere
680 336 849 379 domum
869 336 971 378 mihi
991 337 1142 378 dextra
1162 338 1341 378 redibat.

161 391 283 432 MEL.
316 392 520 443 Mirabar,
542 394 645 448 quid
664 402 810 435 maesta
827 396 941 444 deos,
964 393 1182 449 Amarylli,
1202 409 1390 445 vocares,

105 448 184 489 Cui
202 449 388 503 pendere
409 465 484 491 sua
504 452 709 505 patereris
730 451 772 491 in
793 452 944 493 arbore
965 467 1115 506 poma3

104 504 277 560 Tityrus
291 506 389 547 hinc
409 508 570 549 aberat.
631 508 742 562 Ipsae
763 516 818 558 te,
841 509 1004 563 Tityre,
1027 509 1165 563 pinus,

103 562 189 617 Ipsi
206 570 247 604 te
267 563 417 614 fontes,
438 565 530 619 ipsa
549 565 641 606 haec
661 566 835 606 arbusta
855 566 1076 607 vocabant.

159 619 262 661 TIT.
296 621 413 667 Quid
434 622 648 663 facerem?
680 638 818 677 neque
839 624 1007 664 servitio
1024 638 1089 664 me
1112 622 1228 664 exire
1248 621 1414 671 licebat,

1506 564 1561 604 40

104 675 198 718 Nec
216 684 301 718 tam
318 688 548 732 praesentes
565 679 663 720 alibi
682 694 937 734 cognoscere
955 680 1086 721 divos:

104 733 187 776 Hic
208 734 322 775 illum
340 736 423 776 vidi
438 737 649 790 juvenem,
679 736 897 785 Meliboee,
919 744 1023 790 quot
1043 737 1161 777 annis

103 790 177 832 Bis
199 807 320 832 senos
342 793 409 833 cui
430 800 572 833 nostra
593 793 682 833 dies
700 792 847 833 altaria
864 792 1039 833 fumant.

103 847 186 889 Hic
201 848 301 889 mihi
322 864 567 903 responsum
586 850 745 904 primus
762 849 879 891 dedit
900 849 966 890 ille
987 850 1147 904 petenti
1166 865 1174 891 τ
1505 850 1560 890 45

103 904 283 955 Pascite,
305 914 352 946 ut
372 913 480 956 ante,
498 907 641 956 boves,
663 907 797 961 pueri,
820 907 1050 948 submittite
1072 914 1229 947 tauros.

160 962 282 1003 MEL.
316 962 547 1004 Fortunate
570 979 712 1013 senex,
733 979 835 1017 ergo
853 972 926 1004 tua
942 979 1040 1004 rura
1060 965 1289 1005 manebunt
1308 966 1317 1003 ξ

103 1019 163 1060 Et
180 1021 255 1061 tibi
276 1035 427 1075 magna
448 1022 559 1070 satis,
578 1021 766 1074 quamvis
786 1021 892 1075 lapis
914 1022 1052 1061 omnia
1070 1021 1208 1062 nudus

103 1076 359 1132 Limosoque
380 1077 499 1132 palus
527 1078 712 1119 obducat
733 1093 891 1132 pascua
905 1079 1050 1132 junco.

101 1133 204 1175 Non
227 1135 389 1176 insueta
410 1150 558 1189 graves
576 1136 800 1177 tentabunt
818 1135 976 1191 pabula
997 1135 1117 1185 fetas,
1506 1133 1562 1173 50

98 1246 147 1272 cet
162 1247 298 1272 ornatum
311 1244 491 1273 muliebrem
506 1254 562 1282 pro
574 1244 705 1282 pecunia
717 1245 813 1274 reser-

101 1292 145 1316 re,
160 1282 212 1311 ille
229 1287 354 1312 coactus
370 1287 445 1312 erat.
464 1283 511 1312 W.
553 1284 611 1312 Ad.
624 1295 653 1312 v.
668 1285 716 1313 36.
730 1294 813 1312 com-

101 1330 175 1358 para
189 1322 302 1351 Moret.
317 1323 365 1351 81.
387 1322 638 1360 ‹lemma—mavis
658 1333 715 1352 aere
736 1323 812 1352 redi—

100 1360 167 1396 bat;
190 1364 221 1389 et
234 1360 345 1390 Catuli.
361 1360 441 1395 XX,
460 1362 506 1396 12,
522 1363 570 1391 13.

138 1399 176 1427 37
197 1399 288 1428 Nunc
308 1400 336 1429 in
355 1400 486 1429 animum
505 1403 631 1429 revocat
648 1410 810 1430 moerorem

101 1438 310 1476 Amaryllidis,
325 1440 414 1477 cujus
429 1450 551 1468 causam
566 1438 724 1477 ignorabat
739 1444 810 1469 tunc

101 1477 281 1510 Meliboeus,
315 1488 393 1507 nunc
427 1478 517 1507 facile
557 1478 741 1517 assequitur.
770 1480 812 1508 H.

99 1515 168 1546 Jam
195 1515 345 1556 intelligo,
369 1527 423 1546 cur
443 1518 519 1546 deos
540 1517 696 1546 vocaverit
719 1519 812 1547 Ama-

101 1554 200 1593 ryllis,
219 1555 344 1594 Tityrus
366 1556 436 1584 hinc
463 1557 579 1584 aberat.
609 1555 656 1584 W.
702 1557 741 1585 39
760 1557 811 1594 Ip-

99 1603 141 1622 sae
161 1598 198 1628 te,
222 1593 256 1624 T.
282 1594 415 1624 bucolici
441 1594 583 1623 carminis
611 1597 684 1622 nota
705 1594 813 1632 figura,

100 1632 248 1671 (Theocr.
273 1633 333 1667 lv,
360 1633 427 1671 12.)
455 1634 492 1662 ab
520 1633 578 1661 hoc
604 1636 703 1661 tamen
732 1633 812 1666 loco,

103 1671 128 1699 si
158 1679 241 1700 recte
265 1673 384 1710 judico.
415 1672 523 1700 aliena.
564 1671 606 1699 H.
635 1671 677 1699 H.
707 1670 812 1700 Vossi—

102 1719 139 1738 us
164 1710 282 1744 statuit,
303 1711 403 1739 omnia
426 1719 586 1738 resonasse
610 1709 737 1738 vocibus
758 1710 811 1738 de-

101 1747 215 1777 siderio
242 1749 389 1779 absentia:
417 1748 573 1777 moerentis
596 1748 813 1785 Ainaryllidis3

101 1786 152 1815 cui
174 1786 417 1826 interpretationi
431 1788 535 1816 favent
548 1787 641 1815 verba
656 1787 811 1825 Propertii

102 1826 132 1860 1,
147 1826 193 1854 18.
208 1827 229 1855 s.
256 1826 302 1855 W.

140 1864 177 1893 41
201 1863 439 1903 Quidsacerem?
460 1864 635 1893 necessario
650 1864 722 1893 mihi
748 1865 813 1894 Ro-

100 1912 178 1932 mam
193 1903 448 1942 proficiscendum
464 1908 541 1939 erat,
555 1903 637 1932 nulla
648 1903 811 1941 Amarylli-

101 1941 150 1971 dis
165 1943 357 1980 querelarum
383 1942 499 1972 ratione
523 1942 637 1976 habita,
651 1952 719 1971 cum
740 1942 812 1971 alibi

101 1990 200 2019 neque
230 1981 402 2011 libertatem
435 1981 595 2020 consequi,
625 1991 724 2019 neque
750 1989 811 2010 tam

96 2024 266 2059 praesentes,
278 2021 308 2049 h.
323 2020 484 2059 propitios,
499 2020 637 2049 faventes
652 2020 740 2054 deos,
750 2024 811 2049 tam

101 2068 238 2097 praesens
254 2069 357 2088 eorum
371 2059 563 2093 beneficium,
585 2059 720 2097 experiri
741 2069 812 2098 pos-

103 2107 178 2126 sem.
198 2098 242 2126 H.
282 2098 333 2127 Sic
348 2098 418 2128 AEn.
430 2098 492 2127 IX.
531 2098 578 2127 Tu
593 2098 662 2133 dea,
679 2101 711 2127 tu
734 2108 813 2136 pree-

103 2145 174 2165 sens
186 2140 289 2165 nostro
306 2147 449 2166 succurre
464 2137 573 2165 labori.
612 2136 650 2165 S.

140 2175 178 2203 43
200 2175 269 2205 Hac
284 2176 312 2205 in
328 2176 402 2204 urbe
421 2176 523 2204 herum
540 2185 650 2209 meum,
672 2174 811 2213 illumju·

102 2223 197 2242 venem
211 2217 262 2251 (ut
275 2215 332 2244 Ge.
347 2217 376 2249 l,
391 2216 450 2244 500
472 2218 503 2243 et
517 2214 629 2243 Horat.
644 2214 708 2243 Sat.
722 2214 768 2249 11,
781 2216 812 2248 5,

102 2252 180 2289 62.),
196 2252 270 2287 vidi,
291 2257 352 2282 tam
372 2253 545 2282 munificum
564 2256 595 2282 et
611 2253 723 2287 lenem,
739 2257 772 2282 ut
784 2253 812 2282 ei

102 2291 266 2320 menstruis
279 2292 373 2321 sacris
383 2293 481 2326 litare,
494 2302 562 2321 euin
572 2302 627 2330 pro
636 2293 696 2321 deo
708 2292 811 2321 colere

103 2329 304 2359 decreverim.
346 2331 436 2360 Dicta
451 2332 516 2360 hacc
530 2341 598 2359 esse
613 2334 758 2369 respectu
775 2332 813 2360 ad

102 2369 258 2397 Caesarem
274 2369 474 2398 Octavianum
491 2369 604 2404 habito,
618 2369 751 2399 dubitari
760 2370 813 2399 vix

103 2409 360 2446 potest—sinnam
373 2418 428 2446 pro
437 2409 604 2437 fumabunt.
618 2408 663 2437 H.
703 2409 758 2437 Bis
769 2419 813 2438 se-

102 2456 155 2475 nos
168 2446 196 2475 d.
211 2446 241 2474 h.
256 2456 282 2475 e.
296 2446 422 2485 singulis
435 2447 607 2483 mensibus3
629 2447 666 2485 ei,
682 2451 717 2476 ut
730 2447 811 2482 Lari,

103 2489 260 2514 menstrua
273 2490 342 2514 tura
356 2485 468 2515 reddit.
485 2486 524 2514 cf.
544 2486 657 2516 Tibull.
679 2487 708 2521 1,
723 2487 752 2523 3,
766 2487 814 2515 34.

108 2523 155 2553 W.
175 2524 213 2553 45
223 2524 284 2554 Hic
297 2524 427 2562 primum
441 2524 497 2553 tuli
510 2534 691 2563 responsum
700 2525 775 2554 illud
785 2525 815 2554 h.

104 2562 235 2592 facultas
252 2563 338 2592 nobis
353 2563 424 2591 data
441 2566 500 2597 est,
512 2567 545 2591 nt
560 2574 615 2593 nos
630 2563 729 2602 pueri,
745 2574 814 2593 ver-

104 2611 162 2635 me,
188 2602 279 2636 servi,
306 2602 401 2631 libere
428 2611 625 2640 pasceremus
654 2606 685 2631 et
711 2607 815 2631 tauros

104 2640 364 2670 subniitteremus.
384 2640 427 2669 H.
468 2639 641 2669 submittere
661 2644 709 2670 est
730 2641 813 2670 alere

106 2679 143 2707 ad
176 2689 300 2717 gregem
328 2679 554 2718 supplendum,
588 2689 655 2707 nam
689 2681 812 2716 subjun-

101 2718 269 2756 junguntur
284 2718 409 2758 reliquis
424 2722 454 2748 ct
469 2721 683 2757 aggregantur,
701 2720 812 2757 quibus

854 1254 930 1282 grex
958 1243 1130 1282 suppletur.
1172 1244 1228 1272 Ge.
1254 1242 1319 1277 ΙΙΙ,
1348 1242 1397 1271 73.
1424 1243 1491 1271 159.
1518 1241 1564 1270 ΙΙ.

854 1283 978 1312 Servius
994 1294 1061 1312 cum
1078 1283 1164 1319 aliis,
1180 1283 1257 1321 jugo
1275 1281 1452 1311 submittere
1475 1281 1512 1309 ad
1530 1291 1561 1309 a—

852 1323 988 1351 randum.

890 1362 927 1390 47
950 1361 1034 1399 Erya
1062 1365 1112 1390 teuc
1139 1372 1213 1390 rura
1239 1360 1390 1389 nunzebnnt
1416 1359 1483 1393 tibi,
1503 1369 1562 1388 non

853 1400 1030 1438 eripientur,
1057 1404 1083 1428 et
1104 1410 1140 1428 ea
1160 1400 1282 1438 quidem
1297 1399 1369 1428 satis
1389 1408 1502 1437 magna,
1522 1398 1562 1427 ad

852 1440 1039 1477 pascendum
1054 1449 1189 1478 gregem.
1211 1440 1289 1475 Qum
1303 1441 1482 1476 sequuntur,
1492 1447 1562 1466 cum

852 1478 934 1507 varie
955 1478 1044 1516 jungi
1071 1483 1101 1507 et
1124 1478 1237 1516 exponi
1258 1477 1388 1516 possint,
1415 1482 1486 1514 post
1505 1476 1563 1504 alia

852 1520 967 1546 tentata
991 1517 1032 1546 ita
1056 1517 1285 1555 interpungere,
1308 1520 1341 1544 ut
1366 1516 1506 1549 fecimus,
1532 1519 1563 1543 et

850 1555 1020 1593 intelligere
1034 1556 1131 1584 visum
1140 1560 1205 1591 est3
1220 1554 1365 1583 retinebis
1380 1563 1470 1591 agros
1482 1558 1564 1588 tuos,

852 1593 903 1631 qui
920 1594 957 1621 ad
983 1594 1169 1631 pascendum
1191 1593 1246 1621 tibi
1268 1591 1407 1621 sufficere
1422 1597 1564 1630 possunt,

852 1631 991 1668 quamvis
1012 1631 1139 1660 aliorum
1161 1631 1237 1670 agri,
1255 1631 1395 1669 neglecta
1410 1641 1447 1660 ex
1471 1631 1563 1670 longa

852 1670 1023 1699 calamitate
1053 1670 1183 1703 cultura,
1210 1670 1314 1699 saxosi
1347 1674 1378 1698 et
1408 1670 1562 1708 palustres

853 1708 912 1736 sint
927 1718 934 1743 3
950 1718 1078 1747 namque
1104 1719 1121 1737 a
1133 1709 1212 1737 clivo
1224 1709 1295 1737 inde
1310 1708 1397 1737 collis
1412 1718 1508 1747 usque
1523 1710 1563 1738 ad

853 1748 882 1775 ss.
896 1747 1053 1781 Mincium,
1079 1749 1166 1785 cujus
1189 1752 1220 1776 et
1242 1747 1431 1785 stagnatione
1457 1752 1488 1776 et
1501 1748 1562 1777 sre—

852 1786 955 1824 quenti
970 1786 1176 1816 exundatione
1196 1786 1325 1825 paludes
1343 1786 1457 1814 exoriri
1476 1790 1564 1825 pote-

851 1828 930 1859 rant,
943 1825 1128 1863 pertinuisse
1143 1825 1284 1854 videntur
1301 1824 1422 1863 Virgilii
1435 1825 1511 1861 agri,
1524 1826 1563 1854 ad

852 1873 928 1901 quos
944 1864 1084 1902 respexit
1098 1865 1128 1893 h.
1142 1865 1163 1893 1.
1174 1874 1203 1893 v.
1217 1864 1284 1894 Ecl.
1294 1864 1358 1898 lx,
1378 1865 1407 1893 7.
1421 1864 1498 1898 VII,
1515 1866 1563 1893 12.

853 1904 909 1931 Ge.
922 1903 988 1937 111,
1002 1904 1048 1932 14.
1062 1905 1108 1933 15.
1126 1903 1171 1938 ΙΙ,
1187 1904 1254 1937 198,
1267 1904 1334 1932 199.
1355 1903 1426 1932 AEn.
1439 1902 1484 1936 X,
1495 1903 1564 1933 205.

852 1942 919 1970 206.
935 1941 978 1971 Η.
1000 1942 1062 1972 Sed
1075 1942 1175 1971 malim
1190 1952 1257 1971 cum
1272 1942 1314 1971 H.
1326 1941 1439 1970 Vossio
1453 1943 1561 1971 verba:

851 1980 1079 2019 quamvis-junco
1106 1991 1162 2020 pro
1183 1980 1390 2019 descriptione
1410 1981 1474 2020 agri
1494 1981 1563 2010 vir-

852 2019 955 2056 giliani
969 2019 1092 2055 habere,
1108 2030 1144 2049 eo
1167 2020 1196 2048 in
1211 2020 1347 2049 deterius
1362 2019 1510 2054 exhibita,
1531 2024 1564 2049 ut

856 2057 976 2097 Virgilii
991 2059 1107 2087 animus
1127 2058 1233 2097 paucis
1248 2062 1409 2087 contentus
1423 2059 1562 2087 declara-

853 2100 946 2126 retur.
975 2097 1051 2126 Tum
1066 2097 1140 2136 Iapis
1151 2098 1243 2127 nudus
1256 2097 1285 2126 in
1301 2097 1443 2131 collibus,
1452 2107 1564 2135 pascua

852 2135 951 2165 limoso
968 2136 1058 2174 junco
1080 2136 1201 2165 obducta
1226 2146 1323 2175 prope
1351 2135 1498 2165 Mincium
1521 2136 1564 2165 ibi

851 2178 1044 2213 stagnantem
1059 2178 1234 2213 quaerenda.
1248 2175 1375 2205 W.—50
1395 2175 1564 2204 Meliboeus

851 2214 953 2258 pergit
977 2224 1153 2252 comparare
1182 2224 1266 2243 suam
1292 2214 1460 2243 fortunam:
1482 2224 1563 2250 cum,

851 2253 958 2291 inquit,
973 2263 990 2281 a
1003 2253 1081 2282 meis
1096 2253 1177 2291 agris
1191 2252 1412 2282 discedendum
1426 2252 1497 2281 mihi
1513 2253 1564 2287 sit,

852 2301 951 2330 neque
984 2302 1023 2321 ex
1049 2296 1139 2331 partu
1171 2293 1249 2321 male
1274 2292 1401 2322 affectas
1427 2291 1562 2330 capellas

853 2330 1052 2360 conveniente
1073 2331 1185 2370 pabulo
1207 2331 1347 2365 reficere,
1364 2341 1474 2369 neque,
1490 2331 1562 2360 dum

853 2369 926 2398 mihi
951 2370 1025 2404 illae,
1050 2380 1109 2414 qua
1135 2371 1198 2399 fors
1222 2369 1318 2405 dabit,
1338 2370 1466 2409 agendae
1481 2374 1563 2405 sunt,

853 2408 928 2437 satis
941 2419 1050 2438 cavere
1064 2409 1101 2438 iis
1115 2419 1252 2447 possum,
1268 2418 1305 2437 ne
1320 2408 1350 2437 in
1367 2419 1477 2448 greges
1490 2419 1562 2438 con-

852 2447 945 2485 tagio,
959 2448 1041 2485 quod
1056 2447 1170 2481 malum,
1193 2448 1222 2476 h.
1237 2458 1263 2476 e.
1286 2447 1421 2483 noxium,
1441 2447 1565 2481 dicitur,

855 2490 965 2520 tactos,
980 2490 1031 2515 aut
1044 2486 1072 2515 iu
1087 2486 1200 2515 infecta
1215 2490 1313 2525 saepta
1326 2486 1471 2516 incidant:
1511 2487 1562 2515 Sic

855 2524 945 2554 etiam
960 2525 988 2553 in
1012 2535 1078 2563 sqq.
1100 2525 1189 2554 istius
1205 2530 1315 2554 sortem
1332 2535 1400 2554 cum
1415 2535 1469 2554 sua
1483 2535 1563 2554 com-

855 2568 952 2601 parat.
966 2563 1011 2596 Η.
1052 2563 1244 2593 Felicitatem
1257 2564 1355 2603 Tityri
1374 2574 1391 2595 a
1414 2564 1563 2593 Meliboeo

855 2606 1000 2640 respectu
1014 2602 1113 2636 malac,
1131 2613 1198 2640 quae
1221 2614 1254 2631 se
1269 2607 1416 2637 maneret,
1434 2603 1562 2631 t'ortunze

854 2641 968 2673 habito,
976 2640 1149 2679 praedicari,
1157 2642 1269 2679 ingenii
1279 2642 1398 2671 humani
1406 2640 1562 2680 proprium

853 2685 911 2709 est.
940 2680 986 2708 W.

891 2720 929 2748 50
950 2719 1159 2757 Graves-fleas,
1174 2719 1252 2749 dixit
1275 2722 1395 2758 utselas
1410 2717 1563 2757 intelligas
