1796 3077
617 222 889 262 AENEIDOS.
946 222 1050 260 LIB.
1082 221 1131 260 V.

141 346 252 388 Esse
267 346 405 402 jubet.

1499 227 1593 272 397

469 343 645 387 Gaudet
665 359 797 400 regno
818 343 1034 398 Trojanus
1053 342 1246 384 Acestes.

141 405 380 459 Indicitque
396 402 546 453 forum,
570 410 612 444 et
631 403 823 457 patribus
844 402 919 442 dat
933 402 1032 456 jura
1051 400 1224 441 vocatis.

139 461 255 502 Tum
275 462 408 502 vicina
431 461 551 501 astris
574 460 760 514 Erycino
780 460 824 499 in
844 459 998 499 vertice
1020 458 1143 498 sedes

140 518 363 559 Fundatur
383 517 544 559 Veneri
566 517 723 565 Idaliae,
745 515 991 569 tumuloque
1014 515 1211 556 sacerdos

1518 514 1600 555 760

140 574 207 617 Ac
228 575 348 616 lucus
369 574 453 616 late
475 589 593 616 sacer
615 574 786 615 additur
807 572 1040 614 Anchiseo.

138 632 321 687 Jamque
342 633 431 673 dies
453 631 623 687 epulata
642 646 791 672 novem
813 645 915 685 gens
933 629 1078 677 omnis,
1103 636 1145 669 et
1166 628 1247 669 aris

138 688 297 731 Factus
318 689 453 730 honos
472 707 481 738 3
513 688 669 744 placidi
689 693 927 728 straverunt
947 701 1119 739 aequora
1139 686 1265 734 venti,

140 746 304 787 Creber
325 754 368 788 et
389 747 578 800 aspirans
599 760 744 785 rursus
765 752 888 785 vocat
909 743 1069 783 Auster
1089 743 1131 783 in
1150 742 1293 783 altum.

141 803 349 844 Exoritur
368 817 577 858 procurva
595 803 743 856 ingens
765 816 842 854 per
861 800 984 841 litora
1004 799 1151 850 fietus3

1515 798 1597 839 765

142 860 365 914 Complexi
384 861 492 900 inter
513 874 557 900 se
578 866 829 912 noctemque
850 857 1046 911 diemque
1066 864 1295 897 morantur.

142 916 254 970 Ipsae
269 919 358 972 jam
377 925 547 965 matres,
569 916 661 970 ipsi,
685 916 838 970 quibus
861 929 1011 968 aspera
1031 914 1245 968 quondam

143 973 250 1015 Visa
269 975 393 1014 maris
415 974 558 1022 facies,
575 981 618 1013 et
637 988 721 1014 non
738 971 956 1014 tolerabile
977 987 1142 1020 nomen,

143 1029 212 1071 Ire
232 1030 392 1080 volunt,
412 1045 660 1083 omnemque
680 1029 794 1084 fugae
815 1028 1003 1083 perferre
1024 1028 1225 1069 laborem.

143 1087 266 1133 Quos
287 1088 424 1128 bonus
440 1087 604 1128 AEneas
627 1087 748 1128 dictis
771 1086 929 1127 solatur
950 1086 1104 1134 amicis,

143 1143 200 1184 Et
224 1145 536 1198 consanguineo
556 1143 776 1184 lacrimans
796 1143 1063 1184 commendat
1084 1141 1269 1183 Acestae.

143 1200 254 1241 Tres
277 1201 406 1255 Eryci
427 1200 594 1248 vitulos,
615 1208 658 1240 et
679 1200 1026 1254 Tempestatibus
1048 1214 1211 1253 agnam,

143 1256 321 1298 Caedere
342 1258 495 1299 deinde
510 1258 646 1312 jubet,
670 1257 857 1311 solvique
874 1271 928 1297 ex
949 1256 1096 1297 ordine
1116 1255 1273 1296 funem.

141 1313 254 1368 Ipse,
273 1323 399 1370 caput
416 1322 549 1355 tonsae
569 1314 676 1355 foliis
698 1315 887 1355 evinctus
909 1313 1042 1362 olivae,

140 1371 266 1411 Stans
286 1371 434 1425 procui
455 1373 497 1411 in
517 1386 643 1425 prora
664 1379 854 1425 pateram
875 1378 1006 1418 tenet,
1029 1376 1213 1424 extaque
1235 1368 1364 1410 salsos

142 1427 323 1468 Porricit
343 1429 385 1468 in
404 1428 571 1476 fluctus,
595 1443 643 1468 ac
665 1429 760 1468 rina
778 1427 980 1481 liquentia
997 1427 1149 1467 fundit.

144 1483 422 1538 Prosequitur
443 1500 618 1539 surgens
640 1500 663 1525 a
685 1486 820 1539 puppi
841 1492 990 1525 ventus
1007 1492 1170 1524 euntes.

141 1540 344 1583 Certatim
366 1542 468 1582 socii
489 1542 644 1583 feriunt
665 1557 793 1591 mare,
816 1548 858 1582 et
878 1556 1050 1595 aequora
1066 1546 1251 1581 verrunt.

139 1671 207 1691 cum
228 1672 335 1691 novam
355 1662 500 1691 coloniam
516 1663 672 1697 conderet,
693 1665 769 1693 hanc
790 1673 846 1702 pro

142 1701 234 1739 Troja
257 1707 287 1730 et
311 1702 370 1730 Ilio
391 1711 458 1730 esse
474 1702 549 1735 vult,
563 1706 652 1740 atque
666 1704 702 1732 ad
721 1703 846 1732 sormam

143 1741 209 1777 ejus
233 1740 378 1769 describit
399 1745 429 1769 et
445 1740 585 1778 partitur.
619 1742 731 1771 Similis
753 1742 846 1770 facies

141 1778 226 1806 urbis
239 1779 276 1807 ab
292 1779 407 1808 Heleno
418 1779 445 1807 in
458 1779 548 1817 Epiro
561 1780 689 1808 conditae
703 1791 768 1819 sup.
782 1781 846 1814 111,

140 1817 198 1845 300
221 1819 377 1855 sq.—757.
401 1820 460 1847 758
481 1828 568 1856 reqno
596 1828 673 1847 nova
694 1820 776 1858 regni
800 1819 847 1848 sui

142 1857 324 1891 accessione,
340 1857 508 1886 novaurbe.
520 1857 618 1885 indicit
626 1859 847 1896 formn.sormn

141 1904 209 1922 cum
225 1897 479 1933 senatujunctum
500 1896 578 1925 haud
598 1897 690 1926 dubie
710 1898 746 1926 ad
764 1898 847 1935 judi-

141 1932 188 1962 cia
213 1938 342 1971 spectat.
396 1936 508 1964 AEneas
534 1935 652 1973 judicia
675 1937 845 1971 constituit,

137 1981 202 2000 rem
221 1973 411 2009 judiciariam
437 1974 593 2008 describit,
618 1979 682 2003 tum
699 1976 846 2014 patribus,

140 2011 259 2045 vocatis,
272 2017 379 2041 senatu
394 2012 473 2042 lecto
489 2017 579 2051 atque
601 2018 774 2049 convocato,
797 2014 847 2043 dat

131 2049 217 2087 jura,
244 2051 282 2079 ad
307 2051 449 2080 Senatum
475 2052 536 2081 sert
555 2054 593 2082 de
616 2053 702 2082 novis
729 2053 846 2091 legibus

143 2088 320 2118 scribendis.
335 2101 403 2129 sup.
417 2091 446 2125 I,
466 2092 525 2120 426
536 2090 615 2120 Jura
630 2093 847 2131 naulis-tratum-

141 2136 196 2164 (με
212 2127 306 2165 legunt
316 2134 501 2168 sanctumque
510 2135 639 2159 senatum
647 2141 657 2167 ‚-
674 2131 725 2170 qui
738 2141 845 2160 versus

141 2165 270 2195 fortasse
283 2177 323 2195 ex
338 2168 394 2197 boc
408 2173 512 2198 nostro
527 2169 651 2198 coaluit.

180 2204 332 2234 759—761
350 2207 475 2236 Veneris
487 2207 517 2236 in
531 2209 631 2246 Eryce
641 2212 740 2237 monte
755 2219 847 2247 supra

144 2242 321 2287 prepanum
331 2246 476 2283 templum
487 2246 707 2276 nobilissimum
720 2249 756 2276 ad
770 2249 845 2277 Tro-

139 2291 226 2318 Janos
240 2283 410 2312 conditores
422 2285 560 2314 refertur.
580 2286 655 2315 Amjl
669 2287 722 2315 isae
735 2290 844 2321 autem,

142 2323 293 2359 tamquam
315 2321 411 2356 heroi,
435 2323 557 2353 Flamen
578 2334 645 2353 cum
665 2324 735 2355 luco
760 2335 845 2354 sacro

142 2359 348 2394 constituitur,
363 2361 469 2390 tumulo
485 2362 650 2392 Anchiseo.-
671 2365 724 2402 qui
739 2374 845 2394 conse-

141 2402 245 2427 cratus
259 2409 315 2437 pro
329 2399 396 2428 fano
410 2404 466 2428 est.
481 2404 513 2428 τὸ
528 2403 689 2437 Ἀγχίσειον,
701 2403 788 2432 lucus
799 2407 845 2433 est

141 2440 174 2464 τὸ
187 2440 309 2471 τέμενος.
343 2438 450 2468 Veneri
464 2438 577 2475 Idalien,
591 2451 621 2469 v.
635 2442 663 2476 I,
675 2443 744 2471 008.
759 2444 787 2471 1.

179 2477 337 2506 762—764
349 2477 502 2516 Intellige,
515 2480 716 2509 consecrando
733 2481 844 2510 Anchi-

143 2523 186 2542 sae
215 2515 324 2545 sacello
350 2527 404 2555 per
426 2527 533 2546 novem
557 2517 623 2547 dies
644 2518 738 2548 fuisse
760 2530 846 2548 sacra

143 2553 237 2582 facta:
253 2554 283 2583 in
297 2556 358 2584 aris
373 2558 476 2594 sactus
497 2556 595 2585 honos.
634 2557 733 2595 Supra
745 2569 775 2587 v.
789 2560 846 2588 104

141 2591 226 2635 luctu
243 2602 298 2631 per
311 2604 417 2624 novem
432 2594 499 2624 dies
510 2595 692 2630 continuato,
706 2606 784 2626 nono
797 2597 847 2626 die

142 2631 253 2660 flebant
268 2642 353 2662 sacra
367 2638 397 2662 et
410 2633 485 2669 ludi,
500 2644 529 2663 v.
543 2634 584 2662 ib.
605 2635 654 2663 Ab
666 2634 723 2664 hoc
737 2636 842 2665 AEneae

138 2670 287 2706 parentali
305 2681 389 2702 sacro
404 2672 532 2702 Romani
547 2673 729 2710 repetierunt
742 2674 844 2704 inferi-

138 2716 222 2737 arum
237 2709 339 2746 ritum,
353 2721 382 2740 v.
397 2711 490 2741 ovid.
505 2712 591 2741 Fast.
614 2712 663 2747 ΙΙ,
686 2713 743 2742 543
760 2723 846 2751 sq.—

885 1668 985 1692 auster
1009 1661 1162 1699 absffl'rans
1186 1663 1284 1692 creber
1309 1663 1464 1702 primitiva
1486 1665 1526 1700 vi,
1549 1666 1595 1695 in-

886 1712 1039 1731 crescens.
1051 1701 1230 1730 crebrescunt
1241 1706 1346 1740 oplatoe
1358 1713 1439 1731 auroe
1451 1712 1517 1742 sup.
1527 1705 1593 1738 ΙΙΙ,

886 1742 954 1770 530.
984 1741 1033 1769 Ad
1048 1744 1143 1769 totum
1159 1741 1260 1769 locum
1277 1742 1316 1770 cf.
1332 1741 1432 1771 Valer-
1447 1742 1591 1773 Flaccum

886 1779 938 1808 lib.
954 1779 982 1814 Ι,
996 1780 1053 1808 312
1071 1788 1137 1817 sqq.

924 1818 1080 1848 767-709
1093 1818 1223 1857 Egregie
1237 1818 1273 1846 ad
1285 1818 1406 1848 humani
1415 1819 1505 1849 animi
1518 1820 1595 1850 levi-

887 1861 978 1886 tatem
990 1861 1019 1886 et
1036 1857 1273 1886 inconstantiam!
1288 1868 1398 1892 nomen,
1412 1862 1445 1887 ut
1459 1869 1494 1888 ne
1509 1860 1597 1889 audi-

887 1900 919 1925 tu
933 1896 1055 1934 quidem
1071 1895 1227 1925 tolerabile
1250 1900 1342 1925 esset.
1354 1898 1439 1935 fuyoe
1453 1897 1592 1934 laborem,

879 1936 968 1974 ficya,
986 1939 1019 1964 ut
1029 1945 1120 1972 saepe,
1132 1945 1186 1974 pro
1201 1935 1368 1970 erroribus,
1379 1946 1418 1965 ex
1435 1946 1489 1965 usu
1497 1941 1593 1973 φυγῆς,

886 1974 1011 2003 itineris.
1052 1974 1128 2002 Mox
1146 1974 1302 2003 lacrimans
1324 1975 1397 2004 bene
1411 1985 1450 2004 ex
1465 1986 1595 2014 persona

886 2013 929 2051 pii
943 2013 1060 2042 AEneae.
1089 2013 1325 2052 Comunyuz'neus
1337 2017 1436 2043 autem
1451 2021 1498 2043 est
1512 2016 1593 2054 ejus-

887 2052 954 2080 de.n
994 2051 1081 2080 entis.

925 2062 1102 2128 ‹ir-{Enseu
1119 2093 1268 2126 tamquam
1284 2090 1377 2119 heroi.
1392 2101 1422 2120 v.
1441 2101 1508 2129 sup.
1522 2093 1592 2121 392.

884 2130 952 2159 402.
975 2130 1034 2158 412
1058 2138 1124 2167 sqq.
1167 2128 1405 2167 Tempestatibus.
1446 2129 1529 2159 Nota
1544 2140 1594 2160 res

885 2180 897 2197 x
906 2169 933 2198 el
945 2178 983 2197 ex
999 2167 1107 2196 Horat.
1118 2167 1215 2205 Epod.
1229 2169 1265 2196 10
1277 2171 1354 2196 extr.
1366 2168 1405 2197 cf.
1417 2178 1511 2206 supra
1521 2169 1591 2204 III,

887 2207 1051 2236 120.-773
1075 2209 1213 2234 λύσασθαι
1234 2209 1269 2234 τὰ
1288 2209 1430 2240 πείσματα
1449 2217 1478 2235 V.
1492 2217 1520 2236 c.
1533 2207 1593 2237 Or-

884 2245 1054 2285 phic.1239
1067 2250 1099 2274 et
1113 2245 1151 2273 al.
1165 2254 1232 2283 sup.
1247 2245 1315 2279 ΙΙΙ,
1328 2246 1516 2284 639.f1mem‚
1553 2256 1592 2276 uo

884 2295 974 2314 naves
988 2284 1025 2313 ad
1043 2283 1115 2312 litus
1135 2283 1280 2321 religatae‚
1301 2293 1418 2313 ancorae
1441 2284 1521 2319 loco,
1563 2295 1595 2315 e-

884 2335 970 2354 roum
984 2331 1130 2360 tempore.
1143 2323 1199 2351 667
1221 2332 1256 2351 ex
1277 2322 1387 2357 ordine,
1415 2322 1595 2361 simpliciter

885 2373 960 2401 pro:
983 2362 1140 2399 deinceps,
1155 2363 1395 2397 καθεξῆς,ἑφεξῆς·.
1434 2363 1594 2392 774—778

884 2401 1034 2431 Solleunis
1050 2399 1237 2430 sacrificandi
1250 2410 1314 2428 mos
1329 2410 1384 2438 pro
1399 2401 1531 2430 secunda
1541 2412 1592 2432 na-

884 2441 1043 2479 vigatione.
1084 2438 1215 2468 Praeivit
1228 2438 1369 2476 Apollon.
1381 2439 1440 2474 IV,
1450 2441 1508 2469 595
1524 2450 1592 2480 sqq.

884 2484 974 2509 tonsae
992 2477 1085 2511 oliae,
1105 2482 1139 2506 nt
1153 2487 1220 2515 sup.
1236 2479 1294 2506 556
1307 2481 1391 2507 tonsa
1404 2488 1519 2508 corona.
1542 2489 1592 2508 or-

885 2523 937 2548 nat
950 2517 1123 2556 epitheton3
1138 2526 1214 2550 nam,
1230 2520 1264 2545 ut
1273 2526 1381 2546 corona
1390 2517 1454 2550 fiat,
1467 2517 1590 2547 frondes

885 2558 959 2586 oleae
975 2555 1110 2593 decerpi,
1125 2565 1251 2594 eamque
1266 2555 1385 2585 tonderi
1396 2566 1517 2586 necesse
1531 2561 1590 2586 est.

886 2595 1019 2626 Porricit
1033 2593 1165 2622 vidimus
1182 2594 1245 2632 jam
1261 2604 1328 2632 sup.
1348 2605 1378 2623 v.
1398 2596 1468 2629 238,
1483 2595 1589 2624 vocab.

884 2644 1001 2664 sacrum
1023 2643 1057 2661 ac
1080 2633 1246 2671 proprium.
1285 2633 1426 2663 Ceterum
1447 2634 1484 2663 de
1503 2643 1590 2662 sacro

884 2675 914 2703 in
928 2673 1067 2702 discessu
1077 2670 1278 2711 navigantium
1290 2672 1376 2703 locus
1384 2672 1434 2703 hic
1445 2672 1592 2703 classicus

888 2716 946 2742 est.
