<?xml version="1.0" encoding="UTF-8"?>
<!DOCTYPE html PUBLIC "-//W3C//DTD XHTML 1.0 Transitional//EN"
    "http://www.w3.org/TR/xhtml1/DTD/xhtml1-transitional.dtd">
<html xmlns="http://www.w3.org/1999/xhtml" xml:lang="en" lang="en">
 <head>
  <title>
</title>
<meta http-equiv="Content-Type" content="text/html;charset=utf-8" />
  <meta name='ocr-system' content='tesseract 3.04.00' />
  <meta name='ocr-capabilities' content='ocr_page ocr_carea ocr_par ocr_line ocrx_word'/>
</head>
<body>
  <div class='ocr_page' id='page_1' title='image "./operahey00virguoft_0195.png"; bbox 0 0 1796 3077; ppageno 0'>
   <div class='ocr_carea' id='block_1_1' title="bbox 578 206 1182 246">
    <p class='ocr_par' dir='ltr' id='par_1_1' title="bbox 578 206 1182 246">
     <span class='ocr_line' id='line_1_1' title="bbox 578 206 1182 246; baseline 0.002 -3"><span class='ocrx_word' id='word_1_1' title='bbox 578 206 920 245; x_wconf 80' lang='lat' dir='ltr'>GEORGICON.</span> <span class='ocrx_word' id='word_1_2' title='bbox 978 208 1078 246; x_wconf 79' lang='lat' dir='ltr'>Llss.</span> <span class='ocrx_word' id='word_1_3' title='bbox 1112 207 1182 244; x_wconf 76' lang='lat' dir='ltr'>IV.</span> 
     </span>
    </p>
   </div>
   <div class='ocr_carea' id='block_1_2' title="bbox 1521 211 1608 256">
    <p class='ocr_par' dir='ltr' id='par_1_2' title="bbox 1521 211 1608 256">
     <span class='ocr_line' id='line_1_2' title="bbox 1521 211 1608 256; baseline -0.023 0"><span class='ocrx_word' id='word_1_4' title='bbox 1521 211 1608 256; x_wconf 77' lang='lat'>187</span> 
     </span>
    </p>
   </div>
   <div class='ocr_carea' id='block_1_3' title="bbox 156 326 1267 553">
    <p class='ocr_par' dir='ltr' id='par_1_3' title="bbox 156 326 1267 553">
     <span class='ocr_line' id='line_1_3' title="bbox 159 326 1200 381; baseline 0 -13"><span class='ocrx_word' id='word_1_5' title='bbox 159 326 244 368; x_wconf 81' lang='lat' dir='ltr'>Illis</span> <span class='ocrx_word' id='word_1_6' title='bbox 265 328 326 368; x_wconf 81' lang='lat' dir='ltr'>ira</span> <span class='ocrx_word' id='word_1_7' title='bbox 346 326 517 367; x_wconf 87' lang='lat' dir='ltr'>modum</span> <span class='ocrx_word' id='word_1_8' title='bbox 537 340 666 380; x_wconf 86' lang='lat' dir='ltr'>supra</span> <span class='ocrx_word' id='word_1_9' title='bbox 684 335 760 375; x_wconf 84' lang='lat' dir='ltr'>est,</span> <span class='ocrx_word' id='word_1_10' title='bbox 781 326 976 381; x_wconf 85' lang='lat' dir='ltr'>laesaeque</span> <span class='ocrx_word' id='word_1_11' title='bbox 997 341 1200 368; x_wconf 85' lang='lat' dir='ltr'>venenum</span> 
     </span>
     <span class='ocr_line' id='line_1_4' title="bbox 159 383 1258 439; baseline 0.001 -14"><span class='ocrx_word' id='word_1_12' title='bbox 159 384 375 425; x_wconf 82' lang='lat' dir='ltr'>Morsibus</span> <span class='ocrx_word' id='word_1_13' title='bbox 396 384 613 439; x_wconf 85' lang='lat' dir='ltr'>inspirant,</span> <span class='ocrx_word' id='word_1_14' title='bbox 634 392 676 425; x_wconf 92' lang='lat' dir='ltr'>et</span> <span class='ocrx_word' id='word_1_15' title='bbox 697 384 857 439; x_wconf 76' lang='lat' dir='ltr'>spicula</span> <span class='ocrx_word' id='word_1_16' title='bbox 872 399 984 426; x_wconf 81' lang='lat' dir='ltr'>caeca</span> <span class='ocrx_word' id='word_1_17' title='bbox 1005 383 1258 439; x_wconf 85' lang='lat' dir='ltr'>relinquunt,</span> 
     </span>
     <span class='ocr_line' id='line_1_5' title="bbox 158 440 1177 496; baseline 0 -14"><span class='ocrx_word' id='word_1_18' title='bbox 158 440 314 482; x_wconf 82' lang='lat' dir='ltr'><strong>Affixae</strong></span> <span class='ocrx_word' id='word_1_19' title='bbox 334 441 461 490; x_wconf 86' lang='lat' dir='ltr'>venis,</span> <span class='ocrx_word' id='word_1_20' title='bbox 484 442 725 495; x_wconf 82' lang='lat' dir='ltr'>animasque</span> <span class='ocrx_word' id='word_1_21' title='bbox 746 443 788 482; x_wconf 89' lang='lat' dir='ltr'>in</span> <span class='ocrx_word' id='word_1_22' title='bbox 808 441 979 483; x_wconf 81' lang='lat' dir='ltr'>vulnere</span> <span class='ocrx_word' id='word_1_23' title='bbox 999 449 1177 496; x_wconf 83' lang='lat' dir='ltr'>ponunt.</span> 
     </span>
     <span class='ocr_line' id='line_1_6' title="bbox 156 498 1267 553; baseline 0.002 -15"><span class='ocrx_word' id='word_1_24' title='bbox 156 498 245 547; x_wconf 86' lang='lat' dir='ltr'>Sin,</span> <span class='ocrx_word' id='word_1_25' title='bbox 265 498 414 539; x_wconf 80' lang='lat' dir='ltr'>duram</span> <span class='ocrx_word' id='word_1_26' title='bbox 434 506 624 540; x_wconf 87' lang='lat' dir='ltr'>metuens</span> <span class='ocrx_word' id='word_1_27' title='bbox 646 498 838 548; x_wconf 85' lang='lat' dir='ltr'><strong>hiemem,</strong></span> <span class='ocrx_word' id='word_1_28' title='bbox 858 513 1092 553; x_wconf 84' lang='lat' dir='ltr'>parcesque</span> <span class='ocrx_word' id='word_1_29' title='bbox 1109 498 1267 548; x_wconf 84' lang='lat' dir='ltr'>futuro,</span> 
     </span>
    </p>
   </div>
   <div class='ocr_carea' id='block_1_4' title="bbox 158 555 1258 610">
    <p class='ocr_par' dir='ltr' id='par_1_4' title="bbox 158 555 1258 610">
     <span class='ocr_line' id='line_1_7' title="bbox 158 555 1258 610; baseline 0.002 -14"><span class='ocrx_word' id='word_1_30' title='bbox 158 555 454 610; x_wconf 87' lang='lat' dir='ltr'>Contusosque</span> <span class='ocrx_word' id='word_1_31' title='bbox 474 556 632 597; x_wconf 88' lang='lat' dir='ltr'>animos</span> <span class='ocrx_word' id='word_1_32' title='bbox 653 563 695 597; x_wconf 91' lang='lat' dir='ltr'>et</span> <span class='ocrx_word' id='word_1_33' title='bbox 714 571 780 597; x_wconf 88' lang='lat' dir='ltr'>res</span> <span class='ocrx_word' id='word_1_34' title='bbox 802 557 1056 597; x_wconf 84' lang='lat' dir='ltr'>miserabere</span> <span class='ocrx_word' id='word_1_35' title='bbox 1077 555 1232 598; x_wconf 86' lang='lat' dir='ltr'>fractas</span> <span class='ocrx_word' id='word_1_36' title='bbox 1249 573 1258 597; x_wconf 92' lang='lat'><strong>:</strong></span> 
     </span>
    </p>
   </div>
   <div class='ocr_carea' id='block_1_5' title="bbox 1526 553 1611 594">
    <p class='ocr_par' dir='ltr' id='par_1_5' title="bbox 1526 553 1611 594">
     <span class='ocr_line' id='line_1_8' title="bbox 1526 553 1611 594; baseline 0.012 -1"><span class='ocrx_word' id='word_1_37' title='bbox 1526 553 1611 594; x_wconf 69' lang='lat'>240</span> 
     </span>
    </p>
   </div>
   <div class='ocr_carea' id='block_1_6' title="bbox 156 611 1159 667">
    <p class='ocr_par' dir='ltr' id='par_1_6' title="bbox 156 611 1159 667">
     <span class='ocr_line' id='line_1_9' title="bbox 156 611 1159 667; baseline 0.001 -14"><span class='ocrx_word' id='word_1_38' title='bbox 156 611 219 653; x_wconf 92' lang='lat' dir='ltr'>At</span> <span class='ocrx_word' id='word_1_39' title='bbox 240 612 381 654; x_wconf 85' lang='lat' dir='ltr'>suffire</span> <span class='ocrx_word' id='word_1_40' title='bbox 402 612 560 667; x_wconf 85' lang='lat' dir='ltr'>thymo,</span> <span class='ocrx_word' id='word_1_41' title='bbox 583 628 785 667; x_wconf 85' lang='lat' dir='ltr'>cerasque</span> <span class='ocrx_word' id='word_1_42' title='bbox 805 613 994 655; x_wconf 86' lang='lat' dir='ltr'>recidere</span> <span class='ocrx_word' id='word_1_43' title='bbox 1014 614 1159 655; x_wconf 83' lang='lat' dir='ltr'>inanes</span> 
     </span>
    </p>
   </div>
   <div class='ocr_carea' id='block_1_7' title="bbox 156 669 479 716">
    <p class='ocr_par' dir='ltr' id='par_1_7' title="bbox 156 669 479 716">
     <span class='ocr_line' id='line_1_10' title="bbox 156 669 479 716; baseline 0.006 -7"><span class='ocrx_word' id='word_1_44' title='bbox 156 669 266 716; x_wconf 83' lang='lat' dir='ltr'>Quis</span> <span class='ocrx_word' id='word_1_45' title='bbox 286 670 479 711; x_wconf 77' lang='lat' dir='ltr'>dubitet?</span> 
     </span>
    </p>
   </div>
   <div class='ocr_carea' id='block_1_8' title="bbox 541 669 1281 726">
    <p class='ocr_par' dir='ltr' id='par_1_8' title="bbox 541 669 1281 726">
     <span class='ocr_line' id='line_1_11' title="bbox 541 669 1281 726; baseline 0.003 -16"><span class='ocrx_word' id='word_1_46' title='bbox 541 669 654 711; x_wconf 88' lang='lat' dir='ltr'>Nam</span> <span class='ocrx_word' id='word_1_47' title='bbox 674 685 789 726; x_wconf 86' lang='lat' dir='ltr'>saepe</span> <span class='ocrx_word' id='word_1_48' title='bbox 810 670 926 712; x_wconf 88' lang='lat' dir='ltr'>favos</span> <span class='ocrx_word' id='word_1_49' title='bbox 946 671 1115 725; x_wconf 84' lang='lat' dir='ltr'>ignotus</span> <span class='ocrx_word' id='word_1_50' title='bbox 1135 671 1281 712; x_wconf 83' lang='lat' dir='ltr'>adedit</span> 
     </span>
    </p>
   </div>
   <div class='ocr_carea' id='block_1_9' title="bbox 156 726 1183 840">
    <p class='ocr_par' dir='ltr' id='par_1_9' title="bbox 156 726 1183 840">
     <span class='ocr_line' id='line_1_12' title="bbox 157 726 1167 783; baseline 0.001 -16"><span class='ocrx_word' id='word_1_51' title='bbox 157 726 318 777; x_wconf 84' lang='lat' dir='ltr'>Stellio,</span> <span class='ocrx_word' id='word_1_52' title='bbox 340 735 383 768; x_wconf 83' lang='lat' dir='ltr'>et</span> <span class='ocrx_word' id='word_1_53' title='bbox 402 727 597 782; x_wconf 85' lang='lat' dir='ltr'>lucifugis</span> <span class='ocrx_word' id='word_1_54' title='bbox 619 736 820 783; x_wconf 84' lang='lat' dir='ltr'>congesta.</span> <span class='ocrx_word' id='word_1_55' title='bbox 841 727 994 769; x_wconf 87' lang='lat' dir='ltr'>cubilia</span> <span class='ocrx_word' id='word_1_56' title='bbox 1013 727 1167 777; x_wconf 85' lang='lat' dir='ltr'>blattis,</span> 
     </span>
     <span class='ocr_line' id='line_1_13' title="bbox 156 782 1183 840; baseline 0.001 -15"><span class='ocrx_word' id='word_1_57' title='bbox 156 782 440 839; x_wconf 89' lang='lat' dir='ltr'>Immunisque</span> <span class='ocrx_word' id='word_1_58' title='bbox 461 785 612 825; x_wconf 82' lang='lat' dir='ltr'>sedens</span> <span class='ocrx_word' id='word_1_59' title='bbox 633 784 768 826; x_wconf 87' lang='lat' dir='ltr'>aliena</span> <span class='ocrx_word' id='word_1_60' title='bbox 787 785 841 826; x_wconf 90' lang='lat' dir='ltr'>ad</span> <span class='ocrx_word' id='word_1_61' title='bbox 864 784 1022 840; x_wconf 87' lang='lat' dir='ltr'>pabula</span> <span class='ocrx_word' id='word_1_62' title='bbox 1040 785 1183 834; x_wconf 86' lang='lat' dir='ltr'>fucus3</span> 
     </span>
    </p>
   </div>
   <div class='ocr_carea' id='block_1_10' title="bbox 153 900 873 2764">
    <p class='ocr_par' dir='ltr' id='par_1_10' title="bbox 153 900 873 2764">
     <span class='ocr_line' id='line_1_14' title="bbox 153 900 868 939; baseline -0.003 -8"><span class='ocrx_word' id='word_1_63' title='bbox 153 900 246 931; x_wconf 73' lang='lat' dir='ltr'>Aries</span> <span class='ocrx_word' id='word_1_64' title='bbox 266 901 297 929; x_wconf 84' lang='lat' dir='ltr'>in</span> <span class='ocrx_word' id='word_1_65' title='bbox 314 900 416 930; x_wconf 84' lang='lat' dir='ltr'>vellere</span> <span class='ocrx_word' id='word_1_66' title='bbox 426 900 547 938; x_wconf 69' lang='lat' dir='ltr'>fhlqens</span> <span class='ocrx_word' id='word_1_67' title='bbox 566 900 697 939; x_wconf 67' lang='lat' dir='ltr'>Respicit</span> <span class='ocrx_word' id='word_1_68' title='bbox 715 901 868 930; x_wconf 80' lang='lat' dir='ltr'>admirans</span> 
     </span>
     <span class='ocr_line' id='line_1_15' title="bbox 154 939 865 978; baseline 0 -9"><span class='ocrx_word' id='word_1_69' title='bbox 154 950 287 969; x_wconf 74' lang='lat' dir='ltr'>aversum</span> <span class='ocrx_word' id='word_1_70' title='bbox 313 949 364 968; x_wconf 75' lang='lat' dir='ltr'>sur</span> <span class='ocrx_word' id='word_1_71' title='bbox 383 950 431 969; x_wconf 85' lang='lat' dir='ltr'>ere</span> <span class='ocrx_word' id='word_1_72' title='bbox 459 939 596 968; x_wconf 82' lang='lat' dir='ltr'><strong><em>Taurum.</em></strong></span> <span class='ocrx_word' id='word_1_73' title='bbox 655 940 783 969; x_wconf 86' lang='lat' dir='ltr'>Praeivit</span> <span class='ocrx_word' id='word_1_74' title='bbox 802 941 865 978; x_wconf 87' lang='lat' dir='ltr'>jam</span> 
     </span>
     <span class='ocr_line' id='line_1_16' title="bbox 157 978 866 1014; baseline 0.001 -7"><span class='ocrx_word' id='word_1_75' title='bbox 157 978 312 1008; x_wconf 87' lang='lat' dir='ltr'>Homerus</span> <span class='ocrx_word' id='word_1_76' title='bbox 344 979 383 1008; x_wconf 93' lang='lat' dir='ltr'>l.</span> <span class='ocrx_word' id='word_1_77' title='bbox 411 992 439 1014; x_wconf 88' lang='grc' dir='ltr'>σ,</span> <span class='ocrx_word' id='word_1_78' title='bbox 470 979 539 1013; x_wconf 74' lang='grc'><strong>488,</strong></span> <span class='ocrx_word' id='word_1_79' title='bbox 575 979 636 1008; x_wconf 89' lang='lat' dir='ltr'>Od.</span> <span class='ocrx_word' id='word_1_80' title='bbox 662 991 686 1008; x_wconf 87' lang='grc' dir='ltr'>ε.</span> <span class='ocrx_word' id='word_1_81' title='bbox 711 980 781 1013; x_wconf 79' lang='grc'>274,</span> <span class='ocrx_word' id='word_1_82' title='bbox 814 980 866 1009; x_wconf 90' lang='lat' dir='ltr'>ubi</span> 
     </span>
     <span class='ocr_line' id='line_1_17' title="bbox 155 1017 864 1047; baseline 0.001 -1"><span class='ocrx_word' id='word_1_83' title='bbox 155 1017 238 1047; x_wconf 86' lang='lat' dir='ltr'>Ursa</span> <span class='ocrx_word' id='word_1_84' title='bbox 274 1017 417 1047; x_wconf 86' lang='lat' dir='ltr'>Orionem</span> <span class='ocrx_word' id='word_1_85' title='bbox 455 1017 615 1047; x_wconf 83' lang='lat' dir='ltr'>observare</span> <span class='ocrx_word' id='word_1_86' title='bbox 651 1018 786 1047; x_wconf 86' lang='lat' dir='ltr'>dicitur:</span> <span class='ocrx_word' id='word_1_87' title='bbox 820 1023 864 1047; x_wconf 81' lang='grc' dir='ltr'>καὶ</span> 
     </span>
     <span class='ocr_line' id='line_1_18' title="bbox 155 1056 866 1095; baseline 0.001 -10"><span class='ocrx_word' id='word_1_88' title='bbox 155 1058 268 1091; x_wconf 83' lang='grc' dir='ltr'><strong><em>Ὠρίωνα</em></strong></span> <span class='ocrx_word' id='word_1_89' title='bbox 289 1061 404 1091; x_wconf 75' lang='grc' dir='ltr'>δοκεύει,</span> <span class='ocrx_word' id='word_1_90' title='bbox 425 1066 464 1085; x_wconf 81' lang='lat' dir='ltr'>ex</span> <span class='ocrx_word' id='word_1_91' title='bbox 486 1056 611 1085; x_wconf 84' lang='lat' dir='ltr'>adverso</span> <span class='ocrx_word' id='word_1_92' title='bbox 632 1057 775 1095; x_wconf 89' lang='lat' dir='ltr'>positum.</span> <span class='ocrx_word' id='word_1_93' title='bbox 815 1057 866 1086; x_wconf 80' lang='lat' dir='ltr'>Ita</span> 
     </span>
     <span class='ocr_line' id='line_1_19' title="bbox 155 1095 868 1135; baseline 0.001 -11"><span class='ocrx_word' id='word_1_94' title='bbox 155 1096 272 1124; x_wconf 86' lang='lat' dir='ltr'>centies</span> <span class='ocrx_word' id='word_1_95' title='bbox 288 1096 400 1125; x_wconf 85' lang='lat' dir='ltr'>Aratus</span> <span class='ocrx_word' id='word_1_96' title='bbox 420 1100 451 1124; x_wconf 88' lang='lat' dir='ltr'>et</span> <span class='ocrx_word' id='word_1_97' title='bbox 471 1095 626 1124; x_wconf 79' lang='lat' dir='ltr'>Manilius.</span> <span class='ocrx_word' id='word_1_98' title='bbox 666 1096 758 1132; x_wconf 88' lang='lat' dir='ltr'>Quod</span> <span class='ocrx_word' id='word_1_99' title='bbox 774 1096 868 1135; x_wconf 81' lang='lat' dir='ltr'>igitur</span> 
     </span>
     <span class='ocr_line' id='line_1_20' title="bbox 153 1134 865 1172; baseline 0.001 -9"><span class='ocrx_word' id='word_1_100' title='bbox 153 1134 296 1163; x_wconf 87' lang='lat' dir='ltr'>Pleiades</span> <span class='ocrx_word' id='word_1_101' title='bbox 314 1134 456 1163; x_wconf 83' lang='lat' dir='ltr'>dicuntur</span> <span class='ocrx_word' id='word_1_102' title='bbox 467 1136 574 1172; x_wconf 64' lang='lat' dir='ltr'>fugere</span> <span class='ocrx_word' id='word_1_103' title='bbox 590 1134 707 1163; x_wconf 81' lang='lat' dir='ltr'>Piscem</span> <span class='ocrx_word' id='word_1_104' title='bbox 725 1145 776 1163; x_wconf 73' lang='lat' dir='ltr'>sm</span> <span class='ocrx_word' id='word_1_105' title='bbox 793 1135 865 1164; x_wconf 74' lang='lat' dir='ltr'>Pis-</span> 
     </span>
     <span class='ocr_line' id='line_1_21' title="bbox 155 1173 861 1211; baseline 0 -9"><span class='ocrx_word' id='word_1_106' title='bbox 155 1183 214 1207; x_wconf 86' lang='lat' dir='ltr'>ces,</span> <span class='ocrx_word' id='word_1_107' title='bbox 234 1173 271 1202; x_wconf 84' lang='lat' dir='ltr'>ad</span> <span class='ocrx_word' id='word_1_108' title='bbox 285 1173 375 1202; x_wconf 88' lang='lat' dir='ltr'>sitnm</span> <span class='ocrx_word' id='word_1_109' title='bbox 393 1173 526 1202; x_wconf 85' lang='lat' dir='ltr'>siderum</span> <span class='ocrx_word' id='word_1_110' title='bbox 541 1173 570 1201; x_wconf 93' lang='lat' dir='ltr'>in</span> <span class='ocrx_word' id='word_1_111' title='bbox 592 1173 711 1211; x_wconf 88' lang='lat' dir='ltr'>sphaera</span> <span class='ocrx_word' id='word_1_112' title='bbox 724 1179 861 1211; x_wconf 81' lang='lat' dir='ltr'>spectat:</span> 
     </span>
     <span class='ocr_line' id='line_1_22' title="bbox 156 1211 866 1251; baseline 0.001 -10"><span class='ocrx_word' id='word_1_113' title='bbox 156 1221 226 1241; x_wconf 85' lang='lat' dir='ltr'>uam</span> <span class='ocrx_word' id='word_1_114' title='bbox 253 1212 394 1247; x_wconf 85' lang='lat' dir='ltr'>Taurum,</span> <span class='ocrx_word' id='word_1_115' title='bbox 428 1211 458 1240; x_wconf 90' lang='lat' dir='ltr'>in</span> <span class='ocrx_word' id='word_1_116' title='bbox 486 1213 573 1250; x_wconf 86' lang='lat' dir='ltr'>cujus</span> <span class='ocrx_word' id='word_1_117' title='bbox 600 1212 699 1251; x_wconf 84' lang='lat' dir='ltr'>capite</span> <span class='ocrx_word' id='word_1_118' title='bbox 725 1213 866 1242; x_wconf 83' lang='lat' dir='ltr'>Pleiades</span> 
     </span>
     <span class='ocr_line' id='line_1_23' title="bbox 156 1251 868 1290; baseline 0.003 -11"><span class='ocrx_word' id='word_1_119' title='bbox 156 1255 238 1285; x_wconf 71' lang='lat' dir='ltr'>sunt,</span> <span class='ocrx_word' id='word_1_120' title='bbox 268 1251 356 1289; x_wconf 88' lang='lat' dir='ltr'>quasi</span> <span class='ocrx_word' id='word_1_121' title='bbox 383 1251 607 1280; x_wconf 82' lang='lat' dir='ltr'>antecedentem</span> <span class='ocrx_word' id='word_1_122' title='bbox 634 1251 772 1290; x_wconf 86' lang='lat' dir='ltr'>sequitur</span> <span class='ocrx_word' id='word_1_123' title='bbox 793 1252 868 1281; x_wconf 84' lang='lat' dir='ltr'>alter</span> 
     </span>
     <span class='ocr_line' id='line_1_24' title="bbox 156 1289 868 1329; baseline 0.001 -10"><span class='ocrx_word' id='word_1_124' title='bbox 156 1289 304 1324; x_wconf 88' lang='lat' dir='ltr'>Piscium,</span> <span class='ocrx_word' id='word_1_125' title='bbox 333 1294 367 1319; x_wconf 92' lang='lat' dir='ltr'>ut</span> <span class='ocrx_word' id='word_1_126' title='bbox 391 1289 470 1319; x_wconf 89' lang='lat' dir='ltr'>hunc</span> <span class='ocrx_word' id='word_1_127' title='bbox 496 1290 602 1329; x_wconf 85' lang='lat' dir='ltr'>fugere</span> <span class='ocrx_word' id='word_1_128' title='bbox 630 1290 728 1319; x_wconf 77' lang='lat' dir='ltr'>videri</span> <span class='ocrx_word' id='word_1_129' title='bbox 749 1291 868 1329; x_wconf 82' lang='lat' dir='ltr'>possint</span> 
     </span>
     <span class='ocr_line' id='line_1_25' title="bbox 158 1328 868 1368; baseline 0.001 -10"><span class='ocrx_word' id='word_1_130' title='bbox 158 1328 308 1363; x_wconf 86' lang='lat' dir='ltr'>Pleiades,</span> <span class='ocrx_word' id='word_1_131' title='bbox 340 1329 411 1358; x_wconf 86' lang='lat' dir='ltr'>dum</span> <span class='ocrx_word' id='word_1_132' title='bbox 437 1329 590 1363; x_wconf 87' lang='lat' dir='ltr'>occidunt,</span> <span class='ocrx_word' id='word_1_133' title='bbox 621 1329 721 1368; x_wconf 89' lang='lat' dir='ltr'>sitque</span> <span class='ocrx_word' id='word_1_134' title='bbox 751 1334 868 1360; x_wconf 82' lang='lat' dir='ltr'>tantum</span> 
     </span>
     <span class='ocr_line' id='line_1_26' title="bbox 156 1367 867 1407; baseline 0.003 -11"><span class='ocrx_word' id='word_1_135' title='bbox 156 1367 323 1397; x_wconf 85' lang='lat' dir='ltr'>sententia:</span> <span class='ocrx_word' id='word_1_136' title='bbox 345 1367 459 1397; x_wconf 88' lang='lat' dir='ltr'>occidit</span> <span class='ocrx_word' id='word_1_137' title='bbox 478 1367 591 1402; x_wconf 79' lang='lat' dir='ltr'>Pleias,</span> <span class='ocrx_word' id='word_1_138' title='bbox 613 1368 663 1396; x_wconf 88' lang='lat' dir='ltr'>cui</span> <span class='ocrx_word' id='word_1_139' title='bbox 685 1378 701 1397; x_wconf 92' lang='lat' dir='ltr'>a</span> <span class='ocrx_word' id='word_1_140' title='bbox 715 1372 802 1407; x_wconf 83' lang='lat' dir='ltr'>tergo</span> <span class='ocrx_word' id='word_1_141' title='bbox 824 1369 867 1398; x_wconf 87' lang='lat' dir='ltr'>vi-</span> 
     </span>
     <span class='ocr_line' id='line_1_27' title="bbox 156 1406 867 1445; baseline 0.004 -10"><span class='ocrx_word' id='word_1_142' title='bbox 156 1406 243 1436; x_wconf 84' lang='lat' dir='ltr'>cinus</span> <span class='ocrx_word' id='word_1_143' title='bbox 257 1410 306 1436; x_wconf 88' lang='lat' dir='ltr'>est</span> <span class='ocrx_word' id='word_1_144' title='bbox 319 1406 430 1441; x_wconf 59' lang='lat' dir='ltr'>Piscis.</span> <span class='ocrx_word' id='word_1_145' title='bbox 452 1407 479 1436; x_wconf 91' lang='lat' dir='ltr'>si</span> <span class='ocrx_word' id='word_1_146' title='bbox 496 1406 628 1445; x_wconf 86' lang='lat' dir='ltr'>positum</span> <span class='ocrx_word' id='word_1_147' title='bbox 642 1407 671 1436; x_wconf 87' lang='lat' dir='ltr'>in</span> <span class='ocrx_word' id='word_1_148' title='bbox 688 1407 807 1445; x_wconf 82' lang='lat' dir='ltr'>sphaera</span> <span class='ocrx_word' id='word_1_149' title='bbox 821 1418 867 1438; x_wconf 87' lang='lat' dir='ltr'>re-</span> 
     </span>
     <span class='ocr_line' id='line_1_28' title="bbox 157 1445 868 1485; baseline 0.003 -11"><span class='ocrx_word' id='word_1_150' title='bbox 157 1445 280 1483; x_wconf 84' lang='lat' dir='ltr'>spicias.</span> <span class='ocrx_word' id='word_1_151' title='bbox 294 1445 357 1474; x_wconf 90' lang='lat' dir='ltr'>vid.</span> <span class='ocrx_word' id='word_1_152' title='bbox 373 1446 502 1475; x_wconf 80' lang='lat' dir='ltr'>Excurs.</span> <span class='ocrx_word' id='word_1_153' title='bbox 519 1446 546 1474; x_wconf 94' lang='lat' dir='ltr'>I.</span> <span class='ocrx_word' id='word_1_154' title='bbox 562 1445 645 1475; x_wconf 86' lang='lat' dir='ltr'>Edit.</span> <span class='ocrx_word' id='word_1_155' title='bbox 662 1446 732 1475; x_wconf 90' lang='lat' dir='ltr'>mai.</span> <span class='ocrx_word' id='word_1_156' title='bbox 754 1456 784 1485; x_wconf 89' lang='lat' dir='ltr'>p.</span> <span class='ocrx_word' id='word_1_157' title='bbox 799 1448 868 1476; x_wconf 72' lang='lat'>637.</span> 
     </span>
     <span class='ocr_line' id='line_1_29' title="bbox 159 1484 868 1524; baseline 0.003 -11"><span class='ocrx_word' id='word_1_158' title='bbox 159 1484 285 1514; x_wconf 89' lang='lat' dir='ltr'>Piscem</span> <span class='ocrx_word' id='word_1_159' title='bbox 306 1488 404 1513; x_wconf 80' lang='lat' dir='ltr'>autem</span> <span class='ocrx_word' id='word_1_160' title='bbox 423 1495 561 1524; x_wconf 74' lang='lat' dir='ltr'>aquosum</span> <span class='ocrx_word' id='word_1_161' title='bbox 582 1485 673 1518; x_wconf 79' lang='lat' dir='ltr'>dixit,</span> <span class='ocrx_word' id='word_1_162' title='bbox 695 1485 724 1514; x_wconf 91' lang='lat' dir='ltr'>h.</span> <span class='ocrx_word' id='word_1_163' title='bbox 749 1485 868 1523; x_wconf 78' lang='lat' dir='ltr'>pluvias</span> 
     </span>
     <span class='ocr_line' id='line_1_30' title="bbox 156 1523 868 1563; baseline 0 -11"><span class='ocrx_word' id='word_1_164' title='bbox 156 1523 388 1557; x_wconf 84' lang='lat' dir='ltr'>denuntiantem,</span> <span class='ocrx_word' id='word_1_165' title='bbox 409 1528 443 1553; x_wconf 85' lang='lat' dir='ltr'>ut</span> <span class='ocrx_word' id='word_1_166' title='bbox 461 1534 588 1563; x_wconf 79' lang='lat' dir='ltr'>aquosus</span> <span class='ocrx_word' id='word_1_167' title='bbox 610 1524 702 1553; x_wconf 83' lang='lat' dir='ltr'>Orion</span> <span class='ocrx_word' id='word_1_168' title='bbox 726 1524 795 1553; x_wconf 88' lang='lat' dir='ltr'>AEn.</span> <span class='ocrx_word' id='word_1_169' title='bbox 809 1525 868 1559; x_wconf 74' lang='lat' dir='ltr'>IV,</span> 
     </span>
     <span class='ocr_line' id='line_1_31' title="bbox 157 1562 868 1601; baseline 0.001 -10"><span class='ocrx_word' id='word_1_170' title='bbox 157 1564 207 1591; x_wconf 83' lang='lat'>5‘2.</span> <span class='ocrx_word' id='word_1_171' title='bbox 223 1567 254 1591; x_wconf 82' lang='lat' dir='ltr'>et</span> <span class='ocrx_word' id='word_1_172' title='bbox 275 1562 372 1591; x_wconf 66' lang='lat' dir='ltr'>Piscis</span> <span class='ocrx_word' id='word_1_173' title='bbox 391 1573 517 1601; x_wconf 78' lang='lat' dir='ltr'>aquosus</span> <span class='ocrx_word' id='word_1_174' title='bbox 536 1562 630 1590; x_wconf 84' lang='lat' dir='ltr'>Ovid.</span> <span class='ocrx_word' id='word_1_175' title='bbox 646 1563 723 1591; x_wconf 77' lang='lat' dir='ltr'>Met.</span> <span class='ocrx_word' id='word_1_176' title='bbox 740 1563 785 1596; x_wconf 85' lang='lat' dir='ltr'>X,</span> <span class='ocrx_word' id='word_1_177' title='bbox 802 1565 868 1592; x_wconf 75' lang='lat'>163.</span> 
     </span>
     <span class='ocr_line' id='line_1_32' title="bbox 158 1601 868 1640; baseline 0.001 -10"><span class='ocrx_word' id='word_1_178' title='bbox 158 1601 278 1630; x_wconf 85' lang='lat' dir='ltr'>Etenim</span> <span class='ocrx_word' id='word_1_179' title='bbox 293 1601 355 1630; x_wconf 89' lang='lat' dir='ltr'>sole</span> <span class='ocrx_word' id='word_1_180' title='bbox 370 1602 475 1630; x_wconf 82' lang='lat' dir='ltr'>Pisces</span> <span class='ocrx_word' id='word_1_181' title='bbox 490 1602 626 1640; x_wconf 83' lang='lat' dir='ltr'>ingresso</span> <span class='ocrx_word' id='word_1_182' title='bbox 645 1601 773 1630; x_wconf 75' lang='lat' dir='ltr'>hiemale</span> <span class='ocrx_word' id='word_1_183' title='bbox 794 1606 868 1631; x_wconf 85' lang='lat' dir='ltr'>tem-</span> 
     </span>
     <span class='ocr_line' id='line_1_33' title="bbox 157 1639 867 1678; baseline 0 -9"><span class='ocrx_word' id='word_1_184' title='bbox 157 1649 216 1678; x_wconf 90' lang='lat' dir='ltr'>pus</span> <span class='ocrx_word' id='word_1_185' title='bbox 230 1645 287 1670; x_wconf 89' lang='lat' dir='ltr'>est.</span> <span class='ocrx_word' id='word_1_186' title='bbox 329 1640 417 1669; x_wconf 83' lang='lat' dir='ltr'>Unde</span> <span class='ocrx_word' id='word_1_187' title='bbox 437 1641 526 1669; x_wconf 75' lang='lat' dir='ltr'>etiam</span> <span class='ocrx_word' id='word_1_188' title='bbox 550 1640 634 1668; x_wconf 73' lang='lat' dir='ltr'>undae</span> <span class='ocrx_word' id='word_1_189' title='bbox 651 1639 776 1668; x_wconf 67' lang='lat' dir='ltr'>hiberna&gt;</span> <span class='ocrx_word' id='word_1_190' title='bbox 798 1650 867 1678; x_wconf 90' lang='lat' dir='ltr'>pro-</span> 
     </span>
     <span class='ocr_line' id='line_1_34' title="bbox 156 1678 868 1708; baseline 0 0"><span class='ocrx_word' id='word_1_191' title='bbox 156 1679 242 1708; x_wconf 87' lang='lat' dir='ltr'>cellis</span> <span class='ocrx_word' id='word_1_192' title='bbox 257 1683 387 1708; x_wconf 76' lang='lat' dir='ltr'>vexatae.</span> <span class='ocrx_word' id='word_1_193' title='bbox 407 1679 529 1707; x_wconf 87' lang='lat' dir='ltr'>H.—In</span> <span class='ocrx_word' id='word_1_194' title='bbox 543 1678 717 1707; x_wconf 84' lang='lat' dir='ltr'>sententiam</span> <span class='ocrx_word' id='word_1_195' title='bbox 732 1678 774 1707; x_wconf 90' lang='lat' dir='ltr'>H.</span> <span class='ocrx_word' id='word_1_196' title='bbox 789 1679 868 1708; x_wconf 81' lang='lat' dir='ltr'>Vos-</span> 
     </span>
     <span class='ocr_line' id='line_1_35' title="bbox 157 1717 868 1756; baseline 0.001 -10"><span class='ocrx_word' id='word_1_197' title='bbox 157 1718 196 1746; x_wconf 81' lang='lat' dir='ltr'>sii</span> <span class='ocrx_word' id='word_1_198' title='bbox 219 1719 367 1747; x_wconf 82' lang='lat' dir='ltr'>concessit</span> <span class='ocrx_word' id='word_1_199' title='bbox 393 1717 618 1753; x_wconf 54' lang='lat' dir='ltr'>W&#39;underliclm</span> <span class='ocrx_word' id='word_1_200' title='bbox 640 1717 755 1752; x_wconf 86' lang='lat' dir='ltr'>Pleias,</span> <span class='ocrx_word' id='word_1_201' title='bbox 775 1728 868 1756; x_wconf 87' lang='lat' dir='ltr'>quum</span> 
     </span>
     <span class='ocr_line' id='line_1_36' title="bbox 156 1756 867 1795; baseline 0 -10"><span class='ocrx_word' id='word_1_202' title='bbox 156 1756 280 1793; x_wconf 70' lang='lat' dir='ltr'>occidit,</span> <span class='ocrx_word' id='word_1_203' title='bbox 304 1757 416 1785; x_wconf 86' lang='lat' dir='ltr'>dicitnr</span> <span class='ocrx_word' id='word_1_204' title='bbox 432 1756 553 1794; x_wconf 73' lang='lat' dir='ltr'>fiiyiens</span> <span class='ocrx_word' id='word_1_205' title='bbox 571 1756 652 1784; x_wconf 71' lang='lat' dir='ltr'>sidus</span> <span class='ocrx_word' id='word_1_206' title='bbox 670 1757 710 1785; x_wconf 92' lang='lat' dir='ltr'>P.</span> <span class='ocrx_word' id='word_1_207' title='bbox 731 1767 779 1795; x_wconf 78' lang='lat' dir='ltr'>aq.</span> <span class='ocrx_word' id='word_1_208' title='bbox 796 1758 824 1785; x_wconf 90' lang='lat' dir='ltr'>h.</span> <span class='ocrx_word' id='word_1_209' title='bbox 841 1768 867 1786; x_wconf 91' lang='lat' dir='ltr'>e.</span> 
     </span>
     <span class='ocr_line' id='line_1_37' title="bbox 156 1794 867 1833; baseline 0.003 -10"><span class='ocrx_word' id='word_1_210' title='bbox 156 1795 274 1833; x_wconf 81' lang='lat' dir='ltr'>fugiens</span> <span class='ocrx_word' id='word_1_211' title='bbox 297 1799 417 1833; x_wconf 81' lang='lat' dir='ltr'>tempus</span> <span class='ocrx_word' id='word_1_212' title='bbox 438 1794 572 1828; x_wconf 77' lang='lat' dir='ltr'>hiemale,</span> <span class='ocrx_word' id='word_1_213' title='bbox 598 1804 650 1823; x_wconf 89' lang='lat' dir='ltr'>seu</span> <span class='ocrx_word' id='word_1_214' title='bbox 672 1799 867 1833; x_wconf 80' lang='lat' dir='ltr'>tempestates</span> 
     </span>
     <span class='ocr_line' id='line_1_38' title="bbox 159 1833 866 1873; baseline 0 -10"><span class='ocrx_word' id='word_1_215' title='bbox 159 1833 310 1863; x_wconf 87' lang='lat' dir='ltr'>hibernas.</span> <span class='ocrx_word' id='word_1_216' title='bbox 349 1833 440 1863; x_wconf 72' lang='lat' dir='ltr'>Sidus</span> <span class='ocrx_word' id='word_1_217' title='bbox 454 1837 501 1862; x_wconf 85' lang='lat' dir='ltr'>est</span> <span class='ocrx_word' id='word_1_218' title='bbox 513 1838 627 1862; x_wconf 74' lang='lat' dir='ltr'>certum</span> <span class='ocrx_word' id='word_1_219' title='bbox 649 1834 717 1862; x_wconf 81' lang='lat' dir='ltr'>anni</span> <span class='ocrx_word' id='word_1_220' title='bbox 738 1838 866 1873; x_wconf 81' lang='lat' dir='ltr'>tempus.</span> 
     </span>
     <span class='ocr_line' id='line_1_39' title="bbox 159 1871 867 1911; baseline 0.001 -10"><span class='ocrx_word' id='word_1_221' title='bbox 159 1873 242 1901; x_wconf 84' lang='lat' dir='ltr'>Hinc</span> <span class='ocrx_word' id='word_1_222' title='bbox 262 1872 359 1902; x_wconf 85' lang='lat' dir='ltr'>Tacit.</span> <span class='ocrx_word' id='word_1_223' title='bbox 380 1873 455 1901; x_wconf 86' lang='lat' dir='ltr'>Ann.</span> <span class='ocrx_word' id='word_1_224' title='bbox 482 1872 510 1905; x_wconf 92' lang='lat' dir='ltr'>I,</span> <span class='ocrx_word' id='word_1_225' title='bbox 532 1873 571 1901; x_wconf 77' lang='lat'>70</span> <span class='ocrx_word' id='word_1_226' title='bbox 591 1871 672 1900; x_wconf 81' lang='lat' dir='ltr'>siclus</span> <span class='ocrx_word' id='word_1_227' title='bbox 692 1873 867 1911; x_wconf 78' lang='lat' dir='ltr'>oequinoctii.</span> 
     </span>
     <span class='ocr_line' id='line_1_40' title="bbox 158 1910 867 1950; baseline 0.003 -10"><span class='ocrx_word' id='word_1_228' title='bbox 158 1911 361 1950; x_wconf 70' lang='lat' dir='ltr'>Metonymice</span> <span class='ocrx_word' id='word_1_229' title='bbox 393 1910 544 1949; x_wconf 82' lang='lat' dir='ltr'>significat</span> <span class='ocrx_word' id='word_1_230' title='bbox 578 1911 755 1949; x_wconf 80' lang='lat' dir='ltr'>temperiem</span> <span class='ocrx_word' id='word_1_231' title='bbox 787 1913 867 1942; x_wconf 69' lang='lat' dir='ltr'>coeli.</span> 
     </span>
     <span class='ocr_line' id='line_1_41' title="bbox 159 1949 866 1990; baseline 0.001 -11"><span class='ocrx_word' id='word_1_232' title='bbox 159 1950 212 1979; x_wconf 89' lang='lat' dir='ltr'>Sic</span> <span class='ocrx_word' id='word_1_233' title='bbox 226 1951 328 1988; x_wconf 85' lang='lat' dir='ltr'>accipe</span> <span class='ocrx_word' id='word_1_234' title='bbox 344 1951 435 1979; x_wconf 81' lang='lat' dir='ltr'>verba</span> <span class='ocrx_word' id='word_1_235' title='bbox 450 1949 540 1978; x_wconf 79' lang='lat' dir='ltr'>Plinii</span> <span class='ocrx_word' id='word_1_236' title='bbox 554 1949 703 1989; x_wconf 84' lang='lat' dir='ltr'>Panegyr.</span> <span class='ocrx_word' id='word_1_237' title='bbox 715 1960 741 1979; x_wconf 91' lang='lat' dir='ltr'>c.</span> <span class='ocrx_word' id='word_1_238' title='bbox 753 1952 799 1980; x_wconf 84' lang='lat'>15.</span> <span class='ocrx_word' id='word_1_239' title='bbox 810 1962 866 1990; x_wconf 77' lang='lat' dir='ltr'>prz-</span> 
     </span>
     <span class='ocr_line' id='line_1_42' title="bbox 157 1989 867 2027; baseline 0.001 -9"><span class='ocrx_word' id='word_1_240' title='bbox 157 1989 248 2018; x_wconf 73' lang='lat' dir='ltr'>trium</span> <span class='ocrx_word' id='word_1_241' title='bbox 263 1989 344 2018; x_wconf 81' lang='lat' dir='ltr'>sidus</span> <span class='ocrx_word' id='word_1_242' title='bbox 350 1990 445 2026; x_wconf 79' lang='lat' dir='ltr'>ferre.</span> <span class='ocrx_word' id='word_1_243' title='bbox 486 1989 528 2017; x_wconf 87' lang='lat' dir='ltr'>Et</span> <span class='ocrx_word' id='word_1_244' title='bbox 538 1999 627 2027; x_wconf 62' lang='lat' dir='ltr'>ysare</span> <span class='ocrx_word' id='word_1_245' title='bbox 647 1989 727 2017; x_wconf 78' lang='lat' dir='ltr'>sidus</span> <span class='ocrx_word' id='word_1_246' title='bbox 741 1990 777 2019; x_wconf 91' lang='lat' dir='ltr'>de</span> <span class='ocrx_word' id='word_1_247' title='bbox 793 1995 867 2019; x_wconf 75' lang='lat' dir='ltr'>tem-</span> 
     </span>
     <span class='ocr_line' id='line_1_43' title="bbox 158 2027 868 2066; baseline 0.003 -10"><span class='ocrx_word' id='word_1_248' title='bbox 158 2032 278 2066; x_wconf 78' lang='lat' dir='ltr'>pestate</span> <span class='ocrx_word' id='word_1_249' title='bbox 303 2028 379 2056; x_wconf 74' lang='lat' dir='ltr'>mala</span> <span class='ocrx_word' id='word_1_250' title='bbox 400 2027 479 2066; x_wconf 86' lang='lat' dir='ltr'>apud</span> <span class='ocrx_word' id='word_1_251' title='bbox 504 2027 649 2057; x_wconf 76' lang='lat' dir='ltr'>Ovidium</span> <span class='ocrx_word' id='word_1_252' title='bbox 675 2032 723 2056; x_wconf 86' lang='lat' dir='ltr'>est</span> <span class='ocrx_word' id='word_1_253' title='bbox 743 2029 868 2058; x_wconf 85' lang='lat' dir='ltr'>Metam.</span> 
     </span>
     <span class='ocr_line' id='line_1_44' title="bbox 160 2066 870 2106; baseline 0.003 -11"><span class='ocrx_word' id='word_1_254' title='bbox 160 2067 200 2101; x_wconf 92' lang='lat' dir='ltr'>V,</span> <span class='ocrx_word' id='word_1_255' title='bbox 219 2067 288 2096; x_wconf 81' lang='lat'>281.</span> <span class='ocrx_word' id='word_1_256' title='bbox 328 2067 397 2095; x_wconf 88' lang='lat' dir='ltr'>Non</span> <span class='ocrx_word' id='word_1_257' title='bbox 425 2066 551 2095; x_wconf 89' lang='lat' dir='ltr'>alienum</span> <span class='ocrx_word' id='word_1_258' title='bbox 581 2076 652 2096; x_wconf 74' lang='lat' dir='ltr'>vero</span> <span class='ocrx_word' id='word_1_259' title='bbox 676 2071 870 2106; x_wconf 83' lang='lat' dir='ltr'>tempestates</span> 
     </span>
     <span class='ocr_line' id='line_1_45' title="bbox 161 2105 870 2141; baseline 0.003 -7"><span class='ocrx_word' id='word_1_260' title='bbox 161 2105 298 2135; x_wconf 81' lang='lat' dir='ltr'>hibernas</span> <span class='ocrx_word' id='word_1_261' title='bbox 324 2106 431 2135; x_wconf 77' lang='lat' dir='ltr'>referri</span> <span class='ocrx_word' id='word_1_262' title='bbox 459 2106 495 2134; x_wconf 88' lang='lat' dir='ltr'>ad</span> <span class='ocrx_word' id='word_1_263' title='bbox 524 2105 645 2134; x_wconf 79' lang='lat' dir='ltr'>Flscem</span> <span class='ocrx_word' id='word_1_264' title='bbox 672 2116 736 2140; x_wconf 91' lang='lat' dir='ltr'>seu,</span> <span class='ocrx_word' id='word_1_265' title='bbox 758 2107 870 2141; x_wconf 68' lang='lat' dir='ltr'>velius,</span> 
     </span>
     <span class='ocr_line' id='line_1_46' title="bbox 161 2143 871 2184; baseline 0.004 -12"><span class='ocrx_word' id='word_1_266' title='bbox 161 2143 275 2178; x_wconf 70' lang='lat' dir='ltr'>Pisces,</span> <span class='ocrx_word' id='word_1_267' title='bbox 296 2145 348 2183; x_wconf 90' lang='lat' dir='ltr'>qui</span> <span class='ocrx_word' id='word_1_268' title='bbox 369 2144 524 2173; x_wconf 88' lang='lat' dir='ltr'>mensibus</span> <span class='ocrx_word' id='word_1_269' title='bbox 548 2144 679 2173; x_wconf 85' lang='lat' dir='ltr'>hibernis</span> <span class='ocrx_word' id='word_1_270' title='bbox 702 2149 793 2174; x_wconf 79' lang='lat' dir='ltr'>totam</span> <span class='ocrx_word' id='word_1_271' title='bbox 816 2156 871 2184; x_wconf 89' lang='lat' dir='ltr'>per</span> 
     </span>
     <span class='ocr_line' id='line_1_47' title="bbox 159 2183 872 2222; baseline 0.004 -11"><span class='ocrx_word' id='word_1_272' title='bbox 159 2186 278 2211; x_wconf 88' lang='lat' dir='ltr'>noctem</span> <span class='ocrx_word' id='word_1_273' title='bbox 298 2183 430 2222; x_wconf 85' lang='lat' dir='ltr'>conspici</span> <span class='ocrx_word' id='word_1_274' title='bbox 451 2186 586 2222; x_wconf 85' lang='lat' dir='ltr'>possunt,</span> <span class='ocrx_word' id='word_1_275' title='bbox 609 2193 703 2221; x_wconf 90' lang='lat' dir='ltr'>eaque</span> <span class='ocrx_word' id='word_1_276' title='bbox 725 2184 761 2213; x_wconf 89' lang='lat' dir='ltr'>de</span> <span class='ocrx_word' id='word_1_277' title='bbox 782 2195 872 2214; x_wconf 86' lang='lat' dir='ltr'>cansa</span> 
     </span>
     <span class='ocr_line' id='line_1_48' title="bbox 160 2221 870 2262; baseline 0.003 -12"><span class='ocrx_word' id='word_1_278' title='bbox 160 2221 229 2251; x_wconf 90' lang='lat' dir='ltr'>illos</span> <span class='ocrx_word' id='word_1_279' title='bbox 243 2231 377 2260; x_wconf 75' lang='lat' dir='ltr'>aquosos,</span> <span class='ocrx_word' id='word_1_280' title='bbox 397 2227 534 2251; x_wconf 85' lang='lat' dir='ltr'>auctores</span> <span class='ocrx_word' id='word_1_281' title='bbox 560 2222 666 2251; x_wconf 85' lang='lat' dir='ltr'>imbris</span> <span class='ocrx_word' id='word_1_282' title='bbox 688 2227 718 2251; x_wconf 89' lang='lat' dir='ltr'>et</span> <span class='ocrx_word' id='word_1_283' title='bbox 738 2227 870 2262; x_wconf 85' lang='lat' dir='ltr'>tempes-</span> 
     </span>
     <span class='ocr_line' id='line_1_49' title="bbox 161 2259 871 2300; baseline 0.004 -12"><span class='ocrx_word' id='word_1_284' title='bbox 161 2259 244 2294; x_wconf 87' lang='lat' dir='ltr'>tatis,</span> <span class='ocrx_word' id='word_1_285' title='bbox 267 2260 421 2298; x_wconf 78' lang='lat' dir='ltr'>appellari.</span> <span class='ocrx_word' id='word_1_286' title='bbox 460 2261 502 2290; x_wconf 87' lang='lat' dir='ltr'>Et</span> <span class='ocrx_word' id='word_1_287' title='bbox 520 2265 600 2290; x_wconf 87' lang='lat' dir='ltr'>recte</span> <span class='ocrx_word' id='word_1_288' title='bbox 626 2261 720 2295; x_wconf 85' lang='lat' dir='ltr'>Plias,</span> <span class='ocrx_word' id='word_1_289' title='bbox 742 2265 871 2300; x_wconf 85' lang='lat' dir='ltr'>tempes-</span> 
     </span>
     <span class='ocr_line' id='line_1_50' title="bbox 161 2299 869 2338; baseline 0.003 -10"><span class='ocrx_word' id='word_1_290' title='bbox 161 2302 222 2328; x_wconf 80' lang='lat' dir='ltr'>tate</span> <span class='ocrx_word' id='word_1_291' title='bbox 243 2299 364 2327; x_wconf 87' lang='lat' dir='ltr'>hiberna</span> <span class='ocrx_word' id='word_1_292' title='bbox 383 2299 537 2338; x_wconf 82' lang='lat' dir='ltr'>ingruente</span> <span class='ocrx_word' id='word_1_293' title='bbox 558 2310 626 2328; x_wconf 89' lang='lat' dir='ltr'>cum</span> <span class='ocrx_word' id='word_1_294' title='bbox 647 2300 774 2334; x_wconf 87' lang='lat' dir='ltr'>occidat,</span> <span class='ocrx_word' id='word_1_295' title='bbox 788 2301 869 2331; x_wconf 85' lang='lat' dir='ltr'>illam</span> 
     </span>
     <span class='ocr_line' id='line_1_51' title="bbox 154 2337 870 2378; baseline 0.003 -12"><span class='ocrx_word' id='word_1_296' title='bbox 154 2339 260 2376; x_wconf 77' lang='lat' dir='ltr'>suyere</span> <span class='ocrx_word' id='word_1_297' title='bbox 275 2337 335 2366; x_wconf 79' lang='lat' dir='ltr'>djci</span> <span class='ocrx_word' id='word_1_298' title='bbox 351 2342 462 2375; x_wconf 82' lang='lat' dir='ltr'>potest.</span> <span class='ocrx_word' id='word_1_299' title='bbox 501 2338 643 2367; x_wconf 89' lang='lat' dir='ltr'>Ceterum</span> <span class='ocrx_word' id='word_1_300' title='bbox 653 2339 753 2378; x_wconf 89' lang='lat' dir='ltr'>Aprili</span> <span class='ocrx_word' id='word_1_301' title='bbox 767 2349 870 2369; x_wconf 84' lang='lat' dir='ltr'>mense</span> 
     </span>
     <span class='ocr_line' id='line_1_52' title="bbox 163 2376 870 2408; baseline 0.003 -3"><span class='ocrx_word' id='word_1_302' title='bbox 163 2376 286 2406; x_wconf 82' lang='lat' dir='ltr'>Pliadas</span> <span class='ocrx_word' id='word_1_303' title='bbox 307 2387 339 2405; x_wconf 86' lang='lat' dir='ltr'>os</span> <span class='ocrx_word' id='word_1_304' title='bbox 358 2376 504 2405; x_wconf 78' lang='lat' dir='ltr'>honestum</span> <span class='ocrx_word' id='word_1_305' title='bbox 524 2377 669 2406; x_wconf 79' lang='lat' dir='ltr'>ostendere</span> <span class='ocrx_word' id='word_1_306' title='bbox 685 2380 870 2408; x_wconf 79' lang='lat' dir='ltr'>asseveranti</span> 
     </span>
     <span class='ocr_line' id='line_1_53' title="bbox 163 2415 869 2446; baseline 0.004 -3"><span class='ocrx_word' id='word_1_307' title='bbox 163 2424 199 2444; x_wconf 90' lang='lat' dir='ltr'>ne</span> <span class='ocrx_word' id='word_1_308' title='bbox 212 2416 329 2444; x_wconf 85' lang='lat' dir='ltr'>credas.</span> <span class='ocrx_word' id='word_1_309' title='bbox 368 2415 447 2443; x_wconf 82' lang='lat' dir='ltr'>Nam</span> <span class='ocrx_word' id='word_1_310' title='bbox 467 2415 533 2443; x_wconf 90' lang='lat' dir='ltr'>illas</span> <span class='ocrx_word' id='word_1_311' title='bbox 554 2426 571 2444; x_wconf 86' lang='lat' dir='ltr'>a</span> <span class='ocrx_word' id='word_1_312' title='bbox 593 2416 642 2445; x_wconf 87' lang='lat' dir='ltr'>die</span> <span class='ocrx_word' id='word_1_313' title='bbox 656 2417 715 2445; x_wconf 72' lang='lat' dir='ltr'>VI.</span> <span class='ocrx_word' id='word_1_314' title='bbox 730 2421 796 2446; x_wconf 71' lang='lat' dir='ltr'>ante</span> <span class='ocrx_word' id='word_1_315' title='bbox 811 2418 869 2446; x_wconf 82' lang='lat' dir='ltr'>Ca-</span> 
     </span>
     <span class='ocr_line' id='line_1_54' title="bbox 162 2453 870 2492; baseline 0.004 -10"><span class='ocrx_word' id='word_1_316' title='bbox 162 2453 241 2483; x_wconf 87' lang='lat' dir='ltr'>lend.</span> <span class='ocrx_word' id='word_1_317' title='bbox 257 2454 331 2483; x_wconf 80' lang='lat' dir='ltr'>Maii</span> <span class='ocrx_word' id='word_1_318' title='bbox 351 2463 447 2492; x_wconf 88' lang='lat' dir='ltr'>usque</span> <span class='ocrx_word' id='word_1_319' title='bbox 471 2454 508 2482; x_wconf 80' lang='lat' dir='ltr'>nd</span> <span class='ocrx_word' id='word_1_320' title='bbox 531 2454 610 2483; x_wconf 88' lang='lat' dir='ltr'>diem</span> <span class='ocrx_word' id='word_1_321' title='bbox 649 2455 726 2484; x_wconf 88' lang='lat' dir='ltr'>ridie</span> <span class='ocrx_word' id='word_1_322' title='bbox 742 2455 870 2485; x_wconf 88' lang='lat' dir='ltr'>Id.Jun.</span> 
     </span>
     <span class='ocr_line' id='line_1_55' title="bbox 163 2492 872 2532; baseline 0.003 -10"><span class='ocrx_word' id='word_1_323' title='bbox 163 2493 268 2528; x_wconf 83' lang='lat' dir='ltr'>latere,</span> <span class='ocrx_word' id='word_1_324' title='bbox 294 2492 381 2521; x_wconf 83' lang='lat' dir='ltr'>hodie</span> <span class='ocrx_word' id='word_1_325' title='bbox 407 2496 543 2528; x_wconf 80' lang='lat' dir='ltr'>constat3</span> <span class='ocrx_word' id='word_1_326' title='bbox 571 2497 602 2522; x_wconf 86' lang='lat' dir='ltr'>et</span> <span class='ocrx_word' id='word_1_327' title='bbox 662 2494 784 2524; x_wconf 85' lang='lat' dir='ltr'>esiodus</span> <span class='ocrx_word' id='word_1_328' title='bbox 808 2496 872 2532; x_wconf 87' lang='lat' dir='ltr'>jam</span> 
     </span>
     <span class='ocr_line' id='line_1_56' title="bbox 162 2530 870 2572; baseline 0.003 -12"><span class='ocrx_word' id='word_1_329' title='bbox 162 2530 229 2561; x_wconf 86' lang='lat' dir='ltr'>illas</span> <span class='ocrx_word' id='word_1_330' title='bbox 243 2531 438 2571; x_wconf 81' lang='lat' dir='ltr'>quadraginta</span> <span class='ocrx_word' id='word_1_331' title='bbox 450 2535 553 2560; x_wconf 83' lang='lat' dir='ltr'>noctes</span> <span class='ocrx_word' id='word_1_332' title='bbox 567 2532 693 2569; x_wconf 89' lang='lat' dir='ltr'>diesque</span> <span class='ocrx_word' id='word_1_333' title='bbox 711 2542 767 2561; x_wconf 92' lang='lat' dir='ltr'>non</span> <span class='ocrx_word' id='word_1_334' title='bbox 780 2543 870 2572; x_wconf 88' lang='lat' dir='ltr'>appa-</span> 
     </span>
     <span class='ocr_line' id='line_1_57' title="bbox 163 2570 872 2605; baseline 0.004 -7"><span class='ocrx_word' id='word_1_335' title='bbox 163 2579 231 2600; x_wconf 85' lang='lat' dir='ltr'>rere</span> <span class='ocrx_word' id='word_1_336' title='bbox 255 2574 390 2599; x_wconf 76' lang='lat' dir='ltr'>noverat.</span> <span class='ocrx_word' id='word_1_337' title='bbox 408 2577 469 2605; x_wconf 81' lang='grc' dir='ltr'>Εργ.</span> <span class='ocrx_word' id='word_1_338' title='bbox 487 2571 556 2598; x_wconf 72' lang='grc'><strong>385.</strong></span> <span class='ocrx_word' id='word_1_339' title='bbox 569 2572 598 2598; x_wconf 90' lang='grc'>6.</span> <span class='ocrx_word' id='word_1_340' title='bbox 624 2570 663 2600; x_wconf 85' lang='lat' dir='ltr'><strong><em>W</em></strong></span> <span class='ocrx_word' id='word_1_341' title='bbox 664 2572 770 2600; x_wconf 81' lang='lat'>.—236</span> <span class='ocrx_word' id='word_1_342' title='bbox 793 2573 872 2602; x_wconf 81' lang='lat' dir='ltr'>Con—</span> 
     </span>
     <span class='ocr_line' id='line_1_58' title="bbox 161 2608 873 2647; baseline 0.003 -9"><span class='ocrx_word' id='word_1_343' title='bbox 161 2609 264 2646; x_wconf 86' lang='lat' dir='ltr'>juncta</span> <span class='ocrx_word' id='word_1_344' title='bbox 285 2609 350 2638; x_wconf 88' lang='lat' dir='ltr'>haec</span> <span class='ocrx_word' id='word_1_345' title='bbox 373 2619 441 2638; x_wconf 86' lang='lat' dir='ltr'>cum</span> <span class='ocrx_word' id='word_1_346' title='bbox 464 2608 691 2647; x_wconf 83' lang='lat' dir='ltr'>superioribus3</span> <span class='ocrx_word' id='word_1_347' title='bbox 716 2619 782 2638; x_wconf 88' lang='lat' dir='ltr'>nam</span> <span class='ocrx_word' id='word_1_348' title='bbox 802 2611 873 2640; x_wconf 87' lang='lat' dir='ltr'>dum</span> 
     </span>
     <span class='ocr_line' id='line_1_59' title="bbox 166 2647 871 2688; baseline 0.007 -14"><span class='ocrx_word' id='word_1_349' title='bbox 166 2647 225 2676; x_wconf 87' lang='lat' dir='ltr'>mel</span> <span class='ocrx_word' id='word_1_350' title='bbox 240 2648 437 2682; x_wconf 81' lang='lat' dir='ltr'>exscinditur,</span> <span class='ocrx_word' id='word_1_351' title='bbox 448 2647 508 2676; x_wconf 84' lang='lat' dir='ltr'>iras</span> <span class='ocrx_word' id='word_1_352' title='bbox 522 2647 623 2686; x_wconf 86' lang='lat' dir='ltr'>apium</span> <span class='ocrx_word' id='word_1_353' title='bbox 635 2647 764 2676; x_wconf 85' lang='lat' dir='ltr'>maxime</span> <span class='ocrx_word' id='word_1_354' title='bbox 778 2659 871 2688; x_wconf 83' lang='lat' dir='ltr'>expe-</span> 
     </span>
     <span class='ocr_line' id='line_1_60' title="bbox 167 2684 871 2724; baseline 0.004 -10"><span class='ocrx_word' id='word_1_355' title='bbox 167 2684 254 2715; x_wconf 86' lang='lat' dir='ltr'>riare.</span> <span class='ocrx_word' id='word_1_356' title='bbox 280 2687 378 2716; x_wconf 81' lang='lat' dir='ltr'>Varro</span> <span class='ocrx_word' id='word_1_357' title='bbox 391 2687 456 2720; x_wconf 87' lang='lat'>111,</span> <span class='ocrx_word' id='word_1_358' title='bbox 468 2688 515 2721; x_wconf 81' lang='lat'>16,</span> <span class='ocrx_word' id='word_1_359' title='bbox 528 2687 654 2716; x_wconf 78' lang='lat'>7.—237</span> <span class='ocrx_word' id='word_1_360' title='bbox 668 2685 777 2724; x_wconf 77' lang='lat' dir='ltr'>spicula</span> <span class='ocrx_word' id='word_1_361' title='bbox 785 2697 871 2724; x_wconf 82' lang='lat' dir='ltr'>caeca,</span> 
     </span>
     <span class='ocr_line' id='line_1_61' title="bbox 168 2724 863 2764; baseline 0.003 -10"><span class='ocrx_word' id='word_1_362' title='bbox 168 2724 198 2754; x_wconf 82' lang='lat' dir='ltr'>h.</span> <span class='ocrx_word' id='word_1_363' title='bbox 224 2725 359 2755; x_wconf 79' lang='lat' dir='ltr'>occulta:</span> <span class='ocrx_word' id='word_1_364' title='bbox 385 2725 500 2761; x_wconf 72' lang='lat' dir='ltr'>brevia,</span> <span class='ocrx_word' id='word_1_365' title='bbox 524 2735 591 2764; x_wconf 84' lang='lat' dir='ltr'>quae</span> <span class='ocrx_word' id='word_1_366' title='bbox 615 2729 745 2764; x_wconf 78' lang='lat' dir='ltr'>possunt</span> <span class='ocrx_word' id='word_1_367' title='bbox 770 2725 863 2756; x_wconf 81' lang='lat' dir='ltr'>latere</span> 
     </span>
    </p>
   </div>
   <div class='ocr_carea' id='block_1_11' title="bbox 900 899 1622 2766">
    <p class='ocr_par' dir='ltr' id='par_1_11' title="bbox 900 899 1622 2766">
     <span class='ocr_line' id='line_1_62' title="bbox 905 899 1613 940; baseline -0.003 -10"><span class='ocrx_word' id='word_1_368' title='bbox 905 901 991 930; x_wconf 87' lang='lat' dir='ltr'>Serv.</span> <span class='ocrx_word' id='word_1_369' title='bbox 1008 901 1129 931; x_wconf 75' lang='lat' dir='ltr'>Morsus</span> <span class='ocrx_word' id='word_1_370' title='bbox 1151 911 1206 940; x_wconf 87' lang='lat' dir='ltr'>pro</span> <span class='ocrx_word' id='word_1_371' title='bbox 1229 901 1401 930; x_wconf 82' lang='lat' dir='ltr'>aculeorum</span> <span class='ocrx_word' id='word_1_372' title='bbox 1421 900 1532 930; x_wconf 81' lang='lat' dir='ltr'>ictibus</span> <span class='ocrx_word' id='word_1_373' title='bbox 1553 899 1613 929; x_wconf 81' lang='lat' dir='ltr'>dici</span> 
     </span>
     <span class='ocr_line' id='line_1_63' title="bbox 905 939 1612 978; baseline -0.003 -10"><span class='ocrx_word' id='word_1_374' title='bbox 905 941 1136 970; x_wconf 61' lang='lat' dir='ltr'>obvium—238</span> <span class='ocrx_word' id='word_1_375' title='bbox 1157 940 1260 977; x_wconf 77' lang='lat' dir='ltr'><em>Affixae</em></span> <span class='ocrx_word' id='word_1_376' title='bbox 1276 940 1363 973; x_wconf 74' lang='lat' dir='ltr'>renis,</span> <span class='ocrx_word' id='word_1_377' title='bbox 1379 939 1512 978; x_wconf 76' lang='lat' dir='ltr'>graviuS,</span> <span class='ocrx_word' id='word_1_378' title='bbox 1523 949 1612 977; x_wconf 87' lang='lat' dir='ltr'>quam</span> 
     </span>
     <span class='ocr_line' id='line_1_64' title="bbox 904 978 1612 1019; baseline -0.003 -11"><span class='ocrx_word' id='word_1_379' title='bbox 904 979 978 1013; x_wconf 88' lang='lat' dir='ltr'>cuti,</span> <span class='ocrx_word' id='word_1_380' title='bbox 991 980 1113 1019; x_wconf 87' lang='lat' dir='ltr'>corpori</span> <span class='ocrx_word' id='word_1_381' title='bbox 1127 979 1279 1018; x_wconf 79' lang='lat' dir='ltr'>affigentes</span> <span class='ocrx_word' id='word_1_382' title='bbox 1292 989 1324 1008; x_wconf 85' lang='lat' dir='ltr'>sc</span> <span class='ocrx_word' id='word_1_383' title='bbox 1337 980 1414 1016; x_wconf 84' lang='lat' dir='ltr'>ejus,</span> <span class='ocrx_word' id='word_1_384' title='bbox 1434 978 1486 1017; x_wconf 84' lang='lat' dir='ltr'>qui</span> <span class='ocrx_word' id='word_1_385' title='bbox 1506 987 1556 1007; x_wconf 76' lang='lat' dir='ltr'>eas</span> <span class='ocrx_word' id='word_1_386' title='bbox 1568 978 1612 1007; x_wconf 88' lang='lat' dir='ltr'>in-</span> 
     </span>
     <span class='ocr_line' id='line_1_65' title="bbox 904 1017 1614 1055; baseline -0.003 -9"><span class='ocrx_word' id='word_1_387' title='bbox 904 1018 1012 1055; x_wconf 77' lang='lat' dir='ltr'>festat3</span> <span class='ocrx_word' id='word_1_388' title='bbox 1042 1020 1073 1047; x_wconf 84' lang='lat' dir='ltr'>iu</span> <span class='ocrx_word' id='word_1_389' title='bbox 1100 1018 1226 1053; x_wconf 79' lang='lat' dir='ltr'>vulnere,</span> <span class='ocrx_word' id='word_1_390' title='bbox 1246 1019 1276 1047; x_wconf 90' lang='lat' dir='ltr'>in</span> <span class='ocrx_word' id='word_1_391' title='bbox 1302 1018 1457 1046; x_wconf 88' lang='lat' dir='ltr'>inferendo</span> <span class='ocrx_word' id='word_1_392' title='bbox 1482 1017 1614 1046; x_wconf 85' lang='lat' dir='ltr'>vulnere.</span> 
     </span>
     <span class='ocr_line' id='line_1_66' title="bbox 904 1055 1612 1095; baseline -0.004 -9"><span class='ocrx_word' id='word_1_393' title='bbox 904 1057 982 1086; x_wconf 87' lang='lat' dir='ltr'>Nam</span> <span class='ocrx_word' id='word_1_394' title='bbox 1003 1057 1116 1087; x_wconf 87' lang='lat' dir='ltr'>aculeis</span> <span class='ocrx_word' id='word_1_395' title='bbox 1139 1057 1258 1087; x_wconf 82' lang='lat' dir='ltr'>amissis</span> <span class='ocrx_word' id='word_1_396' title='bbox 1284 1056 1361 1085; x_wconf 88' lang='lat' dir='ltr'>mori</span> <span class='ocrx_word' id='word_1_397' title='bbox 1382 1066 1455 1095; x_wconf 81' lang='lat' dir='ltr'>apes</span> <span class='ocrx_word' id='word_1_398' title='bbox 1477 1055 1612 1085; x_wconf 84' lang='lat' dir='ltr'>creditae.</span> 
     </span>
     <span class='ocr_line' id='line_1_67' title="bbox 904 1095 1614 1133; baseline -0.004 -8"><span class='ocrx_word' id='word_1_399' title='bbox 904 1096 983 1125; x_wconf 90' lang='lat' dir='ltr'>Plin.</span> <span class='ocrx_word' id='word_1_400' title='bbox 1006 1096 1070 1131; x_wconf 87' lang='lat' dir='ltr'>XI,</span> <span class='ocrx_word' id='word_1_401' title='bbox 1095 1106 1120 1126; x_wconf 82' lang='lat' dir='ltr'>s.</span> <span class='ocrx_word' id='word_1_402' title='bbox 1142 1096 1385 1126; x_wconf 78' lang='lat'>19.—-239—-247</span> <span class='ocrx_word' id='word_1_403' title='bbox 1409 1095 1461 1124; x_wconf 90' lang='lat' dir='ltr'>Sin</span> <span class='ocrx_word' id='word_1_404' title='bbox 1483 1095 1614 1133; x_wconf 79' lang='lat' dir='ltr'>apiarius</span> 
     </span>
     <span class='ocr_line' id='line_1_68' title="bbox 903 1134 1616 1172; baseline -0.003 -9"><span class='ocrx_word' id='word_1_405' title='bbox 903 1134 1009 1164; x_wconf 88' lang='lat' dir='ltr'>hiemis</span> <span class='ocrx_word' id='word_1_406' title='bbox 1029 1136 1201 1165; x_wconf 84' lang='lat' dir='ltr'>immitioris</span> <span class='ocrx_word' id='word_1_407' title='bbox 1216 1139 1308 1169; x_wconf 81' lang='lat' dir='ltr'>metu,</span> <span class='ocrx_word' id='word_1_408' title='bbox 1330 1143 1461 1172; x_wconf 88' lang='lat' dir='ltr'>curaque</span> <span class='ocrx_word' id='word_1_409' title='bbox 1475 1143 1563 1172; x_wconf 90' lang='lat' dir='ltr'>apum</span> <span class='ocrx_word' id='word_1_410' title='bbox 1584 1139 1616 1162; x_wconf 89' lang='lat' dir='ltr'>et</span> 
     </span>
     <span class='ocr_line' id='line_1_69' title="bbox 903 1172 1615 1209; baseline -0.004 -6"><span class='ocrx_word' id='word_1_411' title='bbox 903 1174 1103 1209; x_wconf 87' lang='lat' dir='ltr'>miseratione,</span> <span class='ocrx_word' id='word_1_412' title='bbox 1113 1185 1170 1203; x_wconf 89' lang='lat' dir='ltr'>non</span> <span class='ocrx_word' id='word_1_413' title='bbox 1184 1183 1287 1203; x_wconf 88' lang='lat' dir='ltr'>omnes</span> <span class='ocrx_word' id='word_1_414' title='bbox 1301 1174 1389 1202; x_wconf 82' lang='lat' dir='ltr'>favos</span> <span class='ocrx_word' id='word_1_415' title='bbox 1401 1172 1570 1206; x_wconf 84' lang='lat' dir='ltr'>exscindat‚</span> <span class='ocrx_word' id='word_1_416' title='bbox 1584 1176 1615 1201; x_wconf 79' lang='lat' dir='ltr'>et</span> 
     </span>
     <span class='ocr_line' id='line_1_70' title="bbox 906 1211 1615 1251; baseline -0.003 -10"><span class='ocrx_word' id='word_1_417' title='bbox 906 1213 1037 1251; x_wconf 83' lang='lat' dir='ltr'>aliquam</span> <span class='ocrx_word' id='word_1_418' title='bbox 1057 1213 1155 1242; x_wconf 91' lang='lat' dir='ltr'>mellis</span> <span class='ocrx_word' id='word_1_419' title='bbox 1179 1216 1296 1251; x_wconf 78' lang='lat' dir='ltr'>partem</span> <span class='ocrx_word' id='word_1_420' title='bbox 1318 1212 1426 1251; x_wconf 85' lang='lat' dir='ltr'>apibus</span> <span class='ocrx_word' id='word_1_421' title='bbox 1456 1211 1615 1249; x_wconf 85' lang='lat' dir='ltr'>relinquat,</span> 
     </span>
     <span class='ocr_line' id='line_1_71' title="bbox 906 1250 1615 1291; baseline -0.004 -10"><span class='ocrx_word' id='word_1_422' title='bbox 906 1256 937 1281; x_wconf 85' lang='lat' dir='ltr'>at</span> <span class='ocrx_word' id='word_1_423' title='bbox 948 1252 1063 1288; x_wconf 89' lang='lat' dir='ltr'>saltem,</span> <span class='ocrx_word' id='word_1_424' title='bbox 1101 1256 1204 1291; x_wconf 89' lang='lat' dir='ltr'>ropter</span> <span class='ocrx_word' id='word_1_425' title='bbox 1212 1252 1361 1281; x_wconf 86' lang='lat' dir='ltr'>variorum</span> <span class='ocrx_word' id='word_1_426' title='bbox 1374 1251 1555 1279; x_wconf 82' lang='lat' dir='ltr'>insectorum</span> <span class='ocrx_word' id='word_1_427' title='bbox 1572 1250 1615 1278; x_wconf 88' lang='lat' dir='ltr'>in-</span> 
     </span>
     <span class='ocr_line' id='line_1_72' title="bbox 907 1288 1614 1325; baseline -0.006 -5"><span class='ocrx_word' id='word_1_428' title='bbox 907 1291 1010 1325; x_wconf 86' lang='lat' dir='ltr'>sidias,</span> <span class='ocrx_word' id='word_1_429' title='bbox 1024 1302 1058 1320; x_wconf 92' lang='lat' dir='ltr'>su</span> <span class='ocrx_word' id='word_1_430' title='bbox 1093 1292 1186 1320; x_wconf 89' lang='lat' dir='ltr'>endus</span> <span class='ocrx_word' id='word_1_431' title='bbox 1207 1295 1253 1320; x_wconf 88' lang='lat' dir='ltr'>est</span> <span class='ocrx_word' id='word_1_432' title='bbox 1274 1290 1389 1323; x_wconf 79' lang='lat' dir='ltr'>alveus,</span> <span class='ocrx_word' id='word_1_433' title='bbox 1406 1289 1508 1318; x_wconf 67' lang='lat' dir='ltr'>inanes</span> <span class='ocrx_word' id='word_1_434' title='bbox 1528 1288 1614 1317; x_wconf 79' lang='lat' dir='ltr'>cellae</span> 
     </span>
     <span class='ocr_line' id='line_1_73' title="bbox 906 1327 1615 1369; baseline -0.004 -11"><span class='ocrx_word' id='word_1_435' title='bbox 906 1330 1113 1369; x_wconf 64' lang='lat' dir='ltr'>exsculpendas</span> <span class='ocrx_word' id='word_1_436' title='bbox 1129 1334 1159 1359; x_wconf 89' lang='lat' dir='ltr'>et</span> <span class='ocrx_word' id='word_1_437' title='bbox 1173 1330 1353 1363; x_wconf 81' lang='lat' dir='ltr'>recidendae,</span> <span class='ocrx_word' id='word_1_438' title='bbox 1369 1339 1404 1358; x_wconf 90' lang='lat' dir='ltr'>ne</span> <span class='ocrx_word' id='word_1_439' title='bbox 1420 1328 1500 1366; x_wconf 88' lang='lat' dir='ltr'>quod</span> <span class='ocrx_word' id='word_1_440' title='bbox 1526 1327 1555 1356; x_wconf 92' lang='lat' dir='ltr'>in</span> <span class='ocrx_word' id='word_1_441' title='bbox 1577 1327 1615 1356; x_wconf 87' lang='lat' dir='ltr'>iis</span> 
     </span>
     <span class='ocr_line' id='line_1_74' title="bbox 908 1367 1617 1405; baseline -0.004 -7"><span class='ocrx_word' id='word_1_442' title='bbox 908 1369 1115 1398; x_wconf 88' lang='lat' dir='ltr'>animalculum</span> <span class='ocrx_word' id='word_1_443' title='bbox 1127 1369 1280 1399; x_wconf 86' lang='lat' dir='ltr'>occultum</span> <span class='ocrx_word' id='word_1_444' title='bbox 1289 1369 1391 1397; x_wconf 79' lang='lat' dir='ltr'>lateat.</span> <span class='ocrx_word' id='word_1_445' title='bbox 1412 1367 1617 1405; x_wconf 86' lang='lat' dir='ltr'>Trepidabant</span> 
     </span>
     <span class='ocr_line' id='line_1_75' title="bbox 909 1406 1615 1447; baseline -0.004 -11"><span class='ocrx_word' id='word_1_446' title='bbox 909 1412 941 1437; x_wconf 90' lang='lat' dir='ltr'>et</span> <span class='ocrx_word' id='word_1_447' title='bbox 960 1408 1009 1437; x_wconf 85' lang='lat' dir='ltr'>hic</span> <span class='ocrx_word' id='word_1_448' title='bbox 1028 1408 1131 1447; x_wconf 87' lang='lat' dir='ltr'>Intpp.</span> <span class='ocrx_word' id='word_1_449' title='bbox 1173 1408 1343 1437; x_wconf 80' lang='lat' dir='ltr'>Observata</span> <span class='ocrx_word' id='word_1_450' title='bbox 1356 1407 1421 1435; x_wconf 82' lang='lat' dir='ltr'>haec</span> <span class='ocrx_word' id='word_1_451' title='bbox 1438 1406 1535 1434; x_wconf 81' lang='lat' dir='ltr'>omnia</span> <span class='ocrx_word' id='word_1_452' title='bbox 1552 1407 1615 1444; x_wconf 88' lang='lat' dir='ltr'>jam</span> 
     </span>
     <span class='ocr_line' id='line_1_76' title="bbox 909 1445 1614 1482; baseline -0.006 -6"><span class='ocrx_word' id='word_1_453' title='bbox 909 1451 993 1476; x_wconf 83' lang='lat' dir='ltr'>erant</span> <span class='ocrx_word' id='word_1_454' title='bbox 1007 1447 1177 1481; x_wconf 76' lang='lat' dir='ltr'>Aristoteli,</span> <span class='ocrx_word' id='word_1_455' title='bbox 1197 1457 1226 1475; x_wconf 80' lang='lat' dir='ltr'>v.</span> <span class='ocrx_word' id='word_1_456' title='bbox 1248 1446 1292 1475; x_wconf 91' lang='lat' dir='ltr'>H.</span> <span class='ocrx_word' id='word_1_457' title='bbox 1313 1445 1492 1478; x_wconf 81' lang='lat' dir='ltr'>Anim.1x,</span> <span class='ocrx_word' id='word_1_458' title='bbox 1508 1446 1557 1473; x_wconf 67' lang='lat'>40.</span> <span class='ocrx_word' id='word_1_459' title='bbox 1583 1454 1614 1482; x_wconf 92' lang='lat' dir='ltr'>p.</span> 
     </span>
     <span class='ocr_line' id='line_1_77' title="bbox 908 1483 1616 1523; baseline -0.004 -9"><span class='ocrx_word' id='word_1_460' title='bbox 908 1487 967 1514; x_wconf 69' lang='lat'>946</span> <span class='ocrx_word' id='word_1_461' title='bbox 980 1487 1025 1523; x_wconf 70' lang='lat' dir='ltr'>A}</span> <span class='ocrx_word' id='word_1_462' title='bbox 1047 1486 1099 1515; x_wconf 86' lang='lat' dir='ltr'>sed</span> <span class='ocrx_word' id='word_1_463' title='bbox 1114 1486 1141 1514; x_wconf 87' lang='lat' dir='ltr'>in</span> <span class='ocrx_word' id='word_1_464' title='bbox 1158 1485 1274 1514; x_wconf 84' lang='lat' dir='ltr'>caussis</span> <span class='ocrx_word' id='word_1_465' title='bbox 1290 1484 1448 1514; x_wconf 84' lang='lat' dir='ltr'>reddendis</span> <span class='ocrx_word' id='word_1_466' title='bbox 1460 1483 1616 1512; x_wconf 86' lang='lat' dir='ltr'>laborabat</span> 
     </span>
     <span class='ocr_line' id='line_1_78' title="bbox 909 1523 1616 1563; baseline -0.004 -10"><span class='ocrx_word' id='word_1_467' title='bbox 909 1525 1032 1554; x_wconf 73' lang='lat' dir='ltr'>maximi</span> <span class='ocrx_word' id='word_1_468' title='bbox 1059 1524 1231 1563; x_wconf 82' lang='lat' dir='ltr'>philosophi</span> <span class='ocrx_word' id='word_1_469' title='bbox 1256 1523 1487 1552; x_wconf 66' lang='lat' dir='ltr'>acumem—239</span> <span class='ocrx_word' id='word_1_470' title='bbox 1511 1532 1616 1560; x_wconf 79' lang='lat' dir='ltr'>parces</span> 
     </span>
     <span class='ocr_line' id='line_1_79' title="bbox 900 1561 1615 1600; baseline 0 -10"><span class='ocrx_word' id='word_1_471' title='bbox 900 1565 1016 1600; x_wconf 68' lang='lat' dir='ltr'>futuro,</span> <span class='ocrx_word' id='word_1_472' title='bbox 1039 1563 1201 1592; x_wconf 83' lang='lat' dir='ltr'>conditioni</span> <span class='ocrx_word' id='word_1_473' title='bbox 1217 1573 1253 1591; x_wconf 88' lang='lat' dir='ltr'>ac</span> <span class='ocrx_word' id='word_1_474' title='bbox 1268 1561 1440 1591; x_wconf 82' lang='lat' dir='ltr'>necessitati</span> <span class='ocrx_word' id='word_1_475' title='bbox 1455 1561 1555 1599; x_wconf 82' lang='lat' dir='ltr'>apium</span> <span class='ocrx_word' id='word_1_476' title='bbox 1569 1561 1615 1590; x_wconf 88' lang='lat' dir='ltr'>fu-</span> 
     </span>
     <span class='ocr_line' id='line_1_80' title="bbox 909 1599 1616 1639; baseline -0.003 -9"><span class='ocrx_word' id='word_1_477' title='bbox 909 1606 996 1630; x_wconf 78' lang='lat' dir='ltr'>turae.</span> <span class='ocrx_word' id='word_1_478' title='bbox 1037 1602 1212 1631; x_wconf 84' lang='lat' dir='ltr'>Priscianus</span> <span class='ocrx_word' id='word_1_479' title='bbox 1234 1601 1300 1630; x_wconf 81' lang='lat' dir='ltr'>haec</span> <span class='ocrx_word' id='word_1_480' title='bbox 1319 1601 1386 1639; x_wconf 85' lang='lat' dir='ltr'>ipsa</span> <span class='ocrx_word' id='word_1_481' title='bbox 1410 1600 1447 1628; x_wconf 87' lang='lat' dir='ltr'>ad</span> <span class='ocrx_word' id='word_1_482' title='bbox 1472 1599 1616 1638; x_wconf 81' lang='lat' dir='ltr'>apodosin</span> 
     </span>
     <span class='ocr_line' id='line_1_81' title="bbox 908 1639 1616 1678; baseline -0.003 -9"><span class='ocrx_word' id='word_1_483' title='bbox 908 1641 1064 1675; x_wconf 78' lang='lat' dir='ltr'>referebat,</span> <span class='ocrx_word' id='word_1_484' title='bbox 1090 1645 1124 1670; x_wconf 92' lang='lat' dir='ltr'>ut</span> <span class='ocrx_word' id='word_1_485' title='bbox 1151 1644 1253 1670; x_wconf 84' lang='lat' dir='ltr'>essent</span> <span class='ocrx_word' id='word_1_486' title='bbox 1279 1649 1370 1678; x_wconf 75' lang='lat' dir='ltr'>parce</span> <span class='ocrx_word' id='word_1_487' title='bbox 1393 1644 1423 1668; x_wconf 92' lang='lat' dir='ltr'>et</span> <span class='ocrx_word' id='word_1_488' title='bbox 1450 1639 1616 1667; x_wconf 70' lang='lat' dir='ltr'>miserator.</span> 
     </span>
     <span class='ocr_line' id='line_1_82' title="bbox 908 1678 1615 1718; baseline -0.003 -10"><span class='ocrx_word' id='word_1_489' title='bbox 908 1679 1025 1718; x_wconf 80' lang='lat' dir='ltr'>Recepi</span> <span class='ocrx_word' id='word_1_490' title='bbox 1040 1689 1116 1708; x_wconf 91' lang='lat' dir='ltr'>nunc</span> <span class='ocrx_word' id='word_1_491' title='bbox 1131 1684 1256 1708; x_wconf 65' lang='lat' dir='ltr'>metuens</span> <span class='ocrx_word' id='word_1_492' title='bbox 1269 1688 1324 1715; x_wconf 86' lang='lat' dir='ltr'>pro</span> <span class='ocrx_word' id='word_1_493' title='bbox 1338 1682 1456 1712; x_wconf 80' lang='lat' dir='ltr'>metues,</span> <span class='ocrx_word' id='word_1_494' title='bbox 1473 1682 1508 1706; x_wconf 91' lang='lat' dir='ltr'>ut</span> <span class='ocrx_word' id='word_1_495' title='bbox 1520 1678 1615 1706; x_wconf 77' lang='lat' dir='ltr'>oratio</span> 
     </span>
     <span class='ocr_line' id='line_1_83' title="bbox 907 1717 1616 1754; baseline -0.003 -8"><span class='ocrx_word' id='word_1_496' title='bbox 907 1718 1016 1747; x_wconf 88' lang='lat' dir='ltr'>melius</span> <span class='ocrx_word' id='word_1_497' title='bbox 1030 1718 1131 1747; x_wconf 83' lang='lat' dir='ltr'>vincta</span> <span class='ocrx_word' id='word_1_498' title='bbox 1145 1722 1236 1747; x_wconf 89' lang='lat' dir='ltr'>esset.</span> <span class='ocrx_word' id='word_1_499' title='bbox 1258 1717 1301 1746; x_wconf 88' lang='lat' dir='ltr'>H.</span> <span class='ocrx_word' id='word_1_500' title='bbox 1342 1717 1502 1753; x_wconf 79' lang='lat' dir='ltr'>Quomodo</span> <span class='ocrx_word' id='word_1_501' title='bbox 1521 1717 1616 1754; x_wconf 84' lang='lat' dir='ltr'>parti-</span> 
     </span>
     <span class='ocr_line' id='line_1_84' title="bbox 906 1755 1618 1795; baseline -0.003 -10"><span class='ocrx_word' id='word_1_502' title='bbox 906 1757 982 1785; x_wconf 74' lang='lat' dir='ltr'>cnlae</span> <span class='ocrx_word' id='word_1_503' title='bbox 997 1767 1145 1795; x_wconf 81' lang='lat' dir='ltr'>que—qne</span> <span class='ocrx_word' id='word_1_504' title='bbox 1158 1757 1290 1785; x_wconf 86' lang='lat' dir='ltr'>membra</span> <span class='ocrx_word' id='word_1_505' title='bbox 1301 1755 1618 1794; x_wconf 72' lang='lat' dir='ltr'>parces—miserabere</span> 
     </span>
     <span class='ocr_line' id='line_1_85' title="bbox 906 1794 1617 1834; baseline 0 -11"><span class='ocrx_word' id='word_1_506' title='bbox 906 1795 1017 1824; x_wconf 86' lang='lat' dir='ltr'>vincire</span> <span class='ocrx_word' id='word_1_507' title='bbox 1041 1795 1170 1834; x_wconf 83' lang='lat' dir='ltr'>possint,</span> <span class='ocrx_word' id='word_1_508' title='bbox 1192 1805 1259 1824; x_wconf 87' lang='lat' dir='ltr'>cum</span> <span class='ocrx_word' id='word_1_509' title='bbox 1287 1794 1436 1823; x_wconf 75' lang='lat' dir='ltr'>miseratio</span> <span class='ocrx_word' id='word_1_510' title='bbox 1466 1794 1505 1823; x_wconf 84' lang='lat' dir='ltr'>sit</span> <span class='ocrx_word' id='word_1_511' title='bbox 1525 1804 1617 1823; x_wconf 78' lang='lat' dir='ltr'>causa</span> 
     </span>
     <span class='ocr_line' id='line_1_86' title="bbox 904 1833 1618 1872; baseline -0.001 -10"><span class='ocrx_word' id='word_1_512' title='bbox 904 1834 1051 1872; x_wconf 73' lang='lat' dir='ltr'>parcendi,</span> <span class='ocrx_word' id='word_1_513' title='bbox 1066 1844 1122 1862; x_wconf 87' lang='lat' dir='ltr'>non</span> <span class='ocrx_word' id='word_1_514' title='bbox 1135 1833 1411 1872; x_wconf 77' lang='lat' dir='ltr'>intelligo.—Bona</span> <span class='ocrx_word' id='word_1_515' title='bbox 1424 1837 1471 1862; x_wconf 85' lang='lat' dir='ltr'>est</span> <span class='ocrx_word' id='word_1_516' title='bbox 1485 1833 1618 1862; x_wconf 76' lang='lat' dir='ltr'>enuntia-</span> 
     </span>
     <span class='ocr_line' id='line_1_87' title="bbox 908 1871 1616 1911; baseline -0.001 -10"><span class='ocrx_word' id='word_1_517' title='bbox 908 1873 1020 1901; x_wconf 81' lang='lat' dir='ltr'>tionum</span> <span class='ocrx_word' id='word_1_518' title='bbox 1031 1873 1219 1911; x_wconf 77' lang='lat' dir='ltr'>conjunctio:</span> <span class='ocrx_word' id='word_1_519' title='bbox 1238 1878 1343 1910; x_wconf 29' lang='lat' dir='ltr'>‘metuo</span> <span class='ocrx_word' id='word_1_520' title='bbox 1357 1872 1482 1901; x_wconf 86' lang='lat' dir='ltr'>hiemem</span> <span class='ocrx_word' id='word_1_521' title='bbox 1497 1876 1528 1900; x_wconf 87' lang='lat' dir='ltr'>et</span> <span class='ocrx_word' id='word_1_522' title='bbox 1543 1871 1616 1900; x_wconf 87' lang='lat' dir='ltr'>mel-</span> 
     </span>
     <span class='ocr_line' id='line_1_88' title="bbox 907 1911 1618 1949; baseline -0.001 -9"><span class='ocrx_word' id='word_1_523' title='bbox 907 1911 1017 1941; x_wconf 75' lang='lat' dir='ltr'>latione</span> <span class='ocrx_word' id='word_1_524' title='bbox 1046 1912 1192 1941; x_wconf 78' lang='lat' dir='ltr'>abstineo.</span> <span class='ocrx_word' id='word_1_525' title='bbox 1233 1911 1323 1947; x_wconf 90' lang='lat' dir='ltr'>Quod</span> <span class='ocrx_word' id='word_1_526' title='bbox 1351 1921 1422 1940; x_wconf 73' lang='lat' dir='ltr'>vero</span> <span class='ocrx_word' id='word_1_527' title='bbox 1447 1920 1538 1940; x_wconf 85' lang='lat' dir='ltr'>causa</span> <span class='ocrx_word' id='word_1_528' title='bbox 1563 1921 1618 1949; x_wconf 87' lang='lat' dir='ltr'>per</span> 
     </span>
     <span class='ocr_line' id='line_1_89' title="bbox 907 1950 1617 1989; baseline -0.003 -9"><span class='ocrx_word' id='word_1_529' title='bbox 907 1951 1048 1989; x_wconf 87' lang='lat' dir='ltr'>copulam</span> <span class='ocrx_word' id='word_1_530' title='bbox 1057 1956 1084 1980; x_wconf 81' lang='lat' dir='ltr'>et</span> <span class='ocrx_word' id='word_1_531' title='bbox 1095 1950 1265 1979; x_wconf 79' lang='lat' dir='ltr'>miserabere</span> <span class='ocrx_word' id='word_1_532' title='bbox 1278 1950 1394 1988; x_wconf 74' lang='lat' dir='ltr'>adjecta</span> <span class='ocrx_word' id='word_1_533' title='bbox 1401 1954 1458 1984; x_wconf 84' lang='lat' dir='ltr'>est,</span> <span class='ocrx_word' id='word_1_534' title='bbox 1471 1950 1500 1978; x_wconf 86' lang='lat' dir='ltr'>id</span> <span class='ocrx_word' id='word_1_535' title='bbox 1513 1959 1617 1987; x_wconf 87' lang='lat' dir='ltr'>quam-</span> 
     </span>
     <span class='ocr_line' id='line_1_90' title="bbox 908 1989 1618 2028; baseline -0.001 -10"><span class='ocrx_word' id='word_1_536' title='bbox 908 2000 997 2028; x_wconf 84' lang='lat' dir='ltr'>quam</span> <span class='ocrx_word' id='word_1_537' title='bbox 1019 2000 1074 2019; x_wconf 83' lang='lat' dir='ltr'>non</span> <span class='ocrx_word' id='word_1_538' title='bbox 1101 2000 1204 2023; x_wconf 73' lang='lat' dir='ltr'>suave,</span> <span class='ocrx_word' id='word_1_539' title='bbox 1230 1990 1258 2018; x_wconf 90' lang='lat' dir='ltr'>in</span> <span class='ocrx_word' id='word_1_540' title='bbox 1277 1991 1369 2027; x_wconf 68' lang='lat' dir='ltr'>poeta</span> <span class='ocrx_word' id='word_1_541' title='bbox 1388 1993 1486 2018; x_wconf 86' lang='lat' dir='ltr'>tamen</span> <span class='ocrx_word' id='word_1_542' title='bbox 1509 1989 1618 2017; x_wconf 88' lang='lat' dir='ltr'>morari</span> 
     </span>
     <span class='ocr_line' id='line_1_91' title="bbox 908 2028 1616 2066; baseline -0.001 -9"><span class='ocrx_word' id='word_1_543' title='bbox 908 2039 964 2057; x_wconf 89' lang='lat' dir='ltr'>non</span> <span class='ocrx_word' id='word_1_544' title='bbox 987 2029 1087 2058; x_wconf 88' lang='lat' dir='ltr'>debet.</span> <span class='ocrx_word' id='word_1_545' title='bbox 1129 2029 1248 2066; x_wconf 81' lang='lat' dir='ltr'>Itaque,</span> <span class='ocrx_word' id='word_1_546' title='bbox 1269 2028 1382 2056; x_wconf 79' lang='lat' dir='ltr'>frustra</span> <span class='ocrx_word' id='word_1_547' title='bbox 1404 2028 1551 2057; x_wconf 85' lang='lat' dir='ltr'>renitente</span> <span class='ocrx_word' id='word_1_548' title='bbox 1571 2028 1616 2056; x_wconf 90' lang='lat' dir='ltr'>H.</span> 
     </span>
     <span class='ocr_line' id='line_1_92' title="bbox 909 2066 1617 2104; baseline -0.001 -9"><span class='ocrx_word' id='word_1_549' title='bbox 909 2068 1030 2101; x_wconf 67' lang='lat' dir='ltr'>vossio,</span> <span class='ocrx_word' id='word_1_550' title='bbox 1047 2072 1153 2095; x_wconf 70' lang='lat' dir='ltr'>metues</span> <span class='ocrx_word' id='word_1_551' title='bbox 1168 2067 1398 2100; x_wconf 82' lang='lat' dir='ltr'>restituendum,</span> <span class='ocrx_word' id='word_1_552' title='bbox 1423 2071 1458 2095; x_wconf 87' lang='lat' dir='ltr'>ut</span> <span class='ocrx_word' id='word_1_553' title='bbox 1475 2066 1617 2104; x_wconf 72' lang='lat' dir='ltr'>apodosis</span> 
     </span>
     <span class='ocr_line' id='line_1_93' title="bbox 910 2103 1618 2143; baseline -0.001 -9"><span class='ocrx_word' id='word_1_554' title='bbox 910 2116 926 2135; x_wconf 88' lang='lat' dir='ltr'>a</span> <span class='ocrx_word' id='word_1_555' title='bbox 940 2106 1041 2134; x_wconf 75' lang='lat' dir='ltr'>verbis</span> <span class='ocrx_word' id='word_1_556' title='bbox 1058 2106 1100 2134; x_wconf 74' lang='lat' dir='ltr'>At</span> <span class='ocrx_word' id='word_1_557' title='bbox 1112 2106 1206 2142; x_wconf 77' lang='lat' dir='ltr'>suffire</span> <span class='ocrx_word' id='word_1_558' title='bbox 1220 2105 1353 2143; x_wconf 89' lang='lat' dir='ltr'>incipiat.</span> <span class='ocrx_word' id='word_1_559' title='bbox 1376 2103 1521 2133; x_wconf 70' lang='lat' dir='ltr'>W.—·2·40</span> <span class='ocrx_word' id='word_1_560' title='bbox 1541 2105 1618 2142; x_wconf 87' lang='lat' dir='ltr'>Spo-</span> 
     </span>
     <span class='ocr_line' id='line_1_94' title="bbox 909 2142 1618 2181; baseline -0.003 -7"><span class='ocrx_word' id='word_1_561' title='bbox 909 2145 981 2174; x_wconf 88' lang='lat' dir='ltr'>liato</span> <span class='ocrx_word' id='word_1_562' title='bbox 1006 2145 1091 2173; x_wconf 77' lang='lat' dir='ltr'>alveo</span> <span class='ocrx_word' id='word_1_563' title='bbox 1113 2149 1142 2173; x_wconf 91' lang='lat' dir='ltr'>et</span> <span class='ocrx_word' id='word_1_564' title='bbox 1165 2144 1225 2173; x_wconf 84' lang='lat' dir='ltr'>cibi</span> <span class='ocrx_word' id='word_1_565' title='bbox 1242 2143 1378 2181; x_wconf 87' lang='lat' dir='ltr'>penuria,</span> <span class='ocrx_word' id='word_1_566' title='bbox 1403 2142 1520 2172; x_wconf 66' lang='lat' dir='ltr'>hiemali</span> <span class='ocrx_word' id='word_1_567' title='bbox 1543 2146 1618 2172; x_wconf 80' lang='lat' dir='ltr'>tem-</span> 
     </span>
     <span class='ocr_line' id='line_1_95' title="bbox 910 2181 1618 2222; baseline 0 -11"><span class='ocrx_word' id='word_1_568' title='bbox 910 2184 1091 2222; x_wconf 52' lang='lat' dir='ltr'>porem—241</span> <span class='ocrx_word' id='word_1_569' title='bbox 1117 2183 1157 2212; x_wconf 68' lang='lat' dir='ltr'>L‘t</span> <span class='ocrx_word' id='word_1_570' title='bbox 1171 2193 1267 2211; x_wconf 73' lang='lat' dir='ltr'>omnes</span> <span class='ocrx_word' id='word_1_571' title='bbox 1280 2181 1376 2210; x_wconf 68' lang='lat' dir='ltr'>vitiosi</span> <span class='ocrx_word' id='word_1_572' title='bbox 1387 2181 1455 2219; x_wconf 79' lang='lat' dir='ltr'>favi</span> <span class='ocrx_word' id='word_1_573' title='bbox 1468 2181 1618 2218; x_wconf 59' lang='lat' dir='ltr'>temnitur,</span> 
     </span>
     <span class='ocr_line' id='line_1_96' title="bbox 910 2220 1618 2259; baseline -0.003 -8"><span class='ocrx_word' id='word_1_574' title='bbox 910 2223 1074 2252; x_wconf 84' lang='lat' dir='ltr'>curandum</span> <span class='ocrx_word' id='word_1_575' title='bbox 1089 2226 1146 2250; x_wconf 83' lang='lat' dir='ltr'>est.</span> <span class='ocrx_word' id='word_1_576' title='bbox 1187 2221 1305 2250; x_wconf 30' lang='lat' dir='ltr'>Coliim.</span> <span class='ocrx_word' id='word_1_577' title='bbox 1320 2220 1385 2254; x_wconf 82' lang='lat' dir='ltr'>IX,</span> <span class='ocrx_word' id='word_1_578' title='bbox 1411 2222 1459 2254; x_wconf 80' lang='lat'>13,</span> <span class='ocrx_word' id='word_1_579' title='bbox 1479 2222 1509 2249; x_wconf 79' lang='lat'>8.</span> <span class='ocrx_word' id='word_1_580' title='bbox 1530 2221 1569 2249; x_wconf 88' lang='lat' dir='ltr'>cf.</span> <span class='ocrx_word' id='word_1_581' title='bbox 1590 2221 1618 2259; x_wconf 57' lang='grc' dir='ltr'>ξ.</span> 
     </span>
     <span class='ocr_line' id='line_1_97' title="bbox 912 2259 1618 2294; baseline -0.003 -4"><span class='ocrx_word' id='word_1_582' title='bbox 912 2263 958 2290; x_wconf 90' lang='lat' dir='ltr'>ll.</span> <span class='ocrx_word' id='word_1_583' title='bbox 969 2262 1022 2290; x_wconf 84' lang='lat'>12:</span> <span class='ocrx_word' id='word_1_584' title='bbox 1043 2271 1071 2290; x_wconf 91' lang='lat' dir='ltr'>c.</span> <span class='ocrx_word' id='word_1_585' title='bbox 1084 2262 1131 2293; x_wconf 74' lang='lat'>14,</span> <span class='ocrx_word' id='word_1_586' title='bbox 1142 2261 1171 2293; x_wconf 85' lang='lat' dir='ltr'>l,</span> <span class='ocrx_word' id='word_1_587' title='bbox 1184 2261 1202 2289; x_wconf 82' lang='lat'>2</span> <span class='ocrx_word' id='word_1_588' title='bbox 1214 2271 1220 2288; x_wconf 89' lang='lat'>:</span> <span class='ocrx_word' id='word_1_589' title='bbox 1243 2259 1340 2288; x_wconf 77' lang='lat' dir='ltr'>Varro</span> <span class='ocrx_word' id='word_1_590' title='bbox 1355 2259 1421 2293; x_wconf 88' lang='grc' dir='ltr'><strong>ΙΙΙ,</strong></span> <span class='ocrx_word' id='word_1_591' title='bbox 1432 2260 1527 2294; x_wconf 60' lang='grc'><strong>16,31</strong></span> <span class='ocrx_word' id='word_1_592' title='bbox 1538 2264 1618 2289; x_wconf 78' lang='lat' dir='ltr'>extr.</span> 
     </span>
     <span class='ocr_line' id='line_1_98' title="bbox 910 2298 1617 2338; baseline -0.003 -9"><span class='ocrx_word' id='word_1_593' title='bbox 910 2301 993 2329; x_wconf 62' lang='lat' dir='ltr'>-1-At</span> <span class='ocrx_word' id='word_1_594' title='bbox 1008 2300 1037 2328; x_wconf 90' lang='lat' dir='ltr'>in</span> <span class='ocrx_word' id='word_1_595' title='bbox 1055 2298 1190 2338; x_wconf 86' lang='lat' dir='ltr'>apodosi,</span> <span class='ocrx_word' id='word_1_596' title='bbox 1203 2302 1236 2327; x_wconf 84' lang='lat' dir='ltr'>ut</span> <span class='ocrx_word' id='word_1_597' title='bbox 1250 2308 1343 2337; x_wconf 87' lang='lat' dir='ltr'>supra</span> <span class='ocrx_word' id='word_1_598' title='bbox 1357 2298 1531 2336; x_wconf 81' lang='lat' dir='ltr'>aliquoties,</span> <span class='ocrx_word' id='word_1_599' title='bbox 1545 2300 1617 2333; x_wconf 75' lang='grc' dir='ltr'>εἶτα,</span> 
     </span>
     <span class='ocr_line' id='line_1_99' title="bbox 909 2337 1618 2375; baseline -0.003 -8"><span class='ocrx_word' id='word_1_600' title='bbox 909 2343 999 2374; x_wconf 71' lang='grc' dir='ltr'>ἀλλὰ,</span> <span class='ocrx_word' id='word_1_601' title='bbox 1015 2342 1138 2373; x_wconf 65' lang='grc' dir='ltr'>ἁλλάγε,</span> <span class='ocrx_word' id='word_1_602' title='bbox 1152 2338 1390 2366; x_wconf 53' lang='lat' dir='ltr'>meamea—&#39;243</span> <span class='ocrx_word' id='word_1_603' title='bbox 1410 2338 1526 2375; x_wconf 69' lang='lat' dir='ltr'>ivatus</span> <span class='ocrx_word' id='word_1_604' title='bbox 1540 2337 1618 2367; x_wconf 83' lang='lat' dir='ltr'>Stel-</span> 
     </span>
     <span class='ocr_line' id='line_1_100' title="bbox 910 2376 1620 2415; baseline -0.003 -9"><span class='ocrx_word' id='word_1_605' title='bbox 910 2378 959 2412; x_wconf 82' lang='lat' dir='ltr'>lio,</span> <span class='ocrx_word' id='word_1_606' title='bbox 976 2388 1033 2406; x_wconf 91' lang='lat' dir='ltr'>non</span> <span class='ocrx_word' id='word_1_607' title='bbox 1049 2378 1241 2410; x_wconf 83' lang='lat' dir='ltr'>observatus,</span> <span class='ocrx_word' id='word_1_608' title='bbox 1263 2376 1380 2405; x_wconf 88' lang='lat' dir='ltr'>occulte</span> <span class='ocrx_word' id='word_1_609' title='bbox 1396 2377 1620 2415; x_wconf 81' lang='lat' dir='ltr'>adrepens.-—et</span> 
     </span>
     <span class='ocr_line' id='line_1_101' title="bbox 909 2414 1619 2454; baseline 0 -10"><span class='ocrx_word' id='word_1_610' title='bbox 909 2416 1008 2445; x_wconf 76' lang='lat' dir='ltr'>blattis</span> <span class='ocrx_word' id='word_1_611' title='bbox 1021 2420 1155 2454; x_wconf 41' lang='lat' dir='ltr'>con-qesta</span> <span class='ocrx_word' id='word_1_612' title='bbox 1167 2414 1283 2450; x_wconf 69' lang='lat' dir='ltr'>cubilia,</span> <span class='ocrx_word' id='word_1_613' title='bbox 1297 2415 1326 2443; x_wconf 88' lang='lat' dir='ltr'>h.</span> <span class='ocrx_word' id='word_1_614' title='bbox 1336 2415 1453 2450; x_wconf 82' lang='lat' dir='ltr'>blattae,</span> <span class='ocrx_word' id='word_1_615' title='bbox 1469 2415 1619 2444; x_wconf 85' lang='lat' dir='ltr'>cubilibus</span> 
     </span>
     <span class='ocr_line' id='line_1_102' title="bbox 911 2454 1620 2492; baseline -0.001 -8"><span class='ocrx_word' id='word_1_616' title='bbox 911 2465 957 2488; x_wconf 87' lang='lat' dir='ltr'>eo,</span> <span class='ocrx_word' id='word_1_617' title='bbox 979 2455 1008 2484; x_wconf 92' lang='lat' dir='ltr'>in</span> <span class='ocrx_word' id='word_1_618' title='bbox 1035 2455 1121 2483; x_wconf 81' lang='lat' dir='ltr'>favos</span> <span class='ocrx_word' id='word_1_619' title='bbox 1149 2463 1273 2488; x_wconf 86' lang='lat' dir='ltr'>vacuos,</span> <span class='ocrx_word' id='word_1_620' title='bbox 1300 2454 1462 2492; x_wconf 80' lang='lat' dir='ltr'>congestis,</span> <span class='ocrx_word' id='word_1_621' title='bbox 1488 2455 1620 2484; x_wconf 84' lang='lat' dir='ltr'>adedunt</span> 
     </span>
     <span class='ocr_line' id='line_1_103' title="bbox 911 2492 1618 2531; baseline 0 -9"><span class='ocrx_word' id='word_1_622' title='bbox 911 2492 1192 2531; x_wconf 56' lang='lat' dir='ltr'>savos—lucisuqis,</span> <span class='ocrx_word' id='word_1_623' title='bbox 1207 2503 1262 2531; x_wconf 90' lang='lat' dir='ltr'>per</span> <span class='ocrx_word' id='word_1_624' title='bbox 1283 2496 1402 2521; x_wconf 88' lang='lat' dir='ltr'>noctem</span> <span class='ocrx_word' id='word_1_625' title='bbox 1422 2494 1618 2531; x_wconf 83' lang='lat' dir='ltr'>vagantibns;</span> 
     </span>
     <span class='ocr_line' id='line_1_104' title="bbox 911 2531 1620 2569; baseline -0.004 -7"><span class='ocrx_word' id='word_1_626' title='bbox 911 2537 945 2562; x_wconf 89' lang='lat' dir='ltr'>ut</span> <span class='ocrx_word' id='word_1_627' title='bbox 965 2532 1090 2561; x_wconf 79' lang='lat' dir='ltr'>Servius</span> <span class='ocrx_word' id='word_1_628' title='bbox 1110 2536 1193 2560; x_wconf 89' lang='lat' dir='ltr'>recte</span> <span class='ocrx_word' id='word_1_629' title='bbox 1213 2531 1355 2569; x_wconf 81' lang='lat' dir='ltr'>explicat.</span> <span class='ocrx_word' id='word_1_630' title='bbox 1376 2531 1420 2561; x_wconf 88' lang='lat' dir='ltr'>H.</span> <span class='ocrx_word' id='word_1_631' title='bbox 1463 2533 1511 2561; x_wconf 92' lang='lat' dir='ltr'>De</span> <span class='ocrx_word' id='word_1_632' title='bbox 1524 2531 1620 2560; x_wconf 66' lang='lat' dir='ltr'>blattis</span> 
     </span>
     <span class='ocr_line' id='line_1_105' title="bbox 912 2570 1620 2609; baseline -0.003 -9"><span class='ocrx_word' id='word_1_633' title='bbox 912 2571 1139 2609; x_wconf 89' lang='lat' dir='ltr'>(cock-roches,</span> <span class='ocrx_word' id='word_1_634' title='bbox 1149 2581 1178 2598; x_wconf 88' lang='lat' dir='ltr'>v.</span> <span class='ocrx_word' id='word_1_635' title='bbox 1191 2570 1326 2608; x_wconf 82' lang='lat' dir='ltr'>beetles)</span> <span class='ocrx_word' id='word_1_636' title='bbox 1337 2570 1415 2599; x_wconf 83' lang='lat' dir='ltr'>inter</span> <span class='ocrx_word' id='word_1_637' title='bbox 1428 2580 1494 2600; x_wconf 90' lang='lat' dir='ltr'>sese</span> <span class='ocrx_word' id='word_1_638' title='bbox 1508 2571 1620 2600; x_wconf 86' lang='lat' dir='ltr'>discre-</span> 
     </span>
     <span class='ocr_line' id='line_1_106' title="bbox 913 2608 1620 2649; baseline -0.004 -10"><span class='ocrx_word' id='word_1_639' title='bbox 913 2614 985 2649; x_wconf 81' lang='lat' dir='ltr'>pant</span> <span class='ocrx_word' id='word_1_640' title='bbox 1008 2610 1103 2648; x_wconf 88' lang='lat' dir='ltr'>intpp.</span> <span class='ocrx_word' id='word_1_641' title='bbox 1128 2608 1163 2638; x_wconf 79' lang='lat' dir='ltr'>S.</span> <span class='ocrx_word' id='word_1_642' title='bbox 1201 2609 1370 2638; x_wconf 76' lang='lat' dir='ltr'>Phalaeruzm</span> <span class='ocrx_word' id='word_1_643' title='bbox 1394 2609 1500 2638; x_wconf 79' lang='lat' dir='ltr'>tineam</span> <span class='ocrx_word' id='word_1_644' title='bbox 1525 2609 1620 2637; x_wconf 79' lang='lat' dir='ltr'>mello-</span> 
     </span>
     <span class='ocr_line' id='line_1_107' title="bbox 911 2647 1621 2678; baseline -0.001 -1"><span class='ocrx_word' id='word_1_645' title='bbox 911 2649 1015 2677; x_wconf 77' lang='lat' dir='ltr'>nellam</span> <span class='ocrx_word' id='word_1_646' title='bbox 1031 2649 1066 2678; x_wconf 88' lang='lat' dir='ltr'>L.</span> <span class='ocrx_word' id='word_1_647' title='bbox 1082 2647 1182 2677; x_wconf 85' lang='lat' dir='ltr'>vocari</span> <span class='ocrx_word' id='word_1_648' title='bbox 1203 2648 1260 2677; x_wconf 83' lang='lat' dir='ltr'>huc</span> <span class='ocrx_word' id='word_1_649' title='bbox 1284 2657 1301 2676; x_wconf 92' lang='lat' dir='ltr'>a</span> <span class='ocrx_word' id='word_1_650' title='bbox 1323 2648 1396 2677; x_wconf 86' lang='lat' dir='ltr'>viris</span> <span class='ocrx_word' id='word_1_651' title='bbox 1411 2648 1509 2677; x_wconf 85' lang='lat' dir='ltr'>doctis</span> <span class='ocrx_word' id='word_1_652' title='bbox 1524 2648 1621 2676; x_wconf 89' lang='lat' dir='ltr'>video.</span> 
     </span>
     <span class='ocr_line' id='line_1_108' title="bbox 912 2686 1620 2724; baseline -0.004 -7"><span class='ocrx_word' id='word_1_653' title='bbox 912 2689 1009 2717; x_wconf 70' lang='lat'>—244</span> <span class='ocrx_word' id='word_1_654' title='bbox 1023 2688 1113 2724; x_wconf 80' lang='lat' dir='ltr'>sucus</span> <span class='ocrx_word' id='word_1_655' title='bbox 1134 2688 1182 2724; x_wconf 90' lang='lat' dir='ltr'>(v.</span> <span class='ocrx_word' id='word_1_656' title='bbox 1196 2687 1233 2716; x_wconf 74' lang='lat' dir='ltr'>ad</span> <span class='ocrx_word' id='word_1_657' title='bbox 1248 2697 1278 2715; x_wconf 88' lang='lat' dir='ltr'>v.</span> <span class='ocrx_word' id='word_1_658' title='bbox 1293 2687 1367 2724; x_wconf 81' lang='lat'>168)</span> <span class='ocrx_word' id='word_1_659' title='bbox 1381 2687 1524 2720; x_wconf 73' lang='lat' dir='ltr'>immunis,</span> <span class='ocrx_word' id='word_1_660' title='bbox 1539 2686 1620 2723; x_wconf 82' lang='lat' dir='ltr'>quod</span> 
     </span>
     <span class='ocr_line' id='line_1_109' title="bbox 912 2724 1622 2766; baseline -0.004 -10"><span class='ocrx_word' id='word_1_661' title='bbox 912 2726 978 2766; x_wconf 76' lang='lat' dir='ltr'>ipse</span> <span class='ocrx_word' id='word_1_662' title='bbox 992 2726 1063 2756; x_wconf 88' lang='lat' dir='ltr'>nihil</span> <span class='ocrx_word' id='word_1_663' title='bbox 1078 2736 1179 2765; x_wconf 77' lang='lat' dir='ltr'>operae</span> <span class='ocrx_word' id='word_1_664' title='bbox 1193 2726 1230 2756; x_wconf 79' lang='lat' dir='ltr'>ad</span> <span class='ocrx_word' id='word_1_665' title='bbox 1245 2725 1428 2756; x_wconf 81' lang='lat' dir='ltr'>mellificium</span> <span class='ocrx_word' id='word_1_666' title='bbox 1444 2725 1570 2754; x_wconf 78' lang='lat' dir='ltr'>confert.</span> <span class='ocrx_word' id='word_1_667' title='bbox 1583 2724 1622 2753; x_wconf 78' lang='lat' dir='ltr'>of.</span> 
     </span>
    </p>
   </div>
  </div>
 </body>
</html>
