<?xml version="1.0" encoding="UTF-8"?>
<!DOCTYPE html PUBLIC "-//W3C//DTD XHTML 1.0 Transitional//EN"
    "http://www.w3.org/TR/xhtml1/DTD/xhtml1-transitional.dtd">
<html xmlns="http://www.w3.org/1999/xhtml" xml:lang="en" lang="en">
 <head>
  <title>
</title>
<meta http-equiv="Content-Type" content="text/html;charset=utf-8" />
  <meta name='ocr-system' content='tesseract 3.04.00' />
  <meta name='ocr-capabilities' content='ocr_page ocr_carea ocr_par ocr_line ocrx_word'/>
</head>
<body>
  <div class='ocr_page' id='page_1' title='image "./operahey00virguoft_0136.png"; bbox 0 0 1796 3077; ppageno 0'>
   <div class='ocr_carea' id='block_1_1' title="bbox 186 174 277 218">
    <p class='ocr_par' dir='ltr' id='par_1_1' title="bbox 186 174 277 218">
     <span class='ocr_line' id='line_1_1' title="bbox 186 174 277 218; baseline -0.011 0"><span class='ocrx_word' id='word_1_1' title='bbox 186 174 277 218; x_wconf 77' lang='lat'>128</span> 
     </span>
    </p>
   </div>
   <div class='ocr_carea' id='block_1_2' title="bbox 600 169 1192 210">
    <p class='ocr_par' dir='ltr' id='par_1_2' title="bbox 600 169 1192 210">
     <span class='ocr_line' id='line_1_2' title="bbox 600 169 1192 210; baseline 0.005 -3"><span class='ocrx_word' id='word_1_2' title='bbox 600 170 643 209; x_wconf 86' lang='lat' dir='ltr'>P.</span> <span class='ocrx_word' id='word_1_3' title='bbox 675 169 909 208; x_wconf 83' lang='lat' dir='ltr'>VIRGILII</span> <span class='ocrx_word' id='word_1_4' title='bbox 941 169 1192 210; x_wconf 87' lang='lat' dir='ltr'>MARONIS</span> 
     </span>
    </p>
   </div>
   <div class='ocr_carea' id='block_1_3' title="bbox 176 289 1642 1145">
    <p class='ocr_par' dir='ltr' id='par_1_3' title="bbox 179 289 1642 744">
     <span class='ocr_line' id='line_1_3' title="bbox 181 289 1092 345; baseline 0.002 -14"><span class='ocrx_word' id='word_1_5' title='bbox 181 289 342 332; x_wconf 84' lang='lat' dir='ltr'>oscilla</span> <span class='ocrx_word' id='word_1_6' title='bbox 361 303 415 332; x_wconf 84' lang='lat' dir='ltr'>ex</span> <span class='ocrx_word' id='word_1_7' title='bbox 431 289 514 332; x_wconf 80' lang='lat' dir='ltr'>alta</span> <span class='ocrx_word' id='word_1_8' title='bbox 532 291 796 345; x_wconf 80' lang='lat' dir='ltr'>suspendunt</span> <span class='ocrx_word' id='word_1_9' title='bbox 815 290 956 332; x_wconf 85' lang='lat' dir='ltr'>mollia</span> <span class='ocrx_word' id='word_1_10' title='bbox 973 292 1092 345; x_wconf 88' lang='lat' dir='ltr'>pinu.</span> 
     </span>
     <span class='ocr_line' id='line_1_4' title="bbox 180 347 1642 402; baseline 0 -13"><span class='ocrx_word' id='word_1_11' title='bbox 180 347 294 389; x_wconf 89' lang='lat' dir='ltr'>Hinc</span> <span class='ocrx_word' id='word_1_12' title='bbox 316 349 448 389; x_wconf 88' lang='lat' dir='ltr'>omnis</span> <span class='ocrx_word' id='word_1_13' title='bbox 465 347 582 402; x_wconf 83' lang='lat' dir='ltr'>largo</span> <span class='ocrx_word' id='word_1_14' title='bbox 599 348 794 402; x_wconf 84' lang='lat' dir='ltr'>pubescit·</span> <span class='ocrx_word' id='word_1_15' title='bbox 810 348 931 388; x_wconf 86' lang='lat' dir='ltr'>vinea</span> <span class='ocrx_word' id='word_1_16' title='bbox 952 348 1065 399; x_wconf 83' lang='lat' dir='ltr'>fetu3</span> <span class='ocrx_word' id='word_1_17' title='bbox 1555 350 1642 389; x_wconf 73' lang='lat'>090</span> 
     </span>
     <span class='ocr_line' id='line_1_5' title="bbox 180 403 1280 460; baseline 0.002 -15"><span class='ocrx_word' id='word_1_18' title='bbox 180 404 456 460; x_wconf 89' lang='lat' dir='ltr'>Complentur</span> <span class='ocrx_word' id='word_1_19' title='bbox 472 405 682 458; x_wconf 85' lang='lat' dir='ltr'>vallesque</span> <span class='ocrx_word' id='word_1_20' title='bbox 699 419 812 445; x_wconf 86' lang='lat' dir='ltr'>cavae</span> <span class='ocrx_word' id='word_1_21' title='bbox 832 403 1048 460; x_wconf 80' lang='lat' dir='ltr'>saltusque</span> <span class='ocrx_word' id='word_1_22' title='bbox 1065 405 1280 460; x_wconf 87' lang='lat' dir='ltr'>profundi,</span> 
     </span>
     <span class='ocr_line' id='line_1_6' title="bbox 179 461 1328 517; baseline 0.003 -15"><span class='ocrx_word' id='word_1_23' title='bbox 179 461 239 503; x_wconf 85' lang='lat' dir='ltr'>Et</span> <span class='ocrx_word' id='word_1_24' title='bbox 255 476 520 517; x_wconf 86' lang='lat' dir='ltr'>quocumque</span> <span class='ocrx_word' id='word_1_25' title='bbox 537 461 642 502; x_wconf 89' lang='lat' dir='ltr'>deus</span> <span class='ocrx_word' id='word_1_26' title='bbox 659 462 816 503; x_wconf 86' lang='lat' dir='ltr'>circum</span> <span class='ocrx_word' id='word_1_27' title='bbox 836 469 965 516; x_wconf 82' lang='lat' dir='ltr'>caput</span> <span class='ocrx_word' id='word_1_28' title='bbox 986 464 1073 517; x_wconf 80' lang='lat' dir='ltr'>egit</span> <span class='ocrx_word' id='word_1_29' title='bbox 1089 463 1328 506; x_wconf 81' lang='lat' dir='ltr'>honestum.</span> 
     </span>
     <span class='ocr_line' id='line_1_7' title="bbox 179 517 1158 575; baseline 0.001 -15"><span class='ocrx_word' id='word_1_30' title='bbox 179 519 300 575; x_wconf 84' lang='lat' dir='ltr'>Ergo</span> <span class='ocrx_word' id='word_1_31' title='bbox 321 520 399 559; x_wconf 84' lang='lat' dir='ltr'>rite</span> <span class='ocrx_word' id='word_1_32' title='bbox 416 533 537 559; x_wconf 89' lang='lat' dir='ltr'>suum</span> <span class='ocrx_word' id='word_1_33' title='bbox 553 517 728 559; x_wconf 81' lang='lat' dir='ltr'>Baccho</span> <span class='ocrx_word' id='word_1_34' title='bbox 749 519 936 561; x_wconf 80' lang='lat' dir='ltr'>dicemus</span> <span class='ocrx_word' id='word_1_35' title='bbox 951 519 1158 562; x_wconf 83' lang='lat' dir='ltr'>honorem</span> 
     </span>
     <span class='ocr_line' id='line_1_8' title="bbox 180 575 1251 630; baseline 0.002 -13"><span class='ocrx_word' id='word_1_36' title='bbox 180 576 444 617; x_wconf 84' lang='lat' dir='ltr'>Carminibus</span> <span class='ocrx_word' id='word_1_37' title='bbox 461 576 620 630; x_wconf 80' lang='lat' dir='ltr'>patriis,</span> <span class='ocrx_word' id='word_1_38' title='bbox 651 575 880 630; x_wconf 84' lang='lat' dir='ltr'>lancesque</span> <span class='ocrx_word' id='word_1_39' title='bbox 897 583 939 617; x_wconf 82' lang='lat' dir='ltr'>et</span> <span class='ocrx_word' id='word_1_40' title='bbox 954 576 1039 617; x_wconf 79' lang='lat' dir='ltr'>liba</span> <span class='ocrx_word' id='word_1_41' title='bbox 1056 577 1251 630; x_wconf 77' lang='lat' dir='ltr'>feremus,</span> 
     </span>
     <span class='ocr_line' id='line_1_9' title="bbox 180 633 1642 684; baseline 0.001 -10"><span class='ocrx_word' id='word_1_42' title='bbox 180 633 239 673; x_wconf 85' lang='lat' dir='ltr'>Et</span> <span class='ocrx_word' id='word_1_43' title='bbox 256 633 407 674; x_wconf 86' lang='lat' dir='ltr'>ductus</span> <span class='ocrx_word' id='word_1_44' title='bbox 427 647 559 673; x_wconf 85' lang='lat' dir='ltr'>cornu</span> <span class='ocrx_word' id='word_1_45' title='bbox 580 633 706 673; x_wconf 82' lang='lat' dir='ltr'>stabit·</span> <span class='ocrx_word' id='word_1_46' title='bbox 728 648 846 674; x_wconf 86' lang='lat' dir='ltr'>sacer</span> <span class='ocrx_word' id='word_1_47' title='bbox 866 633 1009 674; x_wconf 85' lang='lat' dir='ltr'>hircus</span> <span class='ocrx_word' id='word_1_48' title='bbox 1031 634 1086 674; x_wconf 88' lang='lat' dir='ltr'>ad</span> <span class='ocrx_word' id='word_1_49' title='bbox 1107 649 1235 684; x_wconf 82' lang='lat' dir='ltr'>aram,</span> <span class='ocrx_word' id='word_1_50' title='bbox 1557 635 1642 677; x_wconf 80' lang='grc'>395</span> 
     </span>
     <span class='ocr_line' id='line_1_10' title="bbox 179 689 1305 744; baseline 0.004 -15"><span class='ocrx_word' id='word_1_51' title='bbox 179 689 443 744; x_wconf 78' lang='lat' dir='ltr'>Pinguiaque</span> <span class='ocrx_word' id='word_1_52' title='bbox 462 690 504 729; x_wconf 94' lang='lat' dir='ltr'>in</span> <span class='ocrx_word' id='word_1_53' title='bbox 525 690 694 730; x_wconf 84' lang='lat' dir='ltr'>veribus</span> <span class='ocrx_word' id='word_1_54' title='bbox 715 690 966 731; x_wconf 75' lang='lat' dir='ltr'>torrebimus</span> <span class='ocrx_word' id='word_1_55' title='bbox 988 699 1088 732; x_wconf 80' lang='lat' dir='ltr'>exta</span> <span class='ocrx_word' id='word_1_56' title='bbox 1108 692 1305 734; x_wconf 86' lang='lat' dir='ltr'>colurnis.</span> 
     </span>
    </p>

    <p class='ocr_par' dir='ltr' id='par_1_4' title="bbox 176 746 1639 1145">
     <span class='ocr_line' id='line_1_11' title="bbox 235 746 1224 799; baseline 0.004 -13"><span class='ocrx_word' id='word_1_57' title='bbox 235 746 317 787; x_wconf 80' lang='lat' dir='ltr'>Est</span> <span class='ocrx_word' id='word_1_58' title='bbox 337 747 462 787; x_wconf 79' lang='lat' dir='ltr'>etiam</span> <span class='ocrx_word' id='word_1_59' title='bbox 483 746 550 788; x_wconf 90' lang='lat' dir='ltr'>ille</span> <span class='ocrx_word' id='word_1_60' title='bbox 572 746 692 788; x_wconf 84' lang='lat' dir='ltr'>labor</span> <span class='ocrx_word' id='word_1_61' title='bbox 712 747 908 788; x_wconf 83' lang='lat' dir='ltr'>curandis</span> <span class='ocrx_word' id='word_1_62' title='bbox 929 748 1084 789; x_wconf 76' lang='lat' dir='ltr'>vitibus</span> <span class='ocrx_word' id='word_1_63' title='bbox 1105 749 1224 799; x_wconf 84' lang='lat' dir='ltr'>alter,</span> 
     </span>
     <span class='ocr_line' id='line_1_12' title="bbox 179 803 1540 860; baseline 0.004 -17"><span class='ocrx_word' id='word_1_64' title='bbox 179 803 259 844; x_wconf 84' lang='lat' dir='ltr'>Cui</span> <span class='ocrx_word' id='word_1_65' title='bbox 278 818 491 858; x_wconf 89' lang='lat' dir='ltr'>nunquam</span> <span class='ocrx_word' id='word_1_66' title='bbox 513 804 710 845; x_wconf 79' lang='lat' dir='ltr'>exhausti</span> <span class='ocrx_word' id='word_1_67' title='bbox 732 806 831 845; x_wconf 82' lang='lat' dir='ltr'>satis</span> <span class='ocrx_word' id='word_1_68' title='bbox 852 811 939 854; x_wconf 85' lang='lat' dir='ltr'>est3</span> <span class='ocrx_word' id='word_1_69' title='bbox 972 819 1151 860; x_wconf 81' lang='lat' dir='ltr'>namque</span> <span class='ocrx_word' id='word_1_70' title='bbox 1174 821 1295 847; x_wconf 86' lang='lat' dir='ltr'>omne</span> <span class='ocrx_word' id='word_1_71' title='bbox 1316 807 1540 860; x_wconf 74' lang='lat' dir='ltr'>quotannis</span> 
     </span>
     <span class='ocr_line' id='line_1_13' title="bbox 178 860 1462 917; baseline 0.003 -16"><span class='ocrx_word' id='word_1_72' title='bbox 178 860 352 915; x_wconf 83' lang='lat' dir='ltr'>Terque</span> <span class='ocrx_word' id='word_1_73' title='bbox 373 869 607 915; x_wconf 83' lang='lat' dir='ltr'>quaterque</span> <span class='ocrx_word' id='word_1_74' title='bbox 626 861 760 902; x_wconf 84' lang='lat' dir='ltr'>solum</span> <span class='ocrx_word' id='word_1_75' title='bbox 781 861 1070 912; x_wconf 85' lang='lat' dir='ltr'>scindendum,</span> <span class='ocrx_word' id='word_1_76' title='bbox 1102 863 1311 917; x_wconf 77' lang='lat' dir='ltr'>glebaque</span> <span class='ocrx_word' id='word_1_77' title='bbox 1333 865 1462 905; x_wconf 84' lang='lat' dir='ltr'>versis</span> 
     </span>
     <span class='ocr_line' id='line_1_14' title="bbox 176 917 1639 972; baseline 0.001 -14"><span class='ocrx_word' id='word_1_78' title='bbox 176 917 406 959; x_wconf 71' lang='lat' dir='ltr'>fEternum</span> <span class='ocrx_word' id='word_1_79' title='bbox 425 917 659 972; x_wconf 79' lang='lat' dir='ltr'>frangenda</span> <span class='ocrx_word' id='word_1_80' title='bbox 677 919 944 968; x_wconf 83' lang='lat' dir='ltr'>bidentibus3</span> <span class='ocrx_word' id='word_1_81' title='bbox 978 934 1099 960; x_wconf 88' lang='lat' dir='ltr'>omne</span> <span class='ocrx_word' id='word_1_82' title='bbox 1119 920 1345 961; x_wconf 84' lang='lat' dir='ltr'>levandum</span> <span class='ocrx_word' id='word_1_83' title='bbox 1553 921 1639 962; x_wconf 82' lang='lat'>400</span> 
     </span>
     <span class='ocr_line' id='line_1_15' title="bbox 178 973 1417 1029; baseline 0.002 -14"><span class='ocrx_word' id='word_1_84' title='bbox 178 973 349 1016; x_wconf 87' lang='lat' dir='ltr'>Fronde</span> <span class='ocrx_word' id='word_1_85' title='bbox 370 989 539 1025; x_wconf 87' lang='lat' dir='ltr'>nemus3</span> <span class='ocrx_word' id='word_1_86' title='bbox 572 976 682 1016; x_wconf 86' lang='lat' dir='ltr'>redit</span> <span class='ocrx_word' id='word_1_87' title='bbox 703 975 896 1029; x_wconf 78' lang='lat' dir='ltr'>agricolis</span> <span class='ocrx_word' id='word_1_88' title='bbox 916 974 1035 1016; x_wconf 86' lang='lat' dir='ltr'>labor</span> <span class='ocrx_word' id='word_1_89' title='bbox 1055 984 1174 1017; x_wconf 82' lang='lat' dir='ltr'>actus</span> <span class='ocrx_word' id='word_1_90' title='bbox 1195 978 1237 1017; x_wconf 86' lang='lat' dir='ltr'>in</span> <span class='ocrx_word' id='word_1_91' title='bbox 1259 979 1417 1027; x_wconf 83' lang='lat' dir='ltr'>orbem,</span> 
     </span>
     <span class='ocr_line' id='line_1_16' title="bbox 177 1031 1207 1087; baseline 0.003 -15"><span class='ocrx_word' id='word_1_92' title='bbox 177 1031 326 1086; x_wconf 86' lang='lat' dir='ltr'>Atque</span> <span class='ocrx_word' id='word_1_93' title='bbox 348 1032 390 1072; x_wconf 88' lang='lat' dir='ltr'>in</span> <span class='ocrx_word' id='word_1_94' title='bbox 410 1047 453 1073; x_wconf 91' lang='lat' dir='ltr'>se</span> <span class='ocrx_word' id='word_1_95' title='bbox 476 1047 550 1073; x_wconf 85' lang='lat' dir='ltr'>sua</span> <span class='ocrx_word' id='word_1_96' title='bbox 572 1047 648 1087; x_wconf 86' lang='lat' dir='ltr'>per</span> <span class='ocrx_word' id='word_1_97' title='bbox 668 1032 845 1086; x_wconf 82' lang='lat' dir='ltr'>vestigia</span> <span class='ocrx_word' id='word_1_98' title='bbox 863 1031 1042 1073; x_wconf 79' lang='lat' dir='ltr'>volvitur</span> <span class='ocrx_word' id='word_1_99' title='bbox 1060 1048 1207 1075; x_wconf 85' lang='lat' dir='ltr'>annus.</span> 
     </span>
     <span class='ocr_line' id='line_1_17' title="bbox 176 1087 1275 1145; baseline 0.003 -15"><span class='ocrx_word' id='word_1_100' title='bbox 176 1087 243 1130; x_wconf 89' lang='lat' dir='ltr'>Ac</span> <span class='ocrx_word' id='word_1_101' title='bbox 258 1090 348 1144; x_wconf 80' lang='lat' dir='ltr'>jam</span> <span class='ocrx_word' id='word_1_102' title='bbox 364 1088 474 1139; x_wconf 87' lang='lat' dir='ltr'>olim,</span> <span class='ocrx_word' id='word_1_103' title='bbox 507 1104 619 1131; x_wconf 83' lang='lat' dir='ltr'>seras</span> <span class='ocrx_word' id='word_1_104' title='bbox 639 1090 782 1145; x_wconf 84' lang='lat' dir='ltr'>posuit</span> <span class='ocrx_word' id='word_1_105' title='bbox 802 1104 932 1144; x_wconf 87' lang='lat' dir='ltr'>quum</span> <span class='ocrx_word' id='word_1_106' title='bbox 947 1090 1069 1131; x_wconf 79' lang='lat' dir='ltr'>vinea</span> <span class='ocrx_word' id='word_1_107' title='bbox 1091 1091 1275 1141; x_wconf 79' lang='lat' dir='ltr'>frondes,</span> 
     </span>
    </p>
   </div>
   <div class='ocr_carea' id='block_1_4' title="bbox 172 1201 895 2626">
    <p class='ocr_par' dir='ltr' id='par_1_5' title="bbox 172 1201 895 2626">
     <span class='ocr_line' id='line_1_18' title="bbox 176 1201 891 1240; baseline 0.001 -11"><span class='ocrx_word' id='word_1_108' title='bbox 176 1201 340 1231; x_wconf 75' lang='lat' dir='ltr'>corticibus</span> <span class='ocrx_word' id='word_1_109' title='bbox 350 1201 453 1236; x_wconf 79' lang='lat' dir='ltr'>saetas,</span> <span class='ocrx_word' id='word_1_110' title='bbox 464 1201 566 1240; x_wconf 86' lang='lat' dir='ltr'>quales</span> <span class='ocrx_word' id='word_1_111' title='bbox 576 1201 738 1231; x_wconf 80' lang='lat' dir='ltr'>etiamnum</span> <span class='ocrx_word' id='word_1_112' title='bbox 747 1202 776 1231; x_wconf 87' lang='lat' dir='ltr'>in</span> <span class='ocrx_word' id='word_1_113' title='bbox 787 1210 891 1231; x_wconf 88' lang='lat' dir='ltr'>monu-</span> 
     </span>
     <span class='ocr_line' id='line_1_19' title="bbox 177 1240 890 1279; baseline 0.001 -11"><span class='ocrx_word' id='word_1_114' title='bbox 177 1240 284 1269; x_wconf 81' lang='lat' dir='ltr'>mentis</span> <span class='ocrx_word' id='word_1_115' title='bbox 306 1246 478 1273; x_wconf 82' lang='lat' dir='ltr'>occurrunt,</span> <span class='ocrx_word' id='word_1_116' title='bbox 500 1251 538 1270; x_wconf 86' lang='lat' dir='ltr'>ex</span> <span class='ocrx_word' id='word_1_117' title='bbox 554 1242 709 1270; x_wconf 83' lang='lat' dir='ltr'>arboribus</span> <span class='ocrx_word' id='word_1_118' title='bbox 725 1242 890 1279; x_wconf 80' lang='lat' dir='ltr'>suspende—</span> 
     </span>
     <span class='ocr_line' id='line_1_20' title="bbox 177 1279 890 1318; baseline 0.001 -11"><span class='ocrx_word' id='word_1_119' title='bbox 177 1279 266 1310; x_wconf 77' lang='lat' dir='ltr'>bant:</span> <span class='ocrx_word' id='word_1_120' title='bbox 289 1289 323 1308; x_wconf 90' lang='lat' dir='ltr'>ea</span> <span class='ocrx_word' id='word_1_121' title='bbox 336 1279 365 1308; x_wconf 92' lang='lat' dir='ltr'>h.</span> <span class='ocrx_word' id='word_1_122' title='bbox 387 1279 407 1308; x_wconf 91' lang='lat' dir='ltr'>l.</span> <span class='ocrx_word' id='word_1_123' title='bbox 422 1279 530 1314; x_wconf 81' lang='lat' dir='ltr'>mollia,</span> <span class='ocrx_word' id='word_1_124' title='bbox 552 1279 580 1308; x_wconf 87' lang='lat' dir='ltr'>h.</span> <span class='ocrx_word' id='word_1_125' title='bbox 600 1280 734 1311; x_wconf 83' lang='lat' dir='ltr'>mobilia,</span> <span class='ocrx_word' id='word_1_126' title='bbox 751 1280 890 1318; x_wconf 85' lang='lat' dir='ltr'>pendula.</span> 
     </span>
     <span class='ocr_line' id='line_1_21' title="bbox 177 1317 891 1356; baseline 0.003 -11"><span class='ocrx_word' id='word_1_127' title='bbox 177 1317 333 1356; x_wconf 77' lang='lat' dir='ltr'>Originem</span> <span class='ocrx_word' id='word_1_128' title='bbox 360 1322 391 1346; x_wconf 82' lang='lat' dir='ltr'>et</span> <span class='ocrx_word' id='word_1_129' title='bbox 417 1328 552 1347; x_wconf 88' lang='lat' dir='ltr'>caussam</span> <span class='ocrx_word' id='word_1_130' title='bbox 583 1318 671 1356; x_wconf 87' lang='lat' dir='ltr'>hujus</span> <span class='ocrx_word' id='word_1_131' title='bbox 696 1319 772 1347; x_wconf 84' lang='lat' dir='ltr'>ritus</span> <span class='ocrx_word' id='word_1_132' title='bbox 802 1319 830 1347; x_wconf 92' lang='lat' dir='ltr'>in</span> <span class='ocrx_word' id='word_1_133' title='bbox 857 1328 891 1347; x_wconf 81' lang='lat' dir='ltr'>eo</span> 
     </span>
     <span class='ocr_line' id='line_1_22' title="bbox 176 1356 887 1400; baseline 0.004 -17"><span class='ocrx_word' id='word_1_134' title='bbox 176 1356 338 1393; x_wconf 75' lang='lat' dir='ltr'>reperiunt,</span> <span class='ocrx_word' id='word_1_135' title='bbox 372 1358 449 1400; x_wconf 84' lang='lat' dir='ltr'>quod</span> <span class='ocrx_word' id='word_1_136' title='bbox 478 1357 590 1386; x_wconf 81' lang='lat' dir='ltr'>Bacchi</span> <span class='ocrx_word' id='word_1_137' title='bbox 614 1358 715 1386; x_wconf 82' lang='lat' dir='ltr'>vultus</span> <span class='ocrx_word' id='word_1_138' title='bbox 741 1367 887 1396; x_wconf 83' lang='lat' dir='ltr'>appensos</span> 
     </span>
     <span class='ocr_line' id='line_1_23' title="bbox 175 1394 887 1434; baseline 0.004 -12"><span class='ocrx_word' id='word_1_139' title='bbox 175 1399 264 1423; x_wconf 83' lang='lat' dir='ltr'>vento</span> <span class='ocrx_word' id='word_1_140' title='bbox 280 1394 392 1434; x_wconf 82' lang='lat' dir='ltr'>impelh</span> <span class='ocrx_word' id='word_1_141' title='bbox 408 1404 634 1434; x_wconf 83' lang='lat' dir='ltr'>quaquaversus</span> <span class='ocrx_word' id='word_1_142' title='bbox 650 1401 679 1425; x_wconf 90' lang='lat' dir='ltr'>et</span> <span class='ocrx_word' id='word_1_143' title='bbox 691 1397 823 1425; x_wconf 78' lang='lat' dir='ltr'>converti</span> <span class='ocrx_word' id='word_1_144' title='bbox 835 1407 887 1425; x_wconf 74' lang='lat' dir='ltr'>vo-</span> 
     </span>
     <span class='ocr_line' id='line_1_24' title="bbox 175 1433 887 1473; baseline 0.006 -13"><span class='ocrx_word' id='word_1_145' title='bbox 175 1433 277 1462; x_wconf 85' lang='lat' dir='ltr'>lebant</span> <span class='ocrx_word' id='word_1_146' title='bbox 302 1434 453 1472; x_wconf 75' lang='lat' dir='ltr'>agricolae,</span> <span class='ocrx_word' id='word_1_147' title='bbox 477 1435 624 1473; x_wconf 84' lang='lat' dir='ltr'>quoniam,</span> <span class='ocrx_word' id='word_1_148' title='bbox 654 1445 712 1473; x_wconf 88' lang='lat' dir='ltr'>quo</span> <span class='ocrx_word' id='word_1_149' title='bbox 738 1435 787 1464; x_wconf 86' lang='lat' dir='ltr'>ille</span> <span class='ocrx_word' id='word_1_150' title='bbox 814 1435 887 1464; x_wconf 75' lang='lat' dir='ltr'>deus</span> 
     </span>
     <span class='ocr_line' id='line_1_25' title="bbox 174 1472 889 1512; baseline 0.006 -13"><span class='ocrx_word' id='word_1_151' title='bbox 174 1472 283 1500; x_wconf 86' lang='lat' dir='ltr'>faciem</span> <span class='ocrx_word' id='word_1_152' title='bbox 307 1474 513 1507; x_wconf 75' lang='lat' dir='ltr'>convertisset,</span> <span class='ocrx_word' id='word_1_153' title='bbox 541 1483 656 1502; x_wconf 86' lang='lat' dir='ltr'>summa</span> <span class='ocrx_word' id='word_1_154' title='bbox 681 1473 743 1512; x_wconf 77' lang='lat' dir='ltr'>agri</span> <span class='ocrx_word' id='word_1_155' title='bbox 770 1475 889 1503; x_wconf 87' lang='lat' dir='ltr'>ubertas</span> 
     </span>
     <span class='ocr_line' id='line_1_26' title="bbox 177 1511 889 1548; baseline 0.003 -9"><span class='ocrx_word' id='word_1_156' title='bbox 177 1511 262 1548; x_wconf 81' lang='lat' dir='ltr'>sequi</span> <span class='ocrx_word' id='word_1_157' title='bbox 289 1512 478 1540; x_wconf 76' lang='lat' dir='ltr'>credebatur.</span> <span class='ocrx_word' id='word_1_158' title='bbox 506 1512 543 1540; x_wconf 86' lang='lat' dir='ltr'>cf.</span> <span class='ocrx_word' id='word_1_159' title='bbox 573 1522 601 1540; x_wconf 84' lang='lat' dir='ltr'>v.</span> <span class='ocrx_word' id='word_1_160' title='bbox 630 1513 798 1541; x_wconf 76' lang='lat'>39·2.—-300</span> <span class='ocrx_word' id='word_1_161' title='bbox 826 1513 889 1541; x_wconf 81' lang='lat' dir='ltr'>Ex·</span> 
     </span>
     <span class='ocr_line' id='line_1_27' title="bbox 176 1550 890 1588; baseline 0.001 -10"><span class='ocrx_word' id='word_1_162' title='bbox 176 1554 278 1578; x_wconf 84' lang='lat' dir='ltr'>oratus</span> <span class='ocrx_word' id='word_1_163' title='bbox 292 1554 322 1579; x_wconf 83' lang='lat' dir='ltr'>et</span> <span class='ocrx_word' id='word_1_164' title='bbox 335 1550 470 1588; x_wconf 83' lang='lat' dir='ltr'>placatus</span> <span class='ocrx_word' id='word_1_165' title='bbox 483 1550 528 1579; x_wconf 83' lang='lat' dir='ltr'>his</span> <span class='ocrx_word' id='word_1_166' title='bbox 542 1550 635 1579; x_wconf 79' lang='lat' dir='ltr'>sacris</span> <span class='ocrx_word' id='word_1_167' title='bbox 653 1560 686 1579; x_wconf 86' lang='lat' dir='ltr'>ac</span> <span class='ocrx_word' id='word_1_168' title='bbox 707 1552 792 1579; x_wconf 79' lang='lat' dir='ltr'>sestis</span> <span class='ocrx_word' id='word_1_169' title='bbox 815 1551 890 1580; x_wconf 59' lang='lat' dir='ltr'>deus</span> 
     </span>
     <span class='ocr_line' id='line_1_28' title="bbox 177 1590 890 1619; baseline 0.003 -3"><span class='ocrx_word' id='word_1_170' title='bbox 177 1598 322 1617; x_wconf 83' lang='lat' dir='ltr'>summam</span> <span class='ocrx_word' id='word_1_171' title='bbox 342 1590 498 1618; x_wconf 70' lang='lat' dir='ltr'>vindemiae</span> <span class='ocrx_word' id='word_1_172' title='bbox 512 1590 676 1618; x_wconf 85' lang='lat' dir='ltr'>ubertatem</span> <span class='ocrx_word' id='word_1_173' title='bbox 688 1590 767 1618; x_wconf 82' lang='lat' dir='ltr'>votis</span> <span class='ocrx_word' id='word_1_174' title='bbox 780 1590 890 1619; x_wconf 87' lang='lat' dir='ltr'>reddit.</span> 
     </span>
     <span class='ocr_line' id='line_1_29' title="bbox 175 1627 888 1665; baseline 0.006 -11"><span class='ocrx_word' id='word_1_175' title='bbox 175 1627 297 1655; x_wconf 59' lang='lat' dir='ltr'>—virzea</span> <span class='ocrx_word' id='word_1_176' title='bbox 314 1628 455 1665; x_wconf 73' lang='lat' dir='ltr'>pubescit,</span> <span class='ocrx_word' id='word_1_177' title='bbox 477 1628 550 1656; x_wconf 87' lang='lat' dir='ltr'>satis</span> <span class='ocrx_word' id='word_1_178' title='bbox 574 1628 665 1657; x_wconf 87' lang='lat' dir='ltr'>obvia</span> <span class='ocrx_word' id='word_1_179' title='bbox 685 1629 888 1663; x_wconf 80' lang='lat' dir='ltr'>translatione,</span> 
     </span>
     <span class='ocr_line' id='line_1_30' title="bbox 177 1665 891 1704; baseline 0.003 -10"><span class='ocrx_word' id='word_1_180' title='bbox 177 1665 256 1694; x_wconf 81' lang='lat' dir='ltr'>vites</span> <span class='ocrx_word' id='word_1_181' title='bbox 278 1667 453 1701; x_wconf 82' lang='lat' dir='ltr'>exuberant,</span> <span class='ocrx_word' id='word_1_182' title='bbox 475 1667 556 1704; x_wconf 64' lang='lat' dir='ltr'>larqo</span> <span class='ocrx_word' id='word_1_183' title='bbox 571 1668 648 1703; x_wconf 79' lang='lat' dir='ltr'>fetu,</span> <span class='ocrx_word' id='word_1_184' title='bbox 674 1667 744 1695; x_wconf 72' lang='lat' dir='ltr'>laeto</span> <span class='ocrx_word' id='word_1_185' title='bbox 765 1678 891 1696; x_wconf 82' lang='lat' dir='ltr'>uvarum</span> 
     </span>
     <span class='ocr_line' id='line_1_31' title="bbox 176 1705 891 1743; baseline 0.003 -11"><span class='ocrx_word' id='word_1_186' title='bbox 176 1705 462 1741; x_wconf 78' lang='lat' dir='ltr'>proventu.—valles</span> <span class='ocrx_word' id='word_1_187' title='bbox 475 1706 632 1743; x_wconf 78' lang='lat' dir='ltr'>saltusque,</span> <span class='ocrx_word' id='word_1_188' title='bbox 656 1705 681 1733; x_wconf 88' lang='lat' dir='ltr'>si</span> <span class='ocrx_word' id='word_1_189' title='bbox 695 1705 810 1734; x_wconf 86' lang='lat' dir='ltr'>vitibus</span> <span class='ocrx_word' id='word_1_190' title='bbox 823 1716 891 1734; x_wconf 89' lang='lat' dir='ltr'>con-</span> 
     </span>
     <span class='ocr_line' id='line_1_32' title="bbox 176 1743 894 1782; baseline 0.001 -12"><span class='ocrx_word' id='word_1_191' title='bbox 176 1743 233 1772; x_wconf 81' lang='lat' dir='ltr'>sita</span> <span class='ocrx_word' id='word_1_192' title='bbox 244 1743 319 1778; x_wconf 78' lang='lat' dir='ltr'>loca,</span> <span class='ocrx_word' id='word_1_193' title='bbox 341 1748 373 1772; x_wconf 89' lang='lat' dir='ltr'>ut</span> <span class='ocrx_word' id='word_1_194' title='bbox 387 1744 542 1782; x_wconf 80' lang='lat' dir='ltr'>probabile</span> <span class='ocrx_word' id='word_1_195' title='bbox 565 1744 694 1777; x_wconf 77' lang='lat' dir='ltr'>videtur,</span> <span class='ocrx_word' id='word_1_196' title='bbox 714 1744 763 1772; x_wconf 82' lang='lat' dir='ltr'>hio</span> <span class='ocrx_word' id='word_1_197' title='bbox 784 1744 894 1774; x_wconf 89' lang='lat' dir='ltr'>intelli-</span> 
     </span>
     <span class='ocr_line' id='line_1_33' title="bbox 176 1782 890 1820; baseline 0 -10"><span class='ocrx_word' id='word_1_198' title='bbox 176 1782 272 1817; x_wconf 74' lang='lat' dir='ltr'>genda</span> <span class='ocrx_word' id='word_1_199' title='bbox 287 1786 365 1815; x_wconf 86' lang='lat' dir='ltr'>sunt,</span> <span class='ocrx_word' id='word_1_200' title='bbox 386 1782 550 1820; x_wconf 82' lang='lat' dir='ltr'>improprie</span> <span class='ocrx_word' id='word_1_201' title='bbox 570 1782 708 1810; x_wconf 86' lang='lat' dir='ltr'>dicuntur</span> <span class='ocrx_word' id='word_1_202' title='bbox 726 1785 762 1810; x_wconf 87' lang='lat' dir='ltr'>de</span> <span class='ocrx_word' id='word_1_203' title='bbox 782 1782 890 1816; x_wconf 82' lang='lat' dir='ltr'>vineis,</span> 
     </span>
     <span class='ocr_line' id='line_1_34' title="bbox 176 1817 893 1858; baseline 0.001 -11"><span class='ocrx_word' id='word_1_204' title='bbox 176 1817 206 1847; x_wconf 57' lang='lat' dir='ltr'>i‘n</span> <span class='ocrx_word' id='word_1_205' title='bbox 240 1820 327 1858; x_wconf 88' lang='lat' dir='ltr'>plano</span> <span class='ocrx_word' id='word_1_206' title='bbox 362 1825 391 1849; x_wconf 87' lang='lat' dir='ltr'>et</span> <span class='ocrx_word' id='word_1_207' title='bbox 412 1821 440 1848; x_wconf 90' lang='lat' dir='ltr'>in</span> <span class='ocrx_word' id='word_1_208' title='bbox 472 1820 600 1848; x_wconf 88' lang='lat' dir='ltr'>collibus</span> <span class='ocrx_word' id='word_1_209' title='bbox 635 1821 816 1849; x_wconf 50' lang='lat' dir='ltr'>satis—*392</span> <span class='ocrx_word' id='word_1_210' title='bbox 849 1821 893 1848; x_wconf 84' lang='lat' dir='ltr'>Et</span> 
     </span>
     <span class='ocr_line' id='line_1_35' title="bbox 174 1858 895 1897; baseline 0.001 -11"><span class='ocrx_word' id='word_1_211' title='bbox 174 1868 349 1897; x_wconf 77' lang='lat' dir='ltr'>quocumque</span> <span class='ocrx_word' id='word_1_212' title='bbox 369 1859 447 1891; x_wconf 72' lang='lat' dir='ltr'>deus,</span> <span class='ocrx_word' id='word_1_213' title='bbox 468 1858 684 1896; x_wconf 84' lang='lat' dir='ltr'>pulcherrimus</span> <span class='ocrx_word' id='word_1_214' title='bbox 705 1859 785 1887; x_wconf 88' lang='lat' dir='ltr'>baud</span> <span class='ocrx_word' id='word_1_215' title='bbox 803 1859 895 1888; x_wconf 90' lang='lat' dir='ltr'>dubie</span> 
     </span>
     <span class='ocr_line' id='line_1_36' title="bbox 176 1897 890 1935; baseline 0 -10"><span class='ocrx_word' id='word_1_216' title='bbox 176 1907 292 1925; x_wconf 78' lang='lat' dir='ltr'>versus.</span> <span class='ocrx_word' id='word_1_217' title='bbox 332 1897 416 1926; x_wconf 87' lang='lat' dir='ltr'>Nihil</span> <span class='ocrx_word' id='word_1_218' title='bbox 432 1897 559 1935; x_wconf 79' lang='lat' dir='ltr'>imagine</span> <span class='ocrx_word' id='word_1_219' title='bbox 579 1897 634 1926; x_wconf 87' lang='lat' dir='ltr'>hac</span> <span class='ocrx_word' id='word_1_220' title='bbox 656 1897 798 1931; x_wconf 80' lang='lat' dir='ltr'>vividius,</span> <span class='ocrx_word' id='word_1_221' title='bbox 820 1897 890 1926; x_wconf 85' lang='lat' dir='ltr'>nihil</span> 
     </span>
     <span class='ocr_line' id='line_1_37' title="bbox 172 1935 892 1974; baseline 0.001 -11"><span class='ocrx_word' id='word_1_222' title='bbox 172 1935 346 1973; x_wconf 85' lang='lat' dir='ltr'>jucundius.</span> <span class='ocrx_word' id='word_1_223' title='bbox 396 1936 530 1965; x_wconf 85' lang='lat' dir='ltr'>Petitum</span> <span class='ocrx_word' id='word_1_224' title='bbox 563 1941 662 1965; x_wconf 88' lang='lat' dir='ltr'>autem</span> <span class='ocrx_word' id='word_1_225' title='bbox 696 1946 735 1964; x_wconf 77' lang='lat' dir='ltr'>ex</span> <span class='ocrx_word' id='word_1_226' title='bbox 774 1936 892 1974; x_wconf 81' lang='lat' dir='ltr'>antiqua</span> 
     </span>
     <span class='ocr_line' id='line_1_38' title="bbox 178 1974 892 2013; baseline 0.001 -11"><span class='ocrx_word' id='word_1_227' title='bbox 178 1974 334 2011; x_wconf 66' lang='lat' dir='ltr'>religione,</span> <span class='ocrx_word' id='word_1_228' title='bbox 369 1984 428 2013; x_wconf 90' lang='lat' dir='ltr'>qua</span> <span class='ocrx_word' id='word_1_229' title='bbox 458 1974 617 2012; x_wconf 72' lang='lat' dir='ltr'>praesentia</span> <span class='ocrx_word' id='word_1_230' title='bbox 648 1975 771 2004; x_wconf 83' lang='lat' dir='ltr'>dem-um</span> <span class='ocrx_word' id='word_1_231' title='bbox 802 1975 892 2004; x_wconf 82' lang='lat' dir='ltr'>certis</span> 
     </span>
     <span class='ocr_line' id='line_1_39' title="bbox 178 2012 891 2051; baseline 0.001 -10"><span class='ocrx_word' id='word_1_232' title='bbox 178 2012 252 2041; x_wconf 76' lang='lat' dir='ltr'>locis</span> <span class='ocrx_word' id='word_1_233' title='bbox 283 2023 316 2041; x_wconf 84' lang='lat' dir='ltr'>ac</span> <span class='ocrx_word' id='word_1_234' title='bbox 343 2014 530 2051; x_wconf 83' lang='lat' dir='ltr'>temporibus</span> <span class='ocrx_word' id='word_1_235' title='bbox 564 2013 628 2042; x_wconf 83' lang='lat' dir='ltr'>fieri</span> <span class='ocrx_word' id='word_1_236' title='bbox 658 2014 820 2048; x_wconf 79' lang='lat' dir='ltr'>serebatur,</span> <span class='ocrx_word' id='word_1_237' title='bbox 851 2018 891 2048; x_wconf 84' lang='lat' dir='ltr'>et,</span> 
     </span>
     <span class='ocr_line' id='line_1_40' title="bbox 176 2051 891 2090; baseline 0.004 -12"><span class='ocrx_word' id='word_1_238' title='bbox 176 2051 294 2089; x_wconf 86' lang='lat' dir='ltr'>quando</span> <span class='ocrx_word' id='word_1_239' title='bbox 310 2051 351 2080; x_wconf 86' lang='lat' dir='ltr'>dii</span> <span class='ocrx_word' id='word_1_240' title='bbox 368 2056 552 2090; x_wconf 78' lang='lat' dir='ltr'>apparerent,</span> <span class='ocrx_word' id='word_1_241' title='bbox 573 2051 671 2080; x_wconf 84' lang='lat' dir='ltr'>omnia</span> <span class='ocrx_word' id='word_1_242' title='bbox 685 2052 791 2087; x_wconf 85' lang='lat' dir='ltr'>ridere,</span> <span class='ocrx_word' id='word_1_243' title='bbox 811 2053 891 2081; x_wconf 84' lang='lat' dir='ltr'>fron-</span> 
     </span>
     <span class='ocr_line' id='line_1_41' title="bbox 178 2090 891 2129; baseline 0.003 -11"><span class='ocrx_word' id='word_1_244' title='bbox 178 2090 312 2124; x_wconf 84' lang='lat' dir='ltr'>descere,</span> <span class='ocrx_word' id='word_1_245' title='bbox 343 2090 575 2129; x_wconf 75' lang='lat' dir='ltr'>progerminare,</span> <span class='ocrx_word' id='word_1_246' title='bbox 607 2091 822 2120; x_wconf 84' lang='lat' dir='ltr'>enthusiastica</span> <span class='ocrx_word' id='word_1_247' title='bbox 847 2091 891 2120; x_wconf 89' lang='lat' dir='ltr'>lo-</span> 
     </span>
     <span class='ocr_line' id='line_1_42' title="bbox 177 2129 891 2167; baseline 0.003 -11"><span class='ocrx_word' id='word_1_248' title='bbox 177 2129 286 2167; x_wconf 86' lang='lat' dir='ltr'>quendi</span> <span class='ocrx_word' id='word_1_249' title='bbox 307 2129 399 2157; x_wconf 84' lang='lat' dir='ltr'>forma</span> <span class='ocrx_word' id='word_1_250' title='bbox 419 2130 622 2159; x_wconf 83' lang='lat' dir='ltr'>narrabantur.</span> <span class='ocrx_word' id='word_1_251' title='bbox 662 2130 805 2159; x_wconf 83' lang='lat' dir='ltr'>Perstitit</span> <span class='ocrx_word' id='word_1_252' title='bbox 824 2131 891 2166; x_wconf 83' lang='lat' dir='ltr'>ejus</span> 
     </span>
     <span class='ocr_line' id='line_1_43' title="bbox 176 2167 889 2207; baseline 0.004 -12"><span class='ocrx_word' id='word_1_253' title='bbox 176 2167 279 2196; x_wconf 81' lang='lat' dir='ltr'>formae</span> <span class='ocrx_word' id='word_1_254' title='bbox 302 2177 375 2196; x_wconf 86' lang='lat' dir='ltr'>usus</span> <span class='ocrx_word' id='word_1_255' title='bbox 394 2167 524 2196; x_wconf 78' lang='lat' dir='ltr'>maxime</span> <span class='ocrx_word' id='word_1_256' title='bbox 544 2168 572 2196; x_wconf 90' lang='lat' dir='ltr'>in</span> <span class='ocrx_word' id='word_1_257' title='bbox 590 2168 702 2197; x_wconf 83' lang='lat' dir='ltr'>Bacchi</span> <span class='ocrx_word' id='word_1_258' title='bbox 726 2172 756 2197; x_wconf 85' lang='lat' dir='ltr'>et</span> <span class='ocrx_word' id='word_1_259' title='bbox 774 2169 889 2207; x_wconf 80' lang='lat' dir='ltr'>Apolli-</span> 
     </span>
     <span class='ocr_line' id='line_1_44' title="bbox 177 2205 890 2245; baseline 0.004 -12"><span class='ocrx_word' id='word_1_260' title='bbox 177 2206 223 2234; x_wconf 87' lang='lat' dir='ltr'>nis</span> <span class='ocrx_word' id='word_1_261' title='bbox 242 2205 471 2244; x_wconf 79' lang='lat' dir='ltr'>sacris...capnt</span> <span class='ocrx_word' id='word_1_262' title='bbox 486 2206 631 2235; x_wconf 64' lang='lat' dir='ltr'>honestum</span> <span class='ocrx_word' id='word_1_263' title='bbox 652 2213 699 2236; x_wconf 85' lang='lat' dir='ltr'>est</span> <span class='ocrx_word' id='word_1_264' title='bbox 719 2207 890 2245; x_wconf 86' lang='lat' dir='ltr'>pulchrum,</span> 
     </span>
     <span class='ocr_line' id='line_1_45' title="bbox 177 2244 890 2283; baseline 0.004 -12"><span class='ocrx_word' id='word_1_265' title='bbox 177 2244 351 2277; x_wconf 79' lang='lat' dir='ltr'>formosum,</span> <span class='ocrx_word' id='word_1_266' title='bbox 374 2245 459 2282; x_wconf 86' lang='lat' dir='ltr'>quale</span> <span class='ocrx_word' id='word_1_267' title='bbox 475 2245 585 2274; x_wconf 86' lang='lat' dir='ltr'>Bacchi</span> <span class='ocrx_word' id='word_1_268' title='bbox 599 2256 779 2283; x_wconf 80' lang='lat' dir='ltr'>expressum</span> <span class='ocrx_word' id='word_1_269' title='bbox 794 2247 890 2275; x_wconf 86' lang='lat' dir='ltr'>adhuc</span> 
     </span>
     <span class='ocr_line' id='line_1_46' title="bbox 177 2282 834 2322; baseline 0.005 -12"><span class='ocrx_word' id='word_1_270' title='bbox 177 2282 206 2310; x_wconf 86' lang='lat' dir='ltr'>in</span> <span class='ocrx_word' id='word_1_271' title='bbox 222 2284 417 2312; x_wconf 76' lang='lat' dir='ltr'>monumentis</span> <span class='ocrx_word' id='word_1_272' title='bbox 432 2283 504 2312; x_wconf 83' lang='lat' dir='ltr'>artis</span> <span class='ocrx_word' id='word_1_273' title='bbox 519 2284 626 2321; x_wconf 70' lang='lat' dir='ltr'>priscae</span> <span class='ocrx_word' id='word_1_274' title='bbox 641 2285 834 2322; x_wconf 83' lang='lat' dir='ltr'>conspicitur.</span> 
     </span>
     <span class='ocr_line' id='line_1_47' title="bbox 217 2322 891 2361; baseline 0.004 -12"><span class='ocrx_word' id='word_1_275' title='bbox 217 2322 389 2350; x_wconf 78' lang='lat'><strong>393—396</strong></span> <span class='ocrx_word' id='word_1_276' title='bbox 421 2322 608 2351; x_wconf 79' lang='lat' dir='ltr'>Carminibus</span> <span class='ocrx_word' id='word_1_277' title='bbox 630 2323 752 2361; x_wconf 80' lang='lat' dir='ltr'>patriis.</span> <span class='ocrx_word' id='word_1_278' title='bbox 794 2324 891 2352; x_wconf 79' lang='lat' dir='ltr'>Fuere</span> 
     </span>
     <span class='ocr_line' id='line_1_48' title="bbox 178 2359 891 2400; baseline 0.004 -13"><span class='ocrx_word' id='word_1_279' title='bbox 178 2359 243 2388; x_wconf 79' lang='lat' dir='ltr'>haec</span> <span class='ocrx_word' id='word_1_280' title='bbox 257 2360 384 2388; x_wconf 86' lang='lat' dir='ltr'>carmina</span> <span class='ocrx_word' id='word_1_281' title='bbox 401 2361 523 2400; x_wconf 85' lang='lat' dir='ltr'>antiqua</span> <span class='ocrx_word' id='word_1_282' title='bbox 543 2362 744 2390; x_wconf 85' lang='lat' dir='ltr'>Romanorum</span> <span class='ocrx_word' id='word_1_283' title='bbox 764 2361 792 2390; x_wconf 89' lang='lat' dir='ltr'>in</span> <span class='ocrx_word' id='word_1_284' title='bbox 814 2363 891 2390; x_wconf 87' lang='lat' dir='ltr'>Bac-</span> 
     </span>
     <span class='ocr_line' id='line_1_49' title="bbox 179 2398 892 2437; baseline 0.006 -12"><span class='ocrx_word' id='word_1_285' title='bbox 179 2398 224 2426; x_wconf 85' lang='lat' dir='ltr'>chi</span> <span class='ocrx_word' id='word_1_286' title='bbox 246 2398 384 2427; x_wconf 85' lang='lat' dir='ltr'>honorem</span> <span class='ocrx_word' id='word_1_287' title='bbox 408 2400 471 2428; x_wconf 84' lang='lat' dir='ltr'>cani</span> <span class='ocrx_word' id='word_1_288' title='bbox 493 2400 597 2432; x_wconf 80' lang='lat' dir='ltr'>solita;</span> <span class='ocrx_word' id='word_1_289' title='bbox 621 2411 637 2429; x_wconf 83' lang='lat' dir='ltr'>a</span> <span class='ocrx_word' id='word_1_290' title='bbox 652 2401 758 2437; x_wconf 80' lang='lat' dir='ltr'>quibus</span> <span class='ocrx_word' id='word_1_291' title='bbox 773 2400 892 2429; x_wconf 79' lang='lat' dir='ltr'>diversa</span> 
     </span>
     <span class='ocr_line' id='line_1_50' title="bbox 179 2436 886 2477; baseline 0.004 -13"><span class='ocrx_word' id='word_1_292' title='bbox 179 2436 368 2471; x_wconf 71' lang='lat' dir='ltr'>Fescennina,</span> <span class='ocrx_word' id='word_1_293' title='bbox 389 2438 426 2466; x_wconf 86' lang='lat' dir='ltr'>de</span> <span class='ocrx_word' id='word_1_294' title='bbox 441 2438 549 2476; x_wconf 84' lang='lat' dir='ltr'>quibus</span> <span class='ocrx_word' id='word_1_295' title='bbox 564 2439 626 2467; x_wconf 84' lang='lat' dir='ltr'>vid.</span> <span class='ocrx_word' id='word_1_296' title='bbox 640 2439 749 2468; x_wconf 79' lang='lat' dir='ltr'>Horat.</span> <span class='ocrx_word' id='word_1_297' title='bbox 766 2439 824 2477; x_wconf 87' lang='lat' dir='ltr'>Ep.</span> <span class='ocrx_word' id='word_1_298' title='bbox 838 2439 886 2474; x_wconf 92' lang='lat' dir='ltr'>II,</span> 
     </span>
     <span class='ocr_line' id='line_1_51' title="bbox 179 2475 886 2512; baseline 0.004 -9"><span class='ocrx_word' id='word_1_299' title='bbox 179 2476 207 2509; x_wconf 87' lang='lat' dir='ltr'>l,</span> <span class='ocrx_word' id='word_1_300' title='bbox 230 2477 296 2504; x_wconf 72' lang='lat'>145.</span> <span class='ocrx_word' id='word_1_301' title='bbox 318 2475 362 2505; x_wconf 90' lang='grc' dir='ltr'>Η.</span> <span class='ocrx_word' id='word_1_302' title='bbox 402 2486 481 2505; x_wconf 77' lang='lat' dir='ltr'>suum</span> <span class='ocrx_word' id='word_1_303' title='bbox 500 2477 564 2505; x_wconf 81' lang='lat' dir='ltr'>hon.</span> <span class='ocrx_word' id='word_1_304' title='bbox 587 2478 615 2506; x_wconf 90' lang='lat' dir='ltr'>h.</span> <span class='ocrx_word' id='word_1_305' title='bbox 637 2488 662 2507; x_wconf 87' lang='lat' dir='ltr'>e.</span> <span class='ocrx_word' id='word_1_306' title='bbox 686 2487 755 2506; x_wconf 85' lang='lat' dir='ltr'>suas</span> <span class='ocrx_word' id='word_1_307' title='bbox 773 2478 886 2512; x_wconf 84' lang='lat' dir='ltr'>laudes,</span> 
     </span>
     <span class='ocr_line' id='line_1_52' title="bbox 179 2515 887 2554; baseline 0.006 -13"><span class='ocrx_word' id='word_1_308' title='bbox 179 2515 340 2542; x_wconf 86' lang='lat' dir='ltr'>secundum</span> <span class='ocrx_word' id='word_1_309' title='bbox 366 2519 498 2544; x_wconf 83' lang='lat' dir='ltr'>naturam</span> <span class='ocrx_word' id='word_1_310' title='bbox 534 2517 707 2554; x_wconf 67' lang='lat' dir='ltr'>hymnorum</span> <span class='ocrx_word' id='word_1_311' title='bbox 743 2522 887 2545; x_wconf 78' lang='lat' dir='ltr'>veterum.</span> 
     </span>
     <span class='ocr_line' id='line_1_53' title="bbox 182 2551 885 2593; baseline 0.003 -12"><span class='ocrx_word' id='word_1_312' title='bbox 182 2551 366 2581; x_wconf 76' lang='lat' dir='ltr'>W.—lanc·es</span> <span class='ocrx_word' id='word_1_313' title='bbox 381 2557 411 2581; x_wconf 87' lang='lat' dir='ltr'>et</span> <span class='ocrx_word' id='word_1_314' title='bbox 426 2554 544 2591; x_wconf 85' lang='lat' dir='ltr'>quidem</span> <span class='ocrx_word' id='word_1_315' title='bbox 562 2555 590 2582; x_wconf 91' lang='lat' dir='ltr'>in</span> <span class='ocrx_word' id='word_1_316' title='bbox 611 2555 648 2583; x_wconf 83' lang='lat' dir='ltr'>iis</span> <span class='ocrx_word' id='word_1_317' title='bbox 670 2555 727 2583; x_wconf 75' lang='lat' dir='ltr'>liba</span> <span class='ocrx_word' id='word_1_318' title='bbox 743 2556 798 2587; x_wconf 80' lang='lat' dir='ltr'>(cf.</span> <span class='ocrx_word' id='word_1_319' title='bbox 820 2565 885 2593; x_wconf 84' lang='lat' dir='ltr'>sup,</span> 
     </span>
     <span class='ocr_line' id='line_1_54' title="bbox 178 2591 888 2626; baseline 0.004 -7"><span class='ocrx_word' id='word_1_320' title='bbox 178 2591 214 2619; x_wconf 83' lang='lat' dir='ltr'>ad</span> <span class='ocrx_word' id='word_1_321' title='bbox 231 2602 259 2621; x_wconf 89' lang='lat' dir='ltr'>v.</span> <span class='ocrx_word' id='word_1_322' title='bbox 280 2591 354 2626; x_wconf 72' lang='lat'>192)</span> <span class='ocrx_word' id='word_1_323' title='bbox 374 2592 509 2621; x_wconf 83' lang='lat' dir='ltr'>feruntur</span> <span class='ocrx_word' id='word_1_324' title='bbox 528 2594 563 2622; x_wconf 92' lang='lat' dir='ltr'>ad</span> <span class='ocrx_word' id='word_1_325' title='bbox 586 2603 792 2622; x_wconf 58' lang='lat' dir='ltr'>aras—cornu</span> <span class='ocrx_word' id='word_1_326' title='bbox 809 2594 888 2622; x_wconf 66' lang='lat' dir='ltr'>cluci-</span> 
     </span>
    </p>
   </div>
   <div class='ocr_carea' id='block_1_5' title="bbox 927 1201 1646 2559">
    <p class='ocr_par' dir='ltr' id='par_1_6' title="bbox 927 1201 1646 1387">
     <span class='ocr_line' id='line_1_55' title="bbox 929 1201 1644 1244; baseline 0.004 -13"><span class='ocrx_word' id='word_1_327' title='bbox 929 1210 984 1231; x_wconf 87' lang='lat' dir='ltr'>non</span> <span class='ocrx_word' id='word_1_328' title='bbox 998 1201 1027 1231; x_wconf 88' lang='lat' dir='ltr'>in</span> <span class='ocrx_word' id='word_1_329' title='bbox 1043 1211 1094 1232; x_wconf 82' lang='lat' dir='ltr'>ara</span> <span class='ocrx_word' id='word_1_330' title='bbox 1105 1203 1309 1237; x_wconf 76' lang='lat' dir='ltr'>adolebantur,</span> <span class='ocrx_word' id='word_1_331' title='bbox 1331 1204 1423 1233; x_wconf 61' lang='lat' dir='ltr'>sacr-is</span> <span class='ocrx_word' id='word_1_332' title='bbox 1439 1204 1536 1243; x_wconf 75' lang='lat' dir='ltr'>epulis</span> <span class='ocrx_word' id='word_1_333' title='bbox 1552 1215 1644 1244; x_wconf 85' lang='lat' dir='ltr'>appo-</span> 
     </span>
     <span class='ocr_line' id='line_1_56' title="bbox 930 1243 1644 1277; baseline 0.007 -9"><span class='ocrx_word' id='word_1_334' title='bbox 930 1243 1084 1277; x_wconf 86' lang='lat' dir='ltr'>nebantur,</span> <span class='ocrx_word' id='word_1_335' title='bbox 1110 1243 1177 1271; x_wconf 81' lang='lat' dir='ltr'>hinc</span> <span class='ocrx_word' id='word_1_336' title='bbox 1203 1254 1232 1271; x_wconf 74' lang='lat' dir='ltr'>v.</span> <span class='ocrx_word' id='word_1_337' title='bbox 1259 1245 1316 1272; x_wconf 67' lang='lat'>:390</span> <span class='ocrx_word' id='word_1_338' title='bbox 1342 1243 1458 1272; x_wconf 66' lang='lat' dir='ltr'>colurna</span> <span class='ocrx_word' id='word_1_339' title='bbox 1488 1255 1573 1272; x_wconf 64' lang='grc' dir='ltr'>νει-αα</span> <span class='ocrx_word' id='word_1_340' title='bbox 1603 1255 1644 1273; x_wconf 71' lang='lat' dir='ltr'>ex</span> 
     </span>
     <span class='ocr_line' id='line_1_57' title="bbox 930 1281 1646 1321; baseline 0.004 -13"><span class='ocrx_word' id='word_1_341' title='bbox 930 1281 1052 1312; x_wconf 76' lang='lat' dir='ltr'>cornio:</span> <span class='ocrx_word' id='word_1_342' title='bbox 1075 1291 1162 1319; x_wconf 83' lang='lat' dir='ltr'>quam</span> <span class='ocrx_word' id='word_1_343' title='bbox 1185 1283 1319 1311; x_wconf 78' lang='lat' dir='ltr'>arborem</span> <span class='ocrx_word' id='word_1_344' title='bbox 1342 1293 1408 1310; x_wconf 87' lang='lat' dir='ltr'>cum</span> <span class='ocrx_word' id='word_1_345' title='bbox 1433 1283 1549 1311; x_wconf 64' lang='lat' dir='ltr'>delet-tu</span> <span class='ocrx_word' id='word_1_346' title='bbox 1574 1284 1646 1321; x_wconf 82' lang='lat' dir='ltr'>poni</span> 
     </span>
     <span class='ocr_line' id='line_1_58' title="bbox 932 1319 1646 1358; baseline 0.006 -12"><span class='ocrx_word' id='word_1_347' title='bbox 932 1319 1011 1348; x_wconf 85' lang='lat' dir='ltr'>aiunt</span> <span class='ocrx_word' id='word_1_348' title='bbox 1026 1320 1218 1358; x_wconf 48' lang='lat' dir='ltr'>interprete&amp;</span> <span class='ocrx_word' id='word_1_349' title='bbox 1241 1331 1278 1349; x_wconf 77' lang='lat' dir='ltr'>ex</span> <span class='ocrx_word' id='word_1_350' title='bbox 1292 1331 1321 1350; x_wconf 79' lang='lat' dir='ltr'>v.</span> <span class='ocrx_word' id='word_1_351' title='bbox 1337 1323 1395 1350; x_wconf 74' lang='lat'>:299</span> <span class='ocrx_word' id='word_1_352' title='bbox 1410 1332 1476 1350; x_wconf 70' lang='lat' dir='ltr'>nere</span> <span class='ocrx_word' id='word_1_353' title='bbox 1489 1322 1564 1350; x_wconf 68' lang='lat' dir='ltr'>inter</span> <span class='ocrx_word' id='word_1_354' title='bbox 1576 1322 1646 1350; x_wconf 69' lang='lat' dir='ltr'>vites</span> 
     </span>
     <span class='ocr_line' id='line_1_59' title="bbox 927 1358 1141 1387; baseline 0.009 -2"><span class='ocrx_word' id='word_1_355' title='bbox 927 1358 1055 1386; x_wconf 67' lang='lat' dir='ltr'>corutum</span> <span class='ocrx_word' id='word_1_356' title='bbox 1069 1369 1141 1387; x_wconf 68' lang='lat' dir='ltr'>sere.</span> 
     </span>
    </p>

    <p class='ocr_par' dir='ltr' id='par_1_7' title="bbox 928 1398 1646 2091">
     <span class='ocr_line' id='line_1_60' title="bbox 966 1398 1645 1428; baseline 0.003 -2"><span class='ocrx_word' id='word_1_357' title='bbox 966 1398 1121 1426; x_wconf 71' lang='lat'>397—407</span> <span class='ocrx_word' id='word_1_358' title='bbox 1138 1398 1245 1427; x_wconf 78' lang='lat' dir='ltr'>Restat</span> <span class='ocrx_word' id='word_1_359' title='bbox 1261 1398 1335 1427; x_wconf 73' lang='lat' dir='ltr'>alius</span> <span class='ocrx_word' id='word_1_360' title='bbox 1353 1399 1438 1428; x_wconf 85' lang='lat' dir='ltr'>labor</span> <span class='ocrx_word' id='word_1_361' title='bbox 1457 1399 1485 1428; x_wconf 85' lang='lat' dir='ltr'>in</span> <span class='ocrx_word' id='word_1_362' title='bbox 1509 1409 1580 1428; x_wconf 83' lang='lat' dir='ltr'>eura</span> <span class='ocrx_word' id='word_1_363' title='bbox 1599 1399 1645 1428; x_wconf 81' lang='lat' dir='ltr'>vi-</span> 
     </span>
     <span class='ocr_line' id='line_1_61' title="bbox 928 1434 1644 1474; baseline 0.006 -12"><span class='ocrx_word' id='word_1_364' title='bbox 928 1434 1001 1463; x_wconf 86' lang='lat' dir='ltr'>tium</span> <span class='ocrx_word' id='word_1_365' title='bbox 1019 1437 1078 1474; x_wconf 75' lang='lat' dir='ltr'>(ese</span> <span class='ocrx_word' id='word_1_366' title='bbox 1097 1437 1181 1465; x_wconf 73' lang='lat' dir='ltr'>etiam</span> <span class='ocrx_word' id='word_1_367' title='bbox 1203 1437 1276 1465; x_wconf 72' lang='lat' dir='ltr'>alter</span> <span class='ocrx_word' id='word_1_368' title='bbox 1291 1438 1336 1466; x_wconf 69' lang='lat' dir='ltr'>ille</span> <span class='ocrx_word' id='word_1_369' title='bbox 1350 1438 1434 1466; x_wconf 86' lang='lat' dir='ltr'>labor</span> <span class='ocrx_word' id='word_1_370' title='bbox 1449 1439 1644 1468; x_wconf 74' lang='lat' dir='ltr'>cm-andarwn</span> 
     </span>
     <span class='ocr_line' id='line_1_62' title="bbox 930 1474 1645 1514; baseline 0.007 -13"><span class='ocrx_word' id='word_1_371' title='bbox 930 1474 1061 1509; x_wconf 75' lang='lat' dir='ltr'>vitium),</span> <span class='ocrx_word' id='word_1_372' title='bbox 1091 1475 1141 1513; x_wconf 91' lang='lat' dir='ltr'>qui</span> <span class='ocrx_word' id='word_1_373' title='bbox 1163 1485 1311 1514; x_wconf 85' lang='lat' dir='ltr'>nunquam</span> <span class='ocrx_word' id='word_1_374' title='bbox 1333 1476 1444 1510; x_wconf 78' lang='lat' dir='ltr'>sinitur,</span> <span class='ocrx_word' id='word_1_375' title='bbox 1473 1481 1505 1505; x_wconf 87' lang='lat' dir='ltr'>ut</span> <span class='ocrx_word' id='word_1_376' title='bbox 1527 1478 1645 1506; x_wconf 86' lang='lat' dir='ltr'>vineam</span> 
     </span>
     <span class='ocr_line' id='line_1_63' title="bbox 930 1512 1646 1555; baseline 0.007 -15"><span class='ocrx_word' id='word_1_377' title='bbox 930 1512 1037 1555; x_wconf 74' lang='lat' dir='ltr'>iterum</span> <span class='ocrx_word' id='word_1_378' title='bbox 1047 1514 1213 1551; x_wconf 87' lang='lat' dir='ltr'>iterumque</span> <span class='ocrx_word' id='word_1_379' title='bbox 1225 1516 1394 1552; x_wconf 86' lang='lat' dir='ltr'>repastines</span> <span class='ocrx_word' id='word_1_380' title='bbox 1406 1516 1548 1553; x_wconf 79' lang='lat' dir='ltr'>(fodias),</span> <span class='ocrx_word' id='word_1_381' title='bbox 1561 1526 1646 1555; x_wconf 77' lang='lat' dir='ltr'>pam-</span> 
     </span>
     <span class='ocr_line' id='line_1_64' title="bbox 930 1554 1645 1593; baseline 0.007 -15"><span class='ocrx_word' id='word_1_382' title='bbox 930 1560 1026 1588; x_wconf 86' lang='lat' dir='ltr'>pmes,</span> <span class='ocrx_word' id='word_1_383' title='bbox 1054 1562 1087 1580; x_wconf 85' lang='lat' dir='ltr'>ao</span> <span class='ocrx_word' id='word_1_384' title='bbox 1112 1554 1297 1590; x_wconf 56' lang='lat' dir='ltr'>putes—cni</span> <span class='ocrx_word' id='word_1_385' title='bbox 1320 1565 1467 1593; x_wconf 76' lang='lat' dir='ltr'>nunqnam</span> <span class='ocrx_word' id='word_1_386' title='bbox 1501 1556 1572 1583; x_wconf 68' lang='lat' dir='ltr'>satis</span> <span class='ocrx_word' id='word_1_387' title='bbox 1596 1565 1645 1583; x_wconf 69' lang='lat' dir='ltr'>esc-</span> 
     </span>
     <span class='ocr_line' id='line_1_65' title="bbox 931 1589 1645 1632; baseline 0.01 -16"><span class='ocrx_word' id='word_1_388' title='bbox 931 1589 1027 1617; x_wconf 71' lang='lat' dir='ltr'>hausti</span> <span class='ocrx_word' id='word_1_389' title='bbox 1055 1592 1128 1629; x_wconf 83' lang='lat' dir='ltr'>(pro</span> <span class='ocrx_word' id='word_1_390' title='bbox 1153 1592 1370 1628; x_wconf 82' lang='lat' dir='ltr'>exhaustionis,</span> <span class='ocrx_word' id='word_1_391' title='bbox 1400 1594 1514 1631; x_wconf 56' lang='lat' dir='ltr'>Serva),</span> <span class='ocrx_word' id='word_1_392' title='bbox 1542 1594 1570 1622; x_wconf 90' lang='lat' dir='ltr'>h.</span> <span class='ocrx_word' id='word_1_393' title='bbox 1593 1594 1645 1632; x_wconf 89' lang='lat' dir='ltr'>qui</span> 
     </span>
     <span class='ocr_line' id='line_1_66' title="bbox 930 1630 1645 1667; baseline 0.007 -11"><span class='ocrx_word' id='word_1_394' title='bbox 930 1637 1081 1667; x_wconf 88' lang='lat' dir='ltr'>nunquam</span> <span class='ocrx_word' id='word_1_395' title='bbox 1102 1630 1175 1658; x_wconf 85' lang='lat' dir='ltr'>satis</span> <span class='ocrx_word' id='word_1_396' title='bbox 1196 1631 1382 1661; x_wconf 80' lang='lat' dir='ltr'>exhauritur.</span> <span class='ocrx_word' id='word_1_397' title='bbox 1411 1632 1455 1661; x_wconf 86' lang='lat' dir='ltr'>H.</span> <span class='ocrx_word' id='word_1_398' title='bbox 1497 1632 1542 1661; x_wconf 72' lang='lat' dir='ltr'>ille</span> <span class='ocrx_word' id='word_1_399' title='bbox 1563 1632 1645 1661; x_wconf 78' lang='lat' dir='ltr'>labor</span> 
     </span>
     <span class='ocr_line' id='line_1_67' title="bbox 930 1669 1646 1706; baseline 0.01 -13"><span class='ocrx_word' id='word_1_400' title='bbox 930 1677 1091 1706; x_wconf 70' lang='lat' dir='ltr'>-narnqne</span> <span class='ocrx_word' id='word_1_401' title='bbox 1132 1669 1242 1698; x_wconf 72' lang='lat' dir='ltr'>Graeea</span> <span class='ocrx_word' id='word_1_402' title='bbox 1264 1671 1327 1699; x_wconf 61' lang='lat' dir='ltr'>hinc</span> <span class='ocrx_word' id='word_1_403' title='bbox 1349 1671 1549 1700; x_wconf 79' lang='lat' dir='ltr'>membrorum</span> <span class='ocrx_word' id='word_1_404' title='bbox 1573 1682 1646 1700; x_wconf 83' lang='lat' dir='ltr'>con-</span> 
     </span>
     <span class='ocr_line' id='line_1_68' title="bbox 931 1706 1646 1748; baseline 0.01 -16"><span class='ocrx_word' id='word_1_405' title='bbox 931 1706 1019 1734; x_wconf 79' lang='lat' dir='ltr'>nexio</span> <span class='ocrx_word' id='word_1_406' title='bbox 1043 1710 1088 1734; x_wconf 72' lang='grc' dir='ltr'>ὅόε</span> <span class='ocrx_word' id='word_1_407' title='bbox 1110 1712 1293 1743; x_wconf 55' lang='grc' dir='ltr'>πόνος-γάρ.</span> <span class='ocrx_word' id='word_1_408' title='bbox 1334 1711 1383 1738; x_wconf 87' lang='lat' dir='ltr'>Ita</span> <span class='ocrx_word' id='word_1_409' title='bbox 1406 1710 1545 1748; x_wconf 53' lang='lat' dir='ltr'>Thucy-d.</span> <span class='ocrx_word' id='word_1_410' title='bbox 1565 1711 1593 1744; x_wconf 93' lang='lat' dir='ltr'>l,</span> <span class='ocrx_word' id='word_1_411' title='bbox 1615 1711 1646 1740; x_wconf 84' lang='lat'>3.</span> 
     </span>
     <span class='ocr_line' id='line_1_69' title="bbox 932 1748 1645 1784; baseline 0.011 -14"><span class='ocrx_word' id='word_1_412' title='bbox 932 1748 1012 1774; x_wconf 67' lang='grc' dir='ltr'>δηλοῖ</span> <span class='ocrx_word' id='word_1_413' title='bbox 1026 1749 1054 1772; x_wconf 72' lang='grc' dir='ltr'>δέ</span> <span class='ocrx_word' id='word_1_414' title='bbox 1071 1759 1116 1778; x_wconf 79' lang='grc' dir='ltr'>μοι</span> <span class='ocrx_word' id='word_1_415' title='bbox 1134 1750 1178 1775; x_wconf 75' lang='grc' dir='ltr'>καί</span> <span class='ocrx_word' id='word_1_416' title='bbox 1191 1752 1346 1782; x_wconf 74' lang='grc' dir='ltr'>τὸὸε--πρὸ</span> <span class='ocrx_word' id='word_1_417' title='bbox 1360 1751 1411 1784; x_wconf 65' lang='grc' dir='ltr'>γάρ</span> <span class='ocrx_word' id='word_1_418' title='bbox 1425 1761 1450 1776; x_wconf 82' lang='grc' dir='ltr'>κ.</span> <span class='ocrx_word' id='word_1_419' title='bbox 1465 1763 1491 1777; x_wconf 80' lang='grc' dir='ltr'>τ.</span> <span class='ocrx_word' id='word_1_420' title='bbox 1507 1754 1535 1778; x_wconf 84' lang='grc' dir='ltr'>λ.</span> <span class='ocrx_word' id='word_1_421' title='bbox 1556 1748 1645 1778; x_wconf 66' lang='grc' dir='ltr'>ιν.-</span> 
     </span>
     <span class='ocr_line' id='line_1_70' title="bbox 931 1783 1644 1819; baseline 0.008 -9"><span class='ocrx_word' id='word_1_422' title='bbox 931 1783 990 1810; x_wconf 73' lang='grc'>399</span> <span class='ocrx_word' id='word_1_423' title='bbox 1018 1783 1135 1812; x_wconf 78' lang='lat' dir='ltr'>Colum.</span> <span class='ocrx_word' id='word_1_424' title='bbox 1161 1785 1219 1819; x_wconf 74' lang='lat' dir='ltr'>IV,</span> <span class='ocrx_word' id='word_1_425' title='bbox 1248 1788 1278 1817; x_wconf 73' lang='lat'>4.</span> <span class='ocrx_word' id='word_1_426' title='bbox 1306 1789 1333 1815; x_wconf 90' lang='grc'>1.</span> <span class='ocrx_word' id='word_1_427' title='bbox 1375 1787 1523 1816; x_wconf 75' lang='lat' dir='ltr'>Numerus</span> <span class='ocrx_word' id='word_1_428' title='bbox 1549 1792 1644 1818; x_wconf 76' lang='lat' dir='ltr'>autem</span> 
     </span>
     <span class='ocr_line' id='line_1_71' title="bbox 932 1821 1646 1864; baseline 0.013 -17"><span class='ocrx_word' id='word_1_429' title='bbox 932 1821 1058 1849; x_wconf 73' lang='lat' dir='ltr'>vertendi</span> <span class='ocrx_word' id='word_1_430' title='bbox 1081 1823 1135 1850; x_wconf 72' lang='lat' dir='ltr'>soli</span> <span class='ocrx_word' id='word_1_431' title='bbox 1160 1823 1329 1859; x_wconf 77' lang='lat' dir='ltr'>bidentibus,</span> <span class='ocrx_word' id='word_1_432' title='bbox 1359 1830 1391 1854; x_wconf 79' lang='lat' dir='ltr'>ut</span> <span class='ocrx_word' id='word_1_433' title='bbox 1416 1836 1513 1854; x_wconf 68' lang='lat' dir='ltr'>verum</span> <span class='ocrx_word' id='word_1_434' title='bbox 1530 1828 1646 1864; x_wconf 82' lang='lat' dir='ltr'>fatear,</span> 
     </span>
     <span class='ocr_line' id='line_1_72' title="bbox 933 1858 1646 1902; baseline 0.013 -17"><span class='ocrx_word' id='word_1_435' title='bbox 933 1858 1106 1895; x_wconf 78' lang='lat' dir='ltr'>definiendus</span> <span class='ocrx_word' id='word_1_436' title='bbox 1128 1870 1184 1888; x_wconf 79' lang='lat' dir='ltr'>non</span> <span class='ocrx_word' id='word_1_437' title='bbox 1208 1867 1260 1895; x_wconf 82' lang='lat' dir='ltr'>est,</span> <span class='ocrx_word' id='word_1_438' title='bbox 1288 1874 1360 1897; x_wconf 78' lang='lat' dir='ltr'>cum,</span> <span class='ocrx_word' id='word_1_439' title='bbox 1387 1869 1495 1902; x_wconf 79' lang='lat' dir='ltr'>quanto</span> <span class='ocrx_word' id='word_1_440' title='bbox 1517 1865 1646 1894; x_wconf 68' lang='lat' dir='ltr'>crebrior</span> 
     </span>
     <span class='ocr_line' id='line_1_73' title="bbox 930 1897 1645 1938; baseline 0.011 -14"><span class='ocrx_word' id='word_1_441' title='bbox 930 1897 979 1930; x_wconf 78' lang='lat' dir='ltr'>sit,</span> <span class='ocrx_word' id='word_1_442' title='bbox 990 1898 1060 1935; x_wconf 78' lang='lat' dir='ltr'>plns</span> <span class='ocrx_word' id='word_1_443' title='bbox 1063 1899 1201 1936; x_wconf 75' lang='lat' dir='ltr'>prodesse</span> <span class='ocrx_word' id='word_1_444' title='bbox 1207 1900 1364 1938; x_wconf 68' lang='lat' dir='ltr'>fossionem</span> <span class='ocrx_word' id='word_1_445' title='bbox 1379 1902 1536 1931; x_wconf 68' lang='lat' dir='ltr'>conveniat.</span> <span class='ocrx_word' id='word_1_446' title='bbox 1557 1904 1645 1933; x_wconf 84' lang='lat' dir='ltr'>Idem</span> 
     </span>
     <span class='ocr_line' id='line_1_74' title="bbox 930 1936 1644 1979; baseline 0.008 -15"><span class='ocrx_word' id='word_1_447' title='bbox 930 1936 988 1970; x_wconf 81' lang='lat' dir='ltr'>IV,</span> <span class='ocrx_word' id='word_1_448' title='bbox 1013 1938 1059 1971; x_wconf 80' lang='grc'><strong>1-1,</strong></span> <span class='ocrx_word' id='word_1_449' title='bbox 1083 1938 1099 1965; x_wconf 90' lang='grc'>1</span> <span class='ocrx_word' id='word_1_450' title='bbox 1123 1937 1238 1967; x_wconf 77' lang='lat' dir='ltr'>crebros</span> <span class='ocrx_word' id='word_1_451' title='bbox 1251 1939 1379 1976; x_wconf 74' lang='lat' dir='ltr'>jbssoris</span> <span class='ocrx_word' id='word_1_452' title='bbox 1399 1940 1524 1969; x_wconf 75' lang='lat' dir='ltr'>bidentes</span> <span class='ocrx_word' id='word_1_453' title='bbox 1544 1942 1644 1979; x_wconf 85' lang='lat' dir='ltr'>requi-</span> 
     </span>
     <span class='ocr_line' id='line_1_75' title="bbox 932 1975 1642 2014; baseline 0.008 -11"><span class='ocrx_word' id='word_1_454' title='bbox 932 1975 982 2004; x_wconf 84' lang='lat' dir='ltr'>rit.</span> <span class='ocrx_word' id='word_1_455' title='bbox 1004 1976 1043 2004; x_wconf 85' lang='lat' dir='ltr'>cf.</span> <span class='ocrx_word' id='word_1_456' title='bbox 1065 1976 1197 2014; x_wconf 84' lang='lat' dir='ltr'>Geopon.</span> <span class='ocrx_word' id='word_1_457' title='bbox 1218 1977 1257 2011; x_wconf 79' lang='lat' dir='ltr'>V,</span> <span class='ocrx_word' id='word_1_458' title='bbox 1280 1979 1328 2006; x_wconf 79' lang='lat'>25.</span> <span class='ocrx_word' id='word_1_459' title='bbox 1368 1979 1426 2007; x_wconf 61' lang='lat'>400</span> <span class='ocrx_word' id='word_1_460' title='bbox 1441 1980 1530 2007; x_wconf 63' lang='lat' dir='ltr'>versis</span> <span class='ocrx_word' id='word_1_461' title='bbox 1545 1979 1642 2009; x_wconf 71' lang='lat' dir='ltr'>biden-</span> 
     </span>
     <span class='ocr_line' id='line_1_76' title="bbox 931 2013 1643 2057; baseline 0.01 -16"><span class='ocrx_word' id='word_1_462' title='bbox 931 2013 1019 2047; x_wconf 72' lang='lat' dir='ltr'>tibus,</span> <span class='ocrx_word' id='word_1_463' title='bbox 1040 2014 1199 2052; x_wconf 80' lang='lat' dir='ltr'>ligonibus,</span> <span class='ocrx_word' id='word_1_464' title='bbox 1226 2015 1277 2055; x_wconf 82' lang='lat' dir='ltr'>qui</span> <span class='ocrx_word' id='word_1_465' title='bbox 1300 2021 1457 2046; x_wconf 84' lang='lat' dir='ltr'>vertuntur</span> <span class='ocrx_word' id='word_1_466' title='bbox 1479 2018 1516 2047; x_wconf 83' lang='lat' dir='ltr'>ad</span> <span class='ocrx_word' id='word_1_467' title='bbox 1538 2019 1643 2057; x_wconf 85' lang='lat' dir='ltr'>glebas</span> 
     </span>
     <span class='ocr_line' id='line_1_77' title="bbox 930 2052 1122 2091; baseline 0.005 -10"><span class='ocrx_word' id='word_1_468' title='bbox 930 2052 1122 2091; x_wconf 73' lang='lat' dir='ltr'>frangendas.</span> 
     </span>
    </p>

    <p class='ocr_par' dir='ltr' id='par_1_8' title="bbox 930 2092 1643 2441">
     <span class='ocr_line' id='line_1_78' title="bbox 970 2092 1643 2134; baseline 0.01 -15"><span class='ocrx_word' id='word_1_469' title='bbox 970 2092 1027 2120; x_wconf 72' lang='lat'>401</span> <span class='ocrx_word' id='word_1_470' title='bbox 1050 2102 1150 2121; x_wconf 74' lang='lat' dir='ltr'>nemus</span> <span class='ocrx_word' id='word_1_471' title='bbox 1168 2102 1224 2131; x_wconf 89' lang='lat' dir='ltr'>pro</span> <span class='ocrx_word' id='word_1_472' title='bbox 1245 2093 1340 2128; x_wconf 73' lang='lat' dir='ltr'>vinea,</span> <span class='ocrx_word' id='word_1_473' title='bbox 1362 2094 1510 2124; x_wconf 71' lang='lat' dir='ltr'>levandum</span> <span class='ocrx_word' id='word_1_474' title='bbox 1522 2097 1643 2134; x_wconf 69' lang='lat' dir='ltr'>fivmle,</span> 
     </span>
     <span class='ocr_line' id='line_1_79' title="bbox 931 2130 1643 2172; baseline 0.01 -14"><span class='ocrx_word' id='word_1_475' title='bbox 931 2130 1019 2168; x_wconf 82' lang='lat' dir='ltr'>quasi</span> <span class='ocrx_word' id='word_1_476' title='bbox 1038 2130 1209 2169; x_wconf 87' lang='lat' dir='ltr'>importuno</span> <span class='ocrx_word' id='word_1_477' title='bbox 1224 2142 1322 2167; x_wconf 85' lang='lat' dir='ltr'>onere,</span> <span class='ocrx_word' id='word_1_478' title='bbox 1343 2136 1520 2172; x_wconf 87' lang='lat' dir='ltr'>putandum.</span> <span class='ocrx_word' id='word_1_479' title='bbox 1560 2136 1643 2166; x_wconf 82' lang='lat' dir='ltr'>labor</span> 
     </span>
     <span class='ocr_line' id='line_1_80' title="bbox 930 2169 1642 2211; baseline 0.01 -14"><span class='ocrx_word' id='word_1_480' title='bbox 930 2169 982 2207; x_wconf 89' lang='lat' dir='ltr'>qui</span> <span class='ocrx_word' id='word_1_481' title='bbox 1005 2173 1086 2198; x_wconf 78' lang='lat' dir='ltr'>actus</span> <span class='ocrx_word' id='word_1_482' title='bbox 1107 2174 1183 2205; x_wconf 84' lang='lat' dir='ltr'>erat,</span> <span class='ocrx_word' id='word_1_483' title='bbox 1203 2171 1279 2199; x_wconf 71' lang='lat' dir='ltr'>redit</span> <span class='ocrx_word' id='word_1_484' title='bbox 1301 2171 1330 2200; x_wconf 81' lang='lat' dir='ltr'>in</span> <span class='ocrx_word' id='word_1_485' title='bbox 1354 2172 1458 2208; x_wconf 69' lang='lat' dir='ltr'>orbem,</span> <span class='ocrx_word' id='word_1_486' title='bbox 1486 2178 1516 2203; x_wconf 88' lang='lat' dir='ltr'>et</span> <span class='ocrx_word' id='word_1_487' title='bbox 1538 2186 1642 2211; x_wconf 69' lang='lat' dir='ltr'>annm,</span> 
     </span>
     <span class='ocr_line' id='line_1_81' title="bbox 930 2207 1643 2246; baseline 0.01 -11"><span class='ocrx_word' id='word_1_488' title='bbox 930 2207 959 2235; x_wconf 92' lang='lat' dir='ltr'>h.</span> <span class='ocrx_word' id='word_1_489' title='bbox 980 2217 1075 2236; x_wconf 77' lang='lat' dir='ltr'>annua</span> <span class='ocrx_word' id='word_1_490' title='bbox 1095 2218 1197 2246; x_wconf 83' lang='lat' dir='ltr'>opera,</span> <span class='ocrx_word' id='word_1_491' title='bbox 1220 2219 1331 2239; x_wconf 81' lang='lat' dir='ltr'>annuus</span> <span class='ocrx_word' id='word_1_492' title='bbox 1352 2211 1447 2246; x_wconf 85' lang='lat' dir='ltr'>labor,</span> <span class='ocrx_word' id='word_1_493' title='bbox 1468 2213 1593 2242; x_wconf 76' lang='lat' dir='ltr'>volvitur</span> <span class='ocrx_word' id='word_1_494' title='bbox 1610 2214 1643 2243; x_wconf 76' lang='lat' dir='ltr'>in</span> 
     </span>
     <span class='ocr_line' id='line_1_82' title="bbox 930 2246 1642 2291; baseline 0.011 -17"><span class='ocrx_word' id='word_1_495' title='bbox 930 2256 970 2279; x_wconf 82' lang='lat' dir='ltr'>se,</span> <span class='ocrx_word' id='word_1_496' title='bbox 991 2246 1120 2275; x_wconf 79' lang='lat' dir='ltr'>revolvit</span> <span class='ocrx_word' id='word_1_497' title='bbox 1133 2257 1177 2281; x_wconf 85' lang='lat' dir='ltr'>se,</span> <span class='ocrx_word' id='word_1_498' title='bbox 1200 2249 1289 2282; x_wconf 86' lang='lat' dir='ltr'>redit,</span> <span class='ocrx_word' id='word_1_499' title='bbox 1310 2260 1428 2289; x_wconf 77' lang='lat' dir='ltr'>suaper</span> <span class='ocrx_word' id='word_1_500' title='bbox 1440 2252 1571 2291; x_wconf 58' lang='lat' dir='ltr'>vastiyitc,</span> <span class='ocrx_word' id='word_1_501' title='bbox 1593 2263 1642 2282; x_wconf 89' lang='lat' dir='ltr'>ea-</span> 
     </span>
     <span class='ocr_line' id='line_1_83' title="bbox 931 2285 1642 2327; baseline 0.011 -15"><span class='ocrx_word' id='word_1_502' title='bbox 931 2285 1012 2319; x_wconf 82' lang='lat' dir='ltr'>dem,</span> <span class='ocrx_word' id='word_1_503' title='bbox 1039 2295 1072 2314; x_wconf 84' lang='lat' dir='ltr'>ac</span> <span class='ocrx_word' id='word_1_504' title='bbox 1098 2286 1252 2324; x_wconf 86' lang='lat' dir='ltr'>superiore</span> <span class='ocrx_word' id='word_1_505' title='bbox 1277 2297 1362 2321; x_wconf 87' lang='lat' dir='ltr'>anno,</span> <span class='ocrx_word' id='word_1_506' title='bbox 1388 2290 1515 2325; x_wconf 85' lang='lat' dir='ltr'>ratione,</span> <span class='ocrx_word' id='word_1_507' title='bbox 1541 2293 1642 2327; x_wconf 88' lang='lat' dir='ltr'>modo,</span> 
     </span>
     <span class='ocr_line' id='line_1_84' title="bbox 931 2327 1643 2367; baseline 0.01 -16"><span class='ocrx_word' id='word_1_508' title='bbox 931 2328 1032 2352; x_wconf 88' lang='lat' dir='ltr'>tenore</span> <span class='ocrx_word' id='word_1_509' title='bbox 1057 2333 1092 2352; x_wconf 88' lang='lat' dir='ltr'>ac</span> <span class='ocrx_word' id='word_1_510' title='bbox 1118 2334 1291 2362; x_wconf 62' lang='lat' dir='ltr'>progressu.</span> <span class='ocrx_word' id='word_1_511' title='bbox 1331 2327 1395 2356; x_wconf 81' lang='lat' dir='ltr'>Sua</span> <span class='ocrx_word' id='word_1_512' title='bbox 1417 2339 1448 2357; x_wconf 82' lang='lat' dir='ltr'>se</span> <span class='ocrx_word' id='word_1_513' title='bbox 1472 2330 1501 2357; x_wconf 79' lang='lat' dir='ltr'>in</span> <span class='ocrx_word' id='word_1_514' title='bbox 1521 2330 1643 2367; x_wconf 75' lang='lat' dir='ltr'>vestiyia</span> 
     </span>
     <span class='ocr_line' id='line_1_85' title="bbox 931 2362 1641 2407; baseline 0.011 -18"><span class='ocrx_word' id='word_1_515' title='bbox 931 2362 1040 2390; x_wconf 64' lang='lat' dir='ltr'>volvere</span> <span class='ocrx_word' id='word_1_516' title='bbox 1059 2363 1096 2391; x_wconf 89' lang='lat' dir='ltr'>de</span> <span class='ocrx_word' id='word_1_517' title='bbox 1117 2365 1227 2392; x_wconf 86' lang='lat' dir='ltr'>mundo</span> <span class='ocrx_word' id='word_1_518' title='bbox 1249 2365 1359 2395; x_wconf 63' lang='lat' dir='ltr'>VarIus</span> <span class='ocrx_word' id='word_1_519' title='bbox 1381 2372 1447 2397; x_wconf 87' lang='lat' dir='ltr'>ante</span> <span class='ocrx_word' id='word_1_520' title='bbox 1468 2368 1641 2407; x_wconf 76' lang='lat' dir='ltr'>Virgilium,</span> 
     </span>
     <span class='ocr_line' id='line_1_86' title="bbox 931 2401 1447 2441; baseline 0.014 -13"><span class='ocrx_word' id='word_1_521' title='bbox 931 2405 961 2429; x_wconf 89' lang='lat' dir='ltr'>et</span> <span class='ocrx_word' id='word_1_522' title='bbox 977 2404 1046 2438; x_wconf 86' lang='lat' dir='ltr'>post</span> <span class='ocrx_word' id='word_1_523' title='bbox 1063 2401 1137 2430; x_wconf 80' lang='lat' dir='ltr'>hunc</span> <span class='ocrx_word' id='word_1_524' title='bbox 1153 2402 1201 2430; x_wconf 88' lang='lat' dir='ltr'>alii</span> <span class='ocrx_word' id='word_1_525' title='bbox 1215 2405 1314 2441; x_wconf 64' lang='lat' dir='ltr'>poetae</span> <span class='ocrx_word' id='word_1_526' title='bbox 1329 2406 1447 2435; x_wconf 72' lang='lat' dir='ltr'>dixere.</span> 
     </span>
    </p>

    <p class='ocr_par' dir='ltr' id='par_1_9' title="bbox 928 2441 1643 2559">
     <span class='ocr_line' id='line_1_87' title="bbox 965 2441 1643 2478; baseline 0.01 -11"><span class='ocrx_word' id='word_1_527' title='bbox 965 2441 1119 2469; x_wconf 72' lang='lat'><strong>403—407</strong></span> <span class='ocrx_word' id='word_1_528' title='bbox 1149 2442 1317 2471; x_wconf 80' lang='lat' dir='ltr'>Auctumno</span> <span class='ocrx_word' id='word_1_529' title='bbox 1342 2448 1460 2478; x_wconf 82' lang='lat' dir='ltr'>exacto,</span> <span class='ocrx_word' id='word_1_530' title='bbox 1486 2445 1586 2473; x_wconf 75' lang='lat' dir='ltr'>statim</span> <span class='ocrx_word' id='word_1_531' title='bbox 1611 2446 1643 2475; x_wconf 90' lang='lat' dir='ltr'>in</span> 
     </span>
     <span class='ocr_line' id='line_1_88' title="bbox 928 2482 1641 2522; baseline 0.01 -16"><span class='ocrx_word' id='word_1_532' title='bbox 928 2482 1100 2516; x_wconf 85' lang='lat' dir='ltr'>sequentem</span> <span class='ocrx_word' id='word_1_533' title='bbox 1125 2490 1232 2510; x_wconf 80' lang='lat' dir='ltr'>annum</span> <span class='ocrx_word' id='word_1_534' title='bbox 1262 2482 1381 2511; x_wconf 81' lang='lat' dir='ltr'>vinitori</span> <span class='ocrx_word' id='word_1_535' title='bbox 1401 2493 1472 2511; x_wconf 88' lang='lat' dir='ltr'>cura</span> <span class='ocrx_word' id='word_1_536' title='bbox 1496 2487 1526 2511; x_wconf 76' lang='lat' dir='ltr'>et</span> <span class='ocrx_word' id='word_1_537' title='bbox 1547 2494 1641 2522; x_wconf 86' lang='lat' dir='ltr'>opera</span> 
     </span>
     <span class='ocr_line' id='line_1_89' title="bbox 928 2518 1640 2559; baseline 0.008 -15"><span class='ocrx_word' id='word_1_538' title='bbox 928 2518 1117 2546; x_wconf 67' lang='lat' dir='ltr'>extendenda</span> <span class='ocrx_word' id='word_1_539' title='bbox 1144 2524 1200 2547; x_wconf 77' lang='lat' dir='ltr'>est.</span> <span class='ocrx_word' id='word_1_540' title='bbox 1241 2531 1322 2548; x_wconf 68' lang='lat' dir='ltr'>seras</span> <span class='ocrx_word' id='word_1_541' title='bbox 1340 2521 1423 2559; x_wconf 80' lang='lat' dir='ltr'>ponit</span> <span class='ocrx_word' id='word_1_542' title='bbox 1445 2532 1530 2559; x_wconf 74' lang='lat' dir='ltr'>quam</span> <span class='ocrx_word' id='word_1_543' title='bbox 1559 2523 1640 2552; x_wconf 63' lang='lat' dir='ltr'>uinea</span> 
     </span>
    </p>
   </div>
   <div class='ocr_carea' id='block_1_6' title="bbox 920 2555 1640 2599">
    <p class='ocr_par' dir='ltr' id='par_1_10' title="bbox 920 2555 1640 2599">
     <span class='ocr_line' id='line_1_90' title="bbox 920 2555 1640 2599; baseline 0.01 -17"><span class='ocrx_word' id='word_1_544' title='bbox 920 2555 1054 2592; x_wconf 64' lang='lat' dir='ltr'>=frondes·y</span> <span class='ocrx_word' id='word_1_545' title='bbox 1077 2566 1146 2585; x_wconf 86' lang='lat' dir='ltr'>cum</span> <span class='ocrx_word' id='word_1_546' title='bbox 1171 2558 1248 2586; x_wconf 82' lang='lat' dir='ltr'>vites</span> <span class='ocrx_word' id='word_1_547' title='bbox 1269 2560 1389 2588; x_wconf 76' lang='lat' dir='ltr'>frondes</span> <span class='ocrx_word' id='word_1_548' title='bbox 1411 2560 1549 2589; x_wconf 77' lang='lat' dir='ltr'>amittunt</span> <span class='ocrx_word' id='word_1_549' title='bbox 1572 2571 1640 2599; x_wconf 63' lang='lat' dir='ltr'>quae</span> 
     </span>
    </p>
   </div>
   <div class='ocr_carea' id='block_1_7' title="bbox 928 2594 1640 2629">
    <p class='ocr_par' dir='ltr' id='par_1_11' title="bbox 928 2594 1640 2629">
     <span class='ocr_line' id='line_1_91' title="bbox 928 2594 1640 2629; baseline 0.011 -8"><span class='ocrx_word' id='word_1_550' title='bbox 928 2594 964 2622; x_wconf 87' lang='lat' dir='ltr'>ad</span> <span class='ocrx_word' id='word_1_551' title='bbox 994 2596 1138 2624; x_wconf 84' lang='lat' dir='ltr'>seriorem</span> <span class='ocrx_word' id='word_1_552' title='bbox 1163 2602 1352 2626; x_wconf 83' lang='lat' dir='ltr'>auctumnnm</span> <span class='ocrx_word' id='word_1_553' title='bbox 1380 2598 1574 2627; x_wconf 79' lang='lat' dir='ltr'>duraverant.</span> <span class='ocrx_word' id='word_1_554' title='bbox 1595 2600 1640 2629; x_wconf 91' lang='lat' dir='ltr'>H.</span> 
     </span>
    </p>
   </div>
   <div class='ocr_carea' id='block_1_8' title="bbox 176 2630 1640 2713">
    <p class='ocr_par' dir='ltr' id='par_1_12' title="bbox 176 2630 1640 2713">
     <span class='ocr_line' id='line_1_92' title="bbox 178 2630 1640 2675; baseline 0.006 -18"><span class='ocrx_word' id='word_1_555' title='bbox 178 2634 227 2658; x_wconf 71' lang='lat' dir='ltr'>tur</span> <span class='ocrx_word' id='word_1_556' title='bbox 252 2630 371 2659; x_wconf 80' lang='lat' dir='ltr'>victima</span> <span class='ocrx_word' id='word_1_557' title='bbox 397 2630 456 2659; x_wconf 76' lang='lat' dir='ltr'>ritu</span> <span class='ocrx_word' id='word_1_558' title='bbox 482 2641 644 2660; x_wconf 83' lang='lat' dir='ltr'>sacrorum.</span> <span class='ocrx_word' id='word_1_559' title='bbox 685 2633 736 2661; x_wconf 80' lang='lat' dir='ltr'>Sic</span> <span class='ocrx_word' id='word_1_560' title='bbox 760 2636 790 2661; x_wconf 85' lang='lat' dir='ltr'>ct</span> <span class='ocrx_word' id='word_1_561' title='bbox 810 2637 888 2660; x_wconf 78' lang='lat' dir='ltr'>stare</span> <span class='ocrx_word' id='word_1_562' title='bbox 918 2632 984 2670; x_wconf 81' lang='lat' dir='ltr'>jam</span> <span class='ocrx_word' id='word_1_563' title='bbox 1000 2633 1195 2672; x_wconf 79' lang='lat' dir='ltr'>olim—quum</span> <span class='ocrx_word' id='word_1_564' title='bbox 1210 2635 1286 2664; x_wconf 78' lang='lat' dir='ltr'>idem</span> <span class='ocrx_word' id='word_1_565' title='bbox 1302 2637 1362 2664; x_wconf 85' lang='lat' dir='ltr'>sere</span> <span class='ocrx_word' id='word_1_566' title='bbox 1376 2637 1524 2675; x_wconf 78' lang='lat' dir='ltr'>quodjffln</span> <span class='ocrx_word' id='word_1_567' title='bbox 1540 2642 1640 2666; x_wconf 78' lang='lat' dir='ltr'>tum—-</span> 
     </span>
     <span class='ocr_line' id='line_1_93' title="bbox 176 2668 1640 2713; baseline 0.007 -17"><span class='ocrx_word' id='word_1_568' title='bbox 176 2669 300 2698; x_wconf 74' lang='lat' dir='ltr'>verbum</span> <span class='ocrx_word' id='word_1_569' title='bbox 324 2668 475 2699; x_wconf 75' lang='lat' dir='ltr'>sollemne.</span> <span class='ocrx_word' id='word_1_570' title='bbox 516 2670 654 2700; x_wconf 65' lang='lat' dir='ltr'>Victimae</span> <span class='ocrx_word' id='word_1_571' title='bbox 681 2677 793 2709; x_wconf 76' lang='lat' dir='ltr'>partes,</span> <span class='ocrx_word' id='word_1_572' title='bbox 822 2681 888 2709; x_wconf 61' lang='lat' dir='ltr'>quw.</span> <span class='ocrx_word' id='word_1_573' title='bbox 928 2682 1033 2710; x_wconf 49' lang='lat' dir='ltr'>qwnffi·</span> <span class='ocrx_word' id='word_1_574' title='bbox 1055 2673 1136 2702; x_wconf 85' lang='lat' dir='ltr'>unde</span> <span class='ocrx_word' id='word_1_575' title='bbox 1163 2674 1220 2703; x_wconf 71' lang='lat'>405</span> <span class='ocrx_word' id='word_1_576' title='bbox 1233 2675 1297 2711; x_wconf 73' lang='lat' dir='ltr'>jam</span> <span class='ocrx_word' id='word_1_577' title='bbox 1327 2679 1384 2703; x_wconf 79' lang='lat' dir='ltr'>tum</span> <span class='ocrx_word' id='word_1_578' title='bbox 1409 2675 1436 2704; x_wconf 89' lang='lat' dir='ltr'>in</span> <span class='ocrx_word' id='word_1_579' title='bbox 1464 2677 1640 2713; x_wconf 69' lang='lat' dir='ltr'>repetitione</span> 
     </span>
    </p>
   </div>
  </div>
 </body>
</html>
