1796 3077
164 186 252 231 148
590 185 633 222 Ρ.
664 184 894 222 VIRGILH
927 184 1177 223 MARONIS

157 301 325 344 Tantus
346 319 462 346 amor
483 304 667 354 laudtmx,
689 313 816 348 tantae
837 315 902 348 est
922 306 1096 347 victoria
1115 319 1241 347 curae.

158 358 325 401 Primus
347 362 653 403 Erichthonius
673 377 820 404 currus
841 371 883 405 et
902 369 1085 417 quatuor
1104 376 1230 403 ausus

156 416 348 472 (Iungere
364 433 507 472 equos,
529 419 787 474 rapidusque
804 421 905 461 rotis
925 420 1115 460 insistere
1136 419 1282 459 victor.

157 472 296 515 Frena
318 474 577 516 Pelethronii
598 475 794 530 Lapithae
815 490 1026 532 gyrosque
1047 476 1205 517 dedere
1530 472 1609 511 ll«)

158 530 348 585 Impositi
367 531 505 580 dorso,
527 538 654 586 atque
675 534 858 587 equitem
879 534 1062 575 docuere
1085 533 1163 574 sub
1184 530 1309 572 armis

158 586 364 628 Insultare
385 587 485 638 solo,
507 595 549 628 et
569 604 738 643 gressus
758 590 991 646 glomerare
1014 590 1234 644 superbos.
1343 643 1352 652 .

157 644 330 698 AEquus
351 651 529 699 uterque
550 644 695 696 lab0r3
727 662 847 702 aeque
863 648 1146 702 juvenemque
1167 644 1354 699 magistri

157 700 402 754 Exquirunt
423 701 687 757 calidumque
708 705 854 746 animis
874 712 917 746 et
937 704 1128 746 cursibus
1149 717 1312 750 acrem3

156 757 360 803 Quamvis
382 773 494 813 saepe
516 758 618 814 fuga
638 776 779 802 versos
800 761 866 802 ille
887 761 1022 816 egerit
1041 761 1198 808 hostes,
1530 756 1611 796 120

156 814 216 855 Et
237 815 415 869 patriam
436 815 616 870 Epirum
637 818 792 859 reserat
811 819 1024 872 fortesque
1047 818 1268 872 Mycenas,

156 871 434 926 Neptunique
456 873 547 927 ipsa
567 874 751 916 deducat
772 876 932 930 origine
953 882 1137 929 gentem.

211 927 292 969 His
313 930 622 980 animadversis,
644 932 799 972 instant
820 933 898 973 sub
920 939 1098 986 tempus,
1119 938 1162 971 et
1181 945 1325 971 omnes·

155 985 410 1039 Impendunt
431 1001 552 1026 curas
575 988 706 1028 denso
727 989 967 1029 distendere
987 988 1146 1043 pingui,

152 1043 295 1088 Quem
316 1042 457 1096 legere
478 1043 642 1094 ducem,
658 1052 701 1085 et
719 1046 863 1100 pecori
881 1045 1025 1086 dixere
1045 1045 1239 1085 maritum
1257 1060 1266 1092 ς
1530 1038 1610 1082 125

155 1099 455 1153 pubentesque
476 1109 619 1142 secant
639 1101 806 1152 herbas,
828 1102 1061 1156 fluviosque
1082 1101 1329 1148 ministrant,

154 1156 383 1211 Farraque,
406 1171 457 1197 ne
476 1156 632 1199 blando
652 1166 834 1213 nequeat
854 1173 1076 1214 superesse
1096 1157 1245 1207 labori,

157 1275 278 1304 Tollitur
290 1285 299 1303 :
330 1276 458 1304 certavit
486 1286 551 1305 cum
575 1277 667 1307 Hom.
696 1279 716 1307 1.
746 1279 773 1308 Ῐ.
793 1280 862 1309 365.

154 1315 237 1343 -H.
259 1315 433 1343 humescunt.
459 1316 549 1353 Soph.
578 1317 675 1345 Elent.
699 1319 766 1347 718.
792 1322 861 1355 ἀμφὶ

153 1359 224 1381 νῶτα
238 1355 357 1390 ἤφριζον.
384 1353 487 1382 W.—1
495 1356 530 1382 12
544 1365 624 1383 amor
639 1355 763 1391 laudum,
780 1358 863 1396 cupi-

154 1391 245 1426 ditas,
260 1396 292 1420 ut
306 1401 421 1430 semper
437 1394 548 1430 poetic.

192 1431 248 1458 113
289 1430 515 1466 Erichthonium,
547 1432 728 1462 Athenarum
762 1444 861 1471 regem

154 1473 221 1506 post
237 1469 498 1508 Amphictyonem,
523 1471 682 1509 quadrigas
703 1472 861 1508 invenisse,

153 1508 319 1535 Centauros
338 1508 451 1545 primos
470 1519 614 1547 equorum
637 1511 800 1539 domitores
815 1512 862 1539 su-

151 1545 286 1579 issemon
300 1546 417 1584 quidem
430 1552 575 1586 perpetua
587 1558 620 1576 ac
634 1554 781 1584 constans,
817 1550 861 1579 1.,-

154 1584 295 1613 rimorum
317 1589 413 1614 tamen
439 1586 568 1615 narratio
588 1591 645 1615 est.
685 1588 781 1616 Poeta
795 1560 824 1617 E.
842 1589 861 1617 l.

152 1623 295 1660 Lapithas
310 1624 437 1653 nominat
449 1626 542 1663 (quos
557 1636 573 1653 a
587 1626 665 1655 saltu
677 1627 864 1656 Peletlzronio

152 1662 181 1689 in
200 1662 285 1690 Pelio
299 1667 398 1691 monte.
413 1663 576 1692 Thessaliae
591 1665 752 1700 declarat),
770 1666 816 1695 vel
831 1671 863 1695 ut

153 1701 282 1728 fabulam
296 1702 331 1729 ad
346 1711 397 1730 eos
409 1702 564 1730 transferat
576 1704 821 1737 a(1entauris,vel
831 1710 864 1733 ut

153 1738 208 1766 hos
232 1739 310 1768 inter
324 1740 514 1777 Lapitharum
531 1750 623 1787 genus
642 1743 762 1775 referat,
784 1744 863 1780 quod

152 1787 257 1805 verum
269 1788 335 1806 esse
348 1777 476 1806 videtur.
517 1778 535 1806 1⁴
545 1789 613 1807 rena
628 1779 698 1808 alias
711 1780 862 1810 inventum

155 1816 398 1854 Bellerophontis
415 1820 501 1844 sunt:
520 1827 549 1845 v.
562 1817 683 1846 Pindar.
696 1817 745 1847 Ol.
759 1818 861 1853 XIII,

151 1856 191 1882 90
205 1856 328 1883 5.-114
349 1854 421 1882 rotis
436 1854 568 1883 insistere
581 1856 682 1890 victor,
704 1857 862 1896 quadriga-

152 1901 219 1920 rum
240 1902 331 1921 eursu
348 1895 568 1922 certare-115
586 1905 674 1932 yyros
694 1895 805 1929 dedere,
833 1896 862 1925 11.

150 1930 300 1964 invenere,
312 1931 440 1959 docuere
452 1942 561 1969 equum
576 1932 602 1961 in
615 1943 719 1971 gyrum
732 1934 862 1963 flectere.

150 1970 375 2008 ——llfiequitem
388 1974 507 1999 veteres
515 1971 706 2000 Grammatici
718 1982 773 2010 pro
786 1983 862 2011 equo

152 2007 264 2036 dietum
292 2008 439 2036 volebant.
469 2009 527 2038 vid.
558 2009 635 2038 Gell.
663 2009 795 2045 XVIII,
820 2014 837 2040 5
854 2022 859 2040 :

153 2046 291 2075 Macrob.
304 2046 367 2075 Sat.
382 2047 459 2081 VII,
472 2048 501 2077 9.
511 2048 686 2086 Perperam.
700 2049 763 2078 Cur
777 2060 862 2089 eques

154 2094 209 2112 non
224 2084 361 2113 insultare
377 2085 502 2119 dicatur,
524 2087 575 2125 qui
593 2091 622 2116 et
643 2088 792 2123 incedere,
809 2089 860 2117 de-

152 2124 292 2152 currere?
310 2128 433 2162 117191ιεί0
450 2125 538 2162 prius
550 2135 599 2154 ore
619 2136 749 2155 coercens
764 2127 861 2156 Insul-

153 2165 216 2190 rare
235 2161 316 2190 docet
341 2163 449 2201 campis
469 2164 532 2201 jam
549 2164 657 2194 Varius
679 2169 744 2194 ante
759 2166 860 2204 Virgi-

152 2199 225 2228 lium
245 2200 363 2229 dixerat
383 2202 460 2239 apud
481 2203 617 2232 Macrob.
641 2203 700 2238 VI,
721 2206 749 2233 2.
777 2215 861 2243 eques

152 2237 205 2266 sub
229 2238 328 2271 armis,
354 2245 496 2269 armatus.
522 2241 602 2270 idem
626 2252 718 2280 eques
743 2242 861 2272 insultat

153 2286 271 2314 campo,
283 2281 311 2305 et
323 2276 473 2315 ylorner(1!,
487 2279 555 2313 sert,
566 2291 686 2319 gressus
701 2282 859 2319 superbos.

153 2319 298 2352 quatenus
309 2326 416 2353 equum
430 2317 460 2345 id
473 2318 570 2347 facere
585 2320 674 2357 cogit.
714 2320 860 2350 Similiter

154 2354 234 2391 apud
249 2353 409 2384 Horatium
428 2356 527 2393 Epod.
542 2359 589 2391 16,
604 2359 651 2387 12.
665 2369 750 2397 eques
763 2358 858 2388 verbe-

152 2396 200 2419 rat
232 2392 348 2429 1111911111.
388 2394 523 2432 Lupithce
554 2396 667 2435 itaque⁷
697 2396 859 2427 insidentes

153 2430 251 2468 equis,
262 2431 390 2466 docuere,
404 2433 542 2471 exemplo
555 2445 620 2469 suo,
634 2435 756 2473 equitem
770 2436 859 2465 insul-

153 2472 217 2497 tare
236 2469 307 2503 solo,
325 2470 354 2498 11.
373 2471 460 2508 primi
481 2473 564 2502 suere
585 2474 674 2511 hujus
696 2475 767 2503 artis
791 2485 859 2504 auc-

153 2509 343 2536 tores.-118
360 2508 395 2536 In
418 2513 544 2548 utroque
568 2522 711 2550 equorum
733 2523 800 2546 usu,
815 2514 860 2542 ni-

154 2545 261 2574 mirum
283 2550 313 2574 et
333 2548 463 2585 equestri
484 2549 550 2583 hoc,
572 2561 677 2579 cursus
702 2552 859 2590 quadriga-

154 2584 289 2623 rumque,
302 2588 332 2613 et
345 2585 529 2615 admissionis
544 2589 597 2616 illo
617 2590 680 2627 (sic
702 2591 859 2619 sententia-

155 2632 220 2651 rum
235 2623 309 2651 ordo
322 2633 351 2652 v.
363 2624 402 2652 95
416 2625 564 2662 postulat)
575 2628 715 2663 juventus
730 2629 860 2657 onmium

155 2661 283 2692 maxime
303 2666 333 2692 et
353 2662 588 2702 vigorjuvcnilis
604 2671 777 2705 spectatur,
797 2677 861 2703 nec,

902 1279 956 1308 nisi
972 1279 1038 1308 haee
1053 1279 1163 1312 adsint,
1178 1279 1279 1311 refert,
1296 1286 1404 1316 equum
1427 1277 1488 1314 jam
1510 1276 1612 1305 multis

902 1318 1018 1356 proeliis
1032 1318 1215 1352 interfuisse,
1231 1321 1261 1345 et
1276 1316 1422 1354 praeclaro
1442 1325 1550 1350 genere
1564 1315 1610 1343 vel

904 1358 998 1395 stirpe
1022 1367 1089 1385 esse
1110 1360 1218 1384 ortum.
1259 1354 1321 1384 Alii
1340 1355 1367 1383 in
1391 1354 1490 1383 verbis
1511 1364 1610 1392 (equus

903 1395 984 1424 labor
998 1405 1085 1424 usum
1100 1395 1170 1434 equi
1185 1395 1221 1424 ad
1236 1393 1426 1432 equitandum
1440 1397 1470 1422 et
1490 1402 1611 1421 currum

900 1434 993 1463 intelli
1018 1438 1080 1463 unt.

942 1444 1087 1510 120gfuqa
1101 1482 1209 1505 versos,
1223 1472 1251 1500 in
1265 1471 1473 1510 fugatum—121
1499 1469 1611 1508 Epirus

902 1512 947 1549 (v.
963 1522 1032 1549 sup.
1050 1506 1109 1540 ⁸Ge.
1131 1512 1158 1546 1,
1179 1511 1235 1549 59)
1255 1514 1285 1539 et
1306 1510 1437 1549 Illycenoe
1455 1513 1529 1537 cum'
1548 1512 1613 1537 tota

902 1550 1046 1588 Argolide
1072 1552 1118 1587 (v.
1140 1560 1206 1588 sup.
1228 1560 1257 1577 v.
1275 1550 1330 1584 44)
1356 1558 1450 1592 equ-os
1466 1550 1610 1585 praestan-

902 1589 1034 1617 tissimos
1048 1588 1176 1617 alebant.
1217 1590 1272 1618 122
1288 1589 1434 1624 Quamvis
1448 1596 1541 1622 genus
1556 1586 1611 1629 du-

902 1628 999 1656 catab
1015 1627 1081 1666 ipso
1102 1628 1255 1667 NeptunO,
1275 1637 1292 1655 a
1307 1636 1365 1665 quo
1385 1630 1414 1654 et
1439 1625 1559 1668 Cerere,
1579 1634 1610 1652 111

904 1676 1012 1704 equum
1043 1666 1206 1701 conversis,
1235 1666 1332 1695 Arion
1362 1664 1413 1693 ille
1438 1669 1612 1708 notissnnus

904 1704 932 1732 in
949 1704 1056 1733 fabulis
1070 1715 1165 1744 equus
1180 1709 1267 1734 natus
1287 1704 1353 1733 fuit.
1392 1704 1498 1732 Variat
1512 1705 1610 1730 tamen

902 1742 1012 1772 fabula.

941 1782 1094 1810 123—134
1121 1783 1168 1811 De
1186 1782 1351 1811 admissura
1370 1781 1437 1819 ipsa
1462 1778 1613 1818 praecipit.

902 1818 1007 1857 Equus
1030 1825 1060 1848 et
1083 1824 1184 1848 taurus
1206 1823 1287 1857 (nam
1314 1831 1344 1848 v.
1365 1821 1404 1849 49
1424 1820 1462 1848 de
1483 1822 1611 1856 utroque

900 1858 1066 1896 praecipere
1080 1857 1266 1895 incipiebat),
1288 1868 1321 1887 ea
1344 1858 1509 1896 ing-ruente,
1532 1856 1610 1894 sagi-

902 1896 1000 1930 nandi,
1024 1906 1109 1934 equae
1138 1906 1172 1924 ac
1198 1906 1296 1926 vaccae
1320 1900 1387 1924 sunt
1414 1896 1611 1923 macerandae.

902 1933 1066 1963 Commune
1088 1938 1271 1973 praeceptum
1286 1933 1430 1962 Varronis
1445 1932 1491 1965 II,
1514 1935 1544 1965 5.
1563 1933 1611 1976 12.

900 1977 930 2001 et
944 1973 991 2003 ΙΙ,
1005 1974 1088 2006 1,17.
1109 1973 1287 2002 Columellae
1302 1972 1360 2005 VI,
1375 1973 1424 2006 27,
1436 1973 1455 2001 8
1467 1971 1610 2006 Palladii,

900 2015 930 2039 et
944 2012 1087 2046 omnium,
1108 2012 1159 2050 qui
1177 2012 1232 2040 hac
1252 2012 1288 2040 de
1302 2021 1334 2040 re
1350 2015 1609 2049 praeceperunt.—

895 2049 1003 2089 pinyue
1016 2060 1071 2088 pro
1086 2050 1274 2088 pinguedine,
1288 2049 1397 2088 sagina.
1409 2049 1527 2087 (curam
1539 2050 1609 2089 imp.

899 2088 1058 2118 distendere
1072 2089 1102 2117 h.
1117 2099 1143 2117 e.
1158 2089 1186 2117 in
1200 2098 1267 2117 eum
1283 2088 1523 2117 distendendum.
1552 2089 1609 2119 Ta-

899 2127 951 2157 cit.
963 2128 1047 2157 Hist.
1062 2127 1109 2161 II,
1119 2128 1166 2156 10.
1193 2126 1316 2165 Crispus
1324 2127 1489 2156 incubuerat
1502 2127 1609 2157 delato-

899 2177 959 2197 rem
969 2171 1142 2205 pervertere.
1157 2165 1203 2194 W.
1213 2166 1361 2202 )—deuso,
1372 2176 1428 2195 non
1436 2166 1518 2200 laxo,
1528 2167 1608 2204 quod

900 2205 1078 2243 quibusdam
1099 2204 1269 2243 potionibus
1292 2215 1345 2243 per
1362 2205 1498 2234 fraudem
1521 2215 1609 2243 agas-

900 2254 972 2272 ones
987 2245 1081 2273 facere
1096 2248 1327 2277 consueverunt,
1342 2247 1376 2271 ut
1387 2245 1460 2273 bene
1474 2243 1609 2273 Servius.

899 2283 985 2312 Idem
999 2283 1106 2317 discere,
1126 2282 1155 2310 h.
1173 2282 1382 2321 designavere.
1423 2283 1532 2312 Horat.
1547 2282 1606 2325 Od.

900 2321 947 2355 ΙΙ,
960 2322 990 2355 7,
1004 2322 1054 2350 25.
1096 2319 1186 2356 Quem
1207 2320 1305 2350 Venus
1319 2320 1461 2350 arbitrum
1471 2321 1550 2350 dicet
1564 2320 1607 2349 bt-

900 2357 1153 2396 bendi?--fluvi05‚
1168 2360 1382 2398 aquam.-——l26
1391 2359 1528 2398 pubentes
1541 2359 1606 2387 her-

899 2397 960 2432 bas,
973 2398 1173 2436 lanuginosaS.
1207 2398 1281 2427 Nam
1292 2398 1382 2436 pubes
1395 2401 1482 2432 χνοῦς.
1516 2397 1605 2430 Unde

899 2439 964 2469 ἄνθη
987 2440 1101 2470 χνυώόη.
1142 2437 1191 2465 Sic
1215 2442 1243 2466 et
1267 2438 1336 2467 AEn.
1353 2437 1410 2472 IV,
1435 2437 1503 2465 514-
1523 2434 1606 2470 XII,

898 2476 956 2504 413
977 2475 1135 2512 (florentes
1159 2486 1237 2506 esse.
1258 2479 1382 2514 apparet
1407 2485 1444 2503 ex
1466 2474 1540 2503 Not.
1568 2475 1606 2503 ad

899 2513 969 2543 AEn.
986 2513 1070 2545 XII.
1084 2515 1155 2543 413.
1172 2514 1335 2553 W.)—-1·27
1356 2513 1398 2542 Ut
1412 2513 1508 2551 possit
1523 2513 1606 2556 suffi-

900 2556 1037 2581 cere—et
1053 2563 1087 2581 ne
1103 2553 1179 2590 pulli
1198 2554 1326 2590 prodant
1366 2556 1460 2580 atrum
1480 2560 1604 2580 maciem

899 2595 930 2619 et
943 2590 1152 2620 infirmitatem.
1193 2592 1313 2620 Colum.
1349 2591 1388 2621 V.
1409 2591 1457 2618 27.
1480 2591 1499 2619 8
1519 2600 1607 2628 eoque

899 2634 1033 2667 ternpore,
1050 2641 1106 2668 quo
1123 2635 1239 2658 vocatur
1250 2641 1269 2658 a
1277 2628 1408 2667 feminis,
1428 2627 1605 2657 roborandus

898 2672 940 2698 est
960 2668 1040 2708 Iaryo
1054 2669 1116 2698 cibo
1122 2679 1132 2706 3
1153 2673 1190 2704 et,
1207 2668 1453 2707 approphzqumzte
1468 2677 1542 2702 vere,
1556 2678 1604 2696 or*
