<?xml version="1.0" encoding="UTF-8"?>
<!DOCTYPE html PUBLIC "-//W3C//DTD XHTML 1.0 Transitional//EN"
    "http://www.w3.org/TR/xhtml1/DTD/xhtml1-transitional.dtd">
<html xmlns="http://www.w3.org/1999/xhtml" xml:lang="en" lang="en">
 <head>
  <title>
</title>
<meta http-equiv="Content-Type" content="text/html;charset=utf-8" />
  <meta name='ocr-system' content='tesseract 3.04.00' />
  <meta name='ocr-capabilities' content='ocr_page ocr_carea ocr_par ocr_line ocrx_word'/>
</head>
<body>
  <div class='ocr_page' id='page_1' title='image "./operahey00virguoft_0150.png"; bbox 0 0 1796 3077; ppageno 0'>
   <div class='ocr_carea' id='block_1_1' title="bbox 206 191 295 235">
    <p class='ocr_par' dir='ltr' id='par_1_1' title="bbox 206 191 295 235">
     <span class='ocr_line' id='line_1_1' title="bbox 206 191 295 235; baseline -0.011 0"><span class='ocrx_word' id='word_1_1' title='bbox 206 191 295 235; x_wconf 76' lang='lat'>142</span> 
     </span>
    </p>
   </div>
   <div class='ocr_carea' id='block_1_2' title="bbox 621 183 1211 223">
    <p class='ocr_par' dir='ltr' id='par_1_2' title="bbox 621 183 1211 223">
     <span class='ocr_line' id='line_1_2' title="bbox 621 183 1211 223; baseline -0.003 0"><span class='ocrx_word' id='word_1_2' title='bbox 621 186 663 223; x_wconf 82' lang='lat' dir='ltr'>P.</span> <span class='ocrx_word' id='word_1_3' title='bbox 696 183 927 222; x_wconf 86' lang='lat' dir='ltr'>VIRGILII</span> <span class='ocrx_word' id='word_1_4' title='bbox 961 183 1158 222; x_wconf 82' lang='lat' dir='ltr'><strong>MARON</strong></span> <span class='ocrx_word' id='word_1_5' title='bbox 1168 184 1211 221; x_wconf 61' lang='lat' dir='ltr'>ts</span> 
     </span>
    </p>
   </div>
   <div class='ocr_carea' id='block_1_3' title="bbox 201 306 1655 702">
    <p class='ocr_par' dir='ltr' id='par_1_3' title="bbox 201 306 1334 362">
     <span class='ocr_line' id='line_1_3' title="bbox 201 306 1334 362; baseline 0.001 -14"><span class='ocrx_word' id='word_1_6' title='bbox 201 306 345 362; x_wconf 83' lang='lat' dir='ltr'><strong>Atque</strong></span> <span class='ocrx_word' id='word_1_7' title='bbox 366 308 434 349; x_wconf 90' lang='lat' dir='ltr'>hic</span> <span class='ocrx_word' id='word_1_8' title='bbox 453 308 679 348; x_wconf 79' lang='lat' dir='ltr'>undantem</span> <span class='ocrx_word' id='word_1_9' title='bbox 701 306 812 347; x_wconf 84' lang='lat' dir='ltr'>bello</span> <span class='ocrx_word' id='word_1_10' title='bbox 833 320 1113 359; x_wconf 79' lang='lat' dir='ltr'>magnumque</span> <span class='ocrx_word' id='word_1_11' title='bbox 1135 306 1334 348; x_wconf 86' lang='lat' dir='ltr'>fluentem</span> 
     </span>
    </p>

    <p class='ocr_par' dir='ltr' id='par_1_4' title="bbox 202 361 1175 416">
     <span class='ocr_line' id='line_1_4' title="bbox 202 361 1175 416; baseline -0.002 -10"><span class='ocrx_word' id='word_1_12' title='bbox 202 364 361 414; x_wconf 86' lang='lat' dir='ltr'>Nilum,</span> <span class='ocrx_word' id='word_1_13' title='bbox 383 380 430 406; x_wconf 85' lang='lat' dir='ltr'>ac</span> <span class='ocrx_word' id='word_1_14' title='bbox 453 363 586 405; x_wconf 86' lang='lat' dir='ltr'>navali</span> <span class='ocrx_word' id='word_1_15' title='bbox 607 369 825 416; x_wconf 80' lang='lat' dir='ltr'>surgentes</span> <span class='ocrx_word' id='word_1_16' title='bbox 845 377 928 403; x_wconf 82' lang='lat' dir='ltr'>aere</span> <span class='ocrx_word' id='word_1_17' title='bbox 948 361 1175 404; x_wconf 87' lang='lat' dir='ltr'>columnas.</span> 
     </span>
    </p>

    <p class='ocr_par' dir='ltr' id='par_1_5' title="bbox 202 418 1655 533">
     <span class='ocr_line' id='line_1_5' title="bbox 202 418 1655 474; baseline -0.001 -13"><span class='ocrx_word' id='word_1_18' title='bbox 202 420 374 463; x_wconf 82' lang='lat' dir='ltr'>Addam</span> <span class='ocrx_word' id='word_1_19' title='bbox 397 422 521 462; x_wconf 89' lang='lat' dir='ltr'>urbes</span> <span class='ocrx_word' id='word_1_20' title='bbox 542 419 659 460; x_wconf 79' lang='lat' dir='ltr'>Asiae</span> <span class='ocrx_word' id='word_1_21' title='bbox 679 419 857 460; x_wconf 84' lang='lat' dir='ltr'>domitas</span> <span class='ocrx_word' id='word_1_22' title='bbox 879 418 1130 473; x_wconf 90' lang='lat' dir='ltr'>pulsumque</span> <span class='ocrx_word' id='word_1_23' title='bbox 1152 419 1389 474; x_wconf 75' lang='lat' dir='ltr'>Niphaten,</span> <span class='ocrx_word' id='word_1_24' title='bbox 1599 420 1655 460; x_wconf 80' lang='lat'>30</span> 
     </span>
     <span class='ocr_line' id='line_1_6' title="bbox 202 475 1284 533; baseline -0.001 -15"><span class='ocrx_word' id='word_1_25' title='bbox 202 477 505 533; x_wconf 86' lang='lat' dir='ltr'>Fidentemque</span> <span class='ocrx_word' id='word_1_26' title='bbox 528 477 629 531; x_wconf 81' lang='lat' dir='ltr'>fuga</span> <span class='ocrx_word' id='word_1_27' title='bbox 646 475 853 517; x_wconf 83' lang='lat' dir='ltr'>Parthum</span> <span class='ocrx_word' id='word_1_28' title='bbox 872 477 1086 530; x_wconf 87' lang='lat' dir='ltr'>versisque</span> <span class='ocrx_word' id='word_1_29' title='bbox 1108 476 1284 532; x_wconf 81' lang='lat' dir='ltr'><strong>sagittis,</strong></span> 
     </span>
    </p>

    <p class='ocr_par' dir='ltr' id='par_1_6' title="bbox 204 532 1257 588">
     <span class='ocr_line' id='line_1_7' title="bbox 204 532 1257 588; baseline 0 -14"><span class='ocrx_word' id='word_1_30' title='bbox 204 534 264 575; x_wconf 88' lang='lat' dir='ltr'>Et</span> <span class='ocrx_word' id='word_1_31' title='bbox 284 536 368 576; x_wconf 87' lang='lat' dir='ltr'>duo</span> <span class='ocrx_word' id='word_1_32' title='bbox 389 541 510 588; x_wconf 86' lang='lat' dir='ltr'>rapta</span> <span class='ocrx_word' id='word_1_33' title='bbox 528 548 655 575; x_wconf 89' lang='lat' dir='ltr'>manu</span> <span class='ocrx_word' id='word_1_34' title='bbox 677 533 843 575; x_wconf 88' lang='lat' dir='ltr'>diverso</span> <span class='ocrx_word' id='word_1_35' title='bbox 864 546 918 574; x_wconf 83' lang='lat' dir='ltr'>ex</span> <span class='ocrx_word' id='word_1_36' title='bbox 938 532 1060 575; x_wconf 88' lang='lat' dir='ltr'>hoste</span> <span class='ocrx_word' id='word_1_37' title='bbox 1083 540 1257 588; x_wconf 84' lang='lat' dir='ltr'>tropaea,</span> 
     </span>
    </p>

    <p class='ocr_par' dir='ltr' id='par_1_7' title="bbox 202 590 1260 646">
     <span class='ocr_line' id='line_1_8' title="bbox 202 590 1260 646; baseline 0.001 -15"><span class='ocrx_word' id='word_1_38' title='bbox 202 591 360 645; x_wconf 82' lang='lat' dir='ltr'>Bisque</span> <span class='ocrx_word' id='word_1_39' title='bbox 382 590 661 646; x_wconf 85' lang='lat' dir='ltr'>triumphatas</span> <span class='ocrx_word' id='word_1_40' title='bbox 681 598 862 644; x_wconf 84' lang='lat' dir='ltr'>utroque</span> <span class='ocrx_word' id='word_1_41' title='bbox 882 590 936 631; x_wconf 90' lang='lat' dir='ltr'>ab</span> <span class='ocrx_word' id='word_1_42' title='bbox 955 590 1075 632; x_wconf 86' lang='lat' dir='ltr'>litore</span> <span class='ocrx_word' id='word_1_43' title='bbox 1097 597 1260 646; x_wconf 80' lang='lat' dir='ltr'>genteS.</span> 
     </span>
    </p>

    <p class='ocr_par' dir='ltr' id='par_1_8' title="bbox 201 646 1154 702">
     <span class='ocr_line' id='line_1_9' title="bbox 201 646 1154 702; baseline -0.002 -13"><span class='ocrx_word' id='word_1_44' title='bbox 201 649 385 689; x_wconf 75' lang='lat' dir='ltr'>Stabunt</span> <span class='ocrx_word' id='word_1_45' title='bbox 405 656 447 689; x_wconf 83' lang='lat' dir='ltr'>et</span> <span class='ocrx_word' id='word_1_46' title='bbox 469 647 582 689; x_wconf 88' lang='lat' dir='ltr'>Parii</span> <span class='ocrx_word' id='word_1_47' title='bbox 602 646 778 702; x_wconf 88' lang='lat' dir='ltr'>lapides,</span> <span class='ocrx_word' id='word_1_48' title='bbox 801 647 1002 701; x_wconf 80' lang='lat' dir='ltr'>spirantia</span> <span class='ocrx_word' id='word_1_49' title='bbox 1023 648 1154 702; x_wconf 84' lang='lat' dir='ltr'>signa,</span> 
     </span>
    </p>
   </div>
   <div class='ocr_carea' id='block_1_4' title="bbox 198 703 1638 759">
    <p class='ocr_par' dir='ltr' id='par_1_9' title="bbox 198 703 1638 759">
     <span class='ocr_line' id='line_1_10' title="bbox 198 703 1638 759; baseline 0.001 -14"><span class='ocrx_word' id='word_1_50' title='bbox 198 704 397 747; x_wconf 77' lang='lat' dir='ltr'>Assaraci</span> <span class='ocrx_word' id='word_1_51' title='bbox 418 705 571 759; x_wconf 87' lang='lat' dir='ltr'>proles,</span> <span class='ocrx_word' id='word_1_52' title='bbox 594 704 873 758; x_wconf 83' lang='lat' dir='ltr'>demissaeque</span> <span class='ocrx_word' id='word_1_53' title='bbox 894 705 948 745; x_wconf 89' lang='lat' dir='ltr'>ab</span> <span class='ocrx_word' id='word_1_54' title='bbox 969 703 1078 746; x_wconf 84' lang='lat' dir='ltr'>Jove</span> <span class='ocrx_word' id='word_1_55' title='bbox 1097 705 1234 759; x_wconf 83' lang='lat' dir='ltr'>gentis</span> <span class='ocrx_word' id='word_1_56' title='bbox 1600 703 1638 741; x_wconf 76' lang='lat'>3·</span> 
     </span>
    </p>
   </div>
   <div class='ocr_carea' id='block_1_5' title="bbox 198 760 1444 860">
    <p class='ocr_par' dir='ltr' id='par_1_10' title="bbox 198 760 1444 860">
     <span class='ocr_line' id='line_1_11' title="bbox 198 760 1444 860; baseline -0.002 -58"><span class='ocrx_word' id='word_1_57' title='bbox 198 761 395 811; x_wconf 81' lang='lat' dir='ltr'>Nomina,</span> <span class='ocrx_word' id='word_1_58' title='bbox 415 761 613 860; x_wconf 45' lang='lat' dir='ltr'>Trosque</span> <span class='ocrx_word' id='word_1_59' title='bbox 634 776 802 816; x_wconf 84' lang='lat' dir='ltr'>parenS,</span> <span class='ocrx_word' id='word_1_60' title='bbox 825 769 867 802; x_wconf 90' lang='lat' dir='ltr'>et</span> <span class='ocrx_word' id='word_1_61' title='bbox 885 760 1030 816; x_wconf 84' lang='lat' dir='ltr'>Trojae</span> <span class='ocrx_word' id='word_1_62' title='bbox 1051 761 1260 816; x_wconf 81' lang='lat' dir='ltr'>Cynthius</span> <span class='ocrx_word' id='word_1_63' title='bbox 1282 765 1444 802; x_wconf 82' lang='lat' dir='ltr'>auctor.</span> 
     </span>
    </p>
   </div>
   <div class='ocr_carea' id='block_1_6' title="bbox 198 818 523 860">
    <p class='ocr_par' dir='ltr' id='par_1_11' title="bbox 198 818 523 860">
     <span class='ocr_line' id='line_1_12' title="bbox 198 818 523 860; baseline 0.006 -2"><span class='ocrx_word' id='word_1_64' title='bbox 198 818 360 859; x_wconf 87' lang='lat' dir='ltr'>Invidia</span> <span class='ocrx_word' id='word_1_65' title='bbox 380 819 523 860; x_wconf 85' lang='lat' dir='ltr'>infelix</span> 
     </span>
    </p>
   </div>
   <div class='ocr_carea' id='block_1_7' title="bbox 585 819 1174 871">
    <p class='ocr_par' dir='ltr' id='par_1_12' title="bbox 585 819 1174 871">
     <span class='ocr_line' id='line_1_13' title="bbox 585 819 1174 871; baseline 0.002 -12"><span class='ocrx_word' id='word_1_66' title='bbox 585 819 694 860; x_wconf 74' lang='lat' dir='ltr'>urias</span> <span class='ocrx_word' id='word_1_67' title='bbox 715 832 962 871; x_wconf 62' lang='lat' dir='ltr'>&amp;niuemque</span> <span class='ocrx_word' id='word_1_68' title='bbox 983 833 1174 860; x_wconf 80' lang='lat' dir='ltr'>severum</span> 
     </span>
    </p>
   </div>
   <div class='ocr_carea' id='block_1_8' title="bbox 200 873 1156 930">
    <p class='ocr_par' dir='ltr' id='par_1_13' title="bbox 200 873 1156 930">
     <span class='ocr_line' id='line_1_14' title="bbox 200 873 1156 930; baseline 0 -14"><span class='ocrx_word' id='word_1_69' title='bbox 200 875 349 929; x_wconf 86' lang='lat' dir='ltr'>Cocyti</span> <span class='ocrx_word' id='word_1_70' title='bbox 370 883 542 926; x_wconf 85' lang='lat' dir='ltr'>metuet,</span> <span class='ocrx_word' id='word_1_71' title='bbox 565 882 783 930; x_wconf 88' lang='lat' dir='ltr'>tortosque</span> <span class='ocrx_word' id='word_1_72' title='bbox 805 873 963 916; x_wconf 86' lang='lat' dir='ltr'>Ixionis</span> <span class='ocrx_word' id='word_1_73' title='bbox 984 890 1156 930; x_wconf 80' lang='lat' dir='ltr'>angues,</span> 
     </span>
    </p>
   </div>
   <div class='ocr_carea' id='block_1_9' title="bbox 189 999 910 2735">
    <p class='ocr_par' dir='ltr' id='par_1_14' title="bbox 189 999 910 2735">
     <span class='ocr_line' id='line_1_15' title="bbox 197 999 909 1038; baseline 0.001 -11"><span class='ocrx_word' id='word_1_74' title='bbox 197 999 278 1029; x_wconf 80' lang='lat' dir='ltr'>dieta</span> <span class='ocrx_word' id='word_1_75' title='bbox 291 999 431 1038; x_wconf 75' lang='lat' dir='ltr'>accipiaS,</span> <span class='ocrx_word' id='word_1_76' title='bbox 453 1001 534 1038; x_wconf 88' lang='lat' dir='ltr'>quod</span> <span class='ocrx_word' id='word_1_77' title='bbox 553 1004 584 1028; x_wconf 87' lang='lat' dir='ltr'>et</span> <span class='ocrx_word' id='word_1_78' title='bbox 604 1000 704 1038; x_wconf 87' lang='lat' dir='ltr'>ipsum</span> <span class='ocrx_word' id='word_1_79' title='bbox 725 1001 799 1029; x_wconf 82' lang='lat' dir='ltr'>bene</span> <span class='ocrx_word' id='word_1_80' title='bbox 815 1002 909 1030; x_wconf 81' lang='lat' dir='ltr'>tieret.</span> 
     </span>
     <span class='ocr_line' id='line_1_16' title="bbox 197 1039 910 1077; baseline 0.003 -11"><span class='ocrx_word' id='word_1_81' title='bbox 197 1040 286 1067; x_wconf 73' lang='grc'><em>-28,</em></span> <span class='ocrx_word' id='word_1_82' title='bbox 309 1040 348 1067; x_wconf 76' lang='grc'>29</span> <span class='ocrx_word' id='word_1_83' title='bbox 370 1039 550 1077; x_wconf 81' lang='lat' dir='ltr'>AEgyptum,</span> <span class='ocrx_word' id='word_1_84' title='bbox 593 1039 685 1067; x_wconf 79' lang='lat' dir='ltr'>victis</span> <span class='ocrx_word' id='word_1_85' title='bbox 716 1040 846 1068; x_wconf 85' lang='lat' dir='ltr'>Antonio</span> <span class='ocrx_word' id='word_1_86' title='bbox 880 1043 910 1068; x_wconf 86' lang='lat' dir='ltr'>et</span> 
     </span>
     <span class='ocr_line' id='line_1_17' title="bbox 197 1077 908 1116; baseline 0.003 -11"><span class='ocrx_word' id='word_1_87' title='bbox 197 1077 357 1115; x_wconf 79' lang='lat' dir='ltr'>Cleopatra</span> <span class='ocrx_word' id='word_1_88' title='bbox 371 1087 471 1114; x_wconf 69' lang='lat' dir='ltr'>pugna</span> <span class='ocrx_word' id='word_1_89' title='bbox 486 1077 613 1106; x_wconf 82' lang='lat' dir='ltr'>Actiaca</span> <span class='ocrx_word' id='word_1_90' title='bbox 633 1078 740 1112; x_wconf 84' lang='lat' dir='ltr'>navali,</span> <span class='ocrx_word' id='word_1_91' title='bbox 763 1079 792 1106; x_wconf 89' lang='lat' dir='ltr'>in</span> <span class='ocrx_word' id='word_1_92' title='bbox 808 1083 908 1116; x_wconf 86' lang='lat' dir='ltr'>potes-</span> 
     </span>
     <span class='ocr_line' id='line_1_18' title="bbox 198 1116 909 1154; baseline 0.004 -11"><span class='ocrx_word' id='word_1_93' title='bbox 198 1119 288 1144; x_wconf 80' lang='lat' dir='ltr'>tatem</span> <span class='ocrx_word' id='word_1_94' title='bbox 305 1116 342 1144; x_wconf 83' lang='lat' dir='ltr'>ab</span> <span class='ocrx_word' id='word_1_95' title='bbox 357 1116 495 1154; x_wconf 88' lang='lat' dir='ltr'>Augusto</span> <span class='ocrx_word' id='word_1_96' title='bbox 515 1116 666 1145; x_wconf 89' lang='lat' dir='ltr'>redactam</span> <span class='ocrx_word' id='word_1_97' title='bbox 681 1122 835 1146; x_wconf 87' lang='lat' dir='ltr'>memorat.</span> <span class='ocrx_word' id='word_1_98' title='bbox 857 1128 909 1146; x_wconf 79' lang='lat' dir='ltr'>mz-</span> 
     </span>
     <span class='ocr_line' id='line_1_19' title="bbox 197 1153 910 1193; baseline 0.003 -11"><span class='ocrx_word' id='word_1_99' title='bbox 197 1153 311 1182; x_wconf 71' lang='lat' dir='ltr'>dantem</span> <span class='ocrx_word' id='word_1_100' title='bbox 325 1154 396 1182; x_wconf 74' lang='lat' dir='ltr'>bello</span> <span class='ocrx_word' id='word_1_101' title='bbox 411 1158 441 1182; x_wconf 88' lang='lat' dir='ltr'>et</span> <span class='ocrx_word' id='word_1_102' title='bbox 454 1165 599 1193; x_wconf 70' lang='lat' dir='ltr'>maynum,</span> <span class='ocrx_word' id='word_1_103' title='bbox 622 1156 756 1193; x_wconf 89' lang='lat' dir='ltr'>copiose,</span> <span class='ocrx_word' id='word_1_104' title='bbox 772 1156 910 1192; x_wconf 78' lang='lat' dir='ltr'>fluentem</span> 
     </span>
     <span class='ocr_line' id='line_1_20' title="bbox 196 1192 909 1231; baseline 0.003 -10"><span class='ocrx_word' id='word_1_105' title='bbox 196 1194 280 1231; x_wconf 83' lang='lat' dir='ltr'>(nam</span> <span class='ocrx_word' id='word_1_106' title='bbox 289 1192 369 1229; x_wconf 80' lang='lat' dir='ltr'>fluit,</span> <span class='ocrx_word' id='word_1_107' title='bbox 390 1203 520 1231; x_wconf 70' lang='lat' dir='ltr'>maynns,</span> <span class='ocrx_word' id='word_1_108' title='bbox 542 1192 657 1227; x_wconf 77' lang='lat' dir='ltr'>multus,</span> <span class='ocrx_word' id='word_1_109' title='bbox 680 1194 802 1228; x_wconf 82' lang='lat' dir='ltr'>fluvius,</span> <span class='ocrx_word' id='word_1_110' title='bbox 823 1199 909 1225; x_wconf 62' lang='grc' dir='ltr'>πολὺς-</span> 
     </span>
     <span class='ocr_line' id='line_1_21' title="bbox 196 1231 908 1271; baseline 0.007 -14"><span class='ocrx_word' id='word_1_111' title='bbox 196 1233 265 1267; x_wconf 54' lang='lat' dir='ltr'>pta.</span> <span class='ocrx_word' id='word_1_112' title='bbox 287 1232 326 1259; x_wconf 87' lang='lat' dir='ltr'>et&#39;.</span> <span class='ocrx_word' id='word_1_113' title='bbox 346 1231 446 1260; x_wconf 84' lang='lat' dir='ltr'>Bentl.</span> <span class='ocrx_word' id='word_1_114' title='bbox 465 1232 503 1260; x_wconf 81' lang='lat' dir='ltr'>ad</span> <span class='ocrx_word' id='word_1_115' title='bbox 524 1231 634 1260; x_wconf 84' lang='lat' dir='ltr'>Horat.</span> <span class='ocrx_word' id='word_1_116' title='bbox 649 1233 677 1261; x_wconf 91' lang='grc' dir='ltr'><strong>Ι.</strong></span> <span class='ocrx_word' id='word_1_117' title='bbox 691 1233 785 1262; x_wconf 89' lang='lat' dir='ltr'>Serm.</span> <span class='ocrx_word' id='word_1_118' title='bbox 796 1234 825 1267; x_wconf 90' lang='lat'>7,</span> <span class='ocrx_word' id='word_1_119' title='bbox 840 1233 908 1271; x_wconf 80' lang='lat'>28.)</span> 
     </span>
     <span class='ocr_line' id='line_1_22' title="bbox 197 1269 907 1311; baseline 0.006 -14"><span class='ocrx_word' id='word_1_120' title='bbox 197 1269 301 1298; x_wconf 86' lang='lat' dir='ltr'>Nilum</span> <span class='ocrx_word' id='word_1_121' title='bbox 307 1279 423 1298; x_wconf 88' lang='lat' dir='ltr'>amnem</span> <span class='ocrx_word' id='word_1_122' title='bbox 434 1280 540 1308; x_wconf 85' lang='lat' dir='ltr'>magno</span> <span class='ocrx_word' id='word_1_123' title='bbox 552 1270 658 1309; x_wconf 88' lang='lat' dir='ltr'>spiritu</span> <span class='ocrx_word' id='word_1_124' title='bbox 670 1271 907 1311; x_wconf 87' lang='lat' dir='ltr'>appellat‚pr0p-</span> 
     </span>
     <span class='ocr_line' id='line_1_23' title="bbox 195 1309 907 1346; baseline 0.006 -10"><span class='ocrx_word' id='word_1_125' title='bbox 195 1310 243 1336; x_wconf 87' lang='lat' dir='ltr'>ter</span> <span class='ocrx_word' id='word_1_126' title='bbox 263 1318 387 1346; x_wconf 76' lang='lat' dir='ltr'>magnos</span> <span class='ocrx_word' id='word_1_127' title='bbox 404 1312 565 1346; x_wconf 83' lang='lat' dir='ltr'>apparatus</span> <span class='ocrx_word' id='word_1_128' title='bbox 580 1309 705 1338; x_wconf 89' lang='lat' dir='ltr'>bellicos</span> <span class='ocrx_word' id='word_1_129' title='bbox 720 1311 756 1339; x_wconf 89' lang='lat' dir='ltr'>ab</span> <span class='ocrx_word' id='word_1_130' title='bbox 775 1311 907 1340; x_wconf 82' lang='lat' dir='ltr'>Antonio</span> 
     </span>
     <span class='ocr_line' id='line_1_24' title="bbox 194 1345 906 1413; baseline 0.007 -39"><span class='ocrx_word' id='word_1_131' title='bbox 194 1345 226 1389; x_wconf 76' lang='lat' dir='ltr'>in</span> <span class='ocrx_word' id='word_1_132' title='bbox 248 1346 385 1413; x_wconf 54' lang='lat' dir='ltr'>AEgylpto</span> <span class='ocrx_word' id='word_1_133' title='bbox 407 1347 520 1383; x_wconf 80' lang='lat' dir='ltr'>sactos;</span> <span class='ocrx_word' id='word_1_134' title='bbox 550 1352 584 1376; x_wconf 89' lang='lat' dir='ltr'>ut</span> <span class='ocrx_word' id='word_1_135' title='bbox 606 1348 734 1386; x_wconf 86' lang='lat' dir='ltr'>populos</span> <span class='ocrx_word' id='word_1_136' title='bbox 759 1353 810 1378; x_wconf 84' lang='lat' dir='ltr'>aut</span> <span class='ocrx_word' id='word_1_137' title='bbox 838 1360 906 1388; x_wconf 88' lang='lat' dir='ltr'>pro-</span> 
     </span>
     <span class='ocr_line' id='line_1_25' title="bbox 197 1385 908 1421; baseline 0.008 -9"><span class='ocrx_word' id='word_1_138' title='bbox 197 1385 311 1414; x_wconf 74' lang='lat' dir='ltr'>vincias</span> <span class='ocrx_word' id='word_1_139' title='bbox 345 1385 397 1414; x_wconf 84' lang='lat' dir='ltr'>ello</span> <span class='ocrx_word' id='word_1_140' title='bbox 409 1390 548 1415; x_wconf 74' lang='lat' dir='ltr'>tumentes</span> <span class='ocrx_word' id='word_1_141' title='bbox 560 1386 674 1421; x_wconf 66' lang='lat' dir='ltr'>dicunt,</span> <span class='ocrx_word' id='word_1_142' title='bbox 695 1397 762 1416; x_wconf 87' lang='lat' dir='ltr'>cum</span> <span class='ocrx_word' id='word_1_143' title='bbox 778 1388 908 1418; x_wconf 80' lang='lat' dir='ltr'>animose</span> 
     </span>
     <span class='ocr_line' id='line_1_26' title="bbox 198 1423 908 1464; baseline 0.007 -13"><span class='ocrx_word' id='word_1_144' title='bbox 198 1423 309 1452; x_wconf 84' lang='lat' dir='ltr'>bellum</span> <span class='ocrx_word' id='word_1_145' title='bbox 330 1428 453 1462; x_wconf 82' lang='lat' dir='ltr'>parant3</span> <span class='ocrx_word' id='word_1_146' title='bbox 474 1429 507 1454; x_wconf 84' lang='lat' dir='ltr'>ut</span> <span class='ocrx_word' id='word_1_147' title='bbox 521 1425 638 1454; x_wconf 78' lang='lat' dir='ltr'>omnino</span> <span class='ocrx_word' id='word_1_148' title='bbox 654 1427 805 1464; x_wconf 85' lang='lat' dir='ltr'>superbia,</span> <span class='ocrx_word' id='word_1_149' title='bbox 828 1428 908 1457; x_wconf 84' lang='lat' dir='ltr'>fastu</span> 
     </span>
     <span class='ocr_line' id='line_1_27' title="bbox 194 1463 908 1501; baseline 0.008 -12"><span class='ocrx_word' id='word_1_150' title='bbox 194 1465 305 1490; x_wconf 74' lang='lat' dir='ltr'>tumere</span> <span class='ocrx_word' id='word_1_151' title='bbox 329 1463 471 1492; x_wconf 88' lang='lat' dir='ltr'>dicuntur</span> <span class='ocrx_word' id='word_1_152' title='bbox 489 1464 632 1493; x_wconf 89' lang='lat' dir='ltr'>homines.</span> <span class='ocrx_word' id='word_1_153' title='bbox 672 1464 762 1501; x_wconf 81' lang='lat' dir='ltr'>Quod</span> <span class='ocrx_word' id='word_1_154' title='bbox 784 1475 852 1494; x_wconf 88' lang='lat' dir='ltr'>eum</span> <span class='ocrx_word' id='word_1_155' title='bbox 871 1467 908 1495; x_wconf 88' lang='lat' dir='ltr'>ad</span> 
     </span>
     <span class='ocr_line' id='line_1_28' title="bbox 197 1500 910 1541; baseline 0.007 -13"><span class='ocrx_word' id='word_1_156' title='bbox 197 1500 321 1529; x_wconf 85' lang='lat' dir='ltr'>fluvium</span> <span class='ocrx_word' id='word_1_157' title='bbox 349 1501 537 1536; x_wconf 79' lang='lat' dir='ltr'>transfertur,</span> <span class='ocrx_word' id='word_1_158' title='bbox 562 1502 708 1541; x_wconf 86' lang='lat' dir='ltr'>praeclare</span> <span class='ocrx_word' id='word_1_159' title='bbox 735 1503 785 1532; x_wconf 87' lang='lat' dir='ltr'>ille</span> <span class='ocrx_word' id='word_1_160' title='bbox 801 1505 910 1541; x_wconf 78' lang='lat' dir='ltr'>fluctus</span> 
     </span>
     <span class='ocr_line' id='line_1_29' title="bbox 196 1538 908 1579; baseline 0.007 -13"><span class='ocrx_word' id='word_1_161' title='bbox 196 1538 316 1573; x_wconf 79' lang='lat' dir='ltr'>volvere,</span> <span class='ocrx_word' id='word_1_162' title='bbox 334 1550 426 1579; x_wconf 80' lang='lat' dir='ltr'>aquas</span> <span class='ocrx_word' id='word_1_163' title='bbox 443 1551 548 1579; x_wconf 65' lang='lat' dir='ltr'>auqere</span> <span class='ocrx_word' id='word_1_164' title='bbox 565 1546 594 1569; x_wconf 79' lang='lat' dir='ltr'>et</span> <span class='ocrx_word' id='word_1_165' title='bbox 607 1540 740 1575; x_wconf 76' lang='lat' dir='ltr'>incitare,</span> <span class='ocrx_word' id='word_1_166' title='bbox 764 1542 832 1570; x_wconf 71' lang='lat' dir='ltr'>henr</span> <span class='ocrx_word' id='word_1_167' title='bbox 856 1553 908 1571; x_wconf 76' lang='lat' dir='ltr'>zm-</span> 
     </span>
     <span class='ocr_line' id='line_1_30' title="bbox 196 1577 909 1617; baseline 0.007 -12"><span class='ocrx_word' id='word_1_168' title='bbox 196 1577 265 1606; x_wconf 76' lang='lat' dir='ltr'>‹lare</span> <span class='ocrx_word' id='word_1_169' title='bbox 279 1578 338 1607; x_wconf 86' lang='lat' dir='ltr'>(lici</span> <span class='ocrx_word' id='word_1_170' title='bbox 355 1583 466 1617; x_wconf 87' lang='lat' dir='ltr'>potest.</span> <span class='ocrx_word' id='word_1_171' title='bbox 486 1580 533 1609; x_wconf 87' lang='lat' dir='ltr'>H.</span> <span class='ocrx_word' id='word_1_172' title='bbox 566 1580 681 1609; x_wconf 81' lang='lat' dir='ltr'>Eadem</span> <span class='ocrx_word' id='word_1_173' title='bbox 695 1585 742 1610; x_wconf 83' lang='lat' dir='ltr'>est</span> <span class='ocrx_word' id='word_1_174' title='bbox 755 1581 909 1611; x_wconf 83' lang='lat' dir='ltr'>translatio</span> 
     </span>
     <span class='ocr_line' id='line_1_31' title="bbox 196 1617 909 1656; baseline 0.007 -12"><span class='ocrx_word' id='word_1_175' title='bbox 196 1626 280 1654; x_wconf 84' lang='lat' dir='ltr'>supr.</span> <span class='ocrx_word' id='word_1_176' title='bbox 295 1617 340 1651; x_wconf 81' lang='grc' dir='ltr'>ΙΙ,</span> <span class='ocrx_word' id='word_1_177' title='bbox 351 1619 419 1646; x_wconf 77' lang='grc'><strong>437.</strong></span> <span class='ocrx_word' id='word_1_178' title='bbox 443 1619 583 1656; x_wconf 77' lang='lat' dir='ltr'>Cytorum</span> <span class='ocrx_word' id='word_1_179' title='bbox 594 1619 748 1648; x_wconf 67' lang='lat' dir='ltr'>uredantem</span> <span class='ocrx_word' id='word_1_180' title='bbox 761 1619 843 1649; x_wconf 71' lang='lat' dir='ltr'>buxo.</span> <span class='ocrx_word' id='word_1_181' title='bbox 862 1621 909 1650; x_wconf 89' lang='lat' dir='ltr'>W.</span> 
     </span>
     <span class='ocr_line' id='line_1_32' title="bbox 197 1655 909 1693; baseline 0.007 -10"><span class='ocrx_word' id='word_1_182' title='bbox 197 1655 366 1685; x_wconf 80' lang='lat' dir='ltr'>Columnam</span> <span class='ocrx_word' id='word_1_183' title='bbox 378 1661 535 1685; x_wconf 76' lang='lat' dir='ltr'>rostratam</span> <span class='ocrx_word' id='word_1_184' title='bbox 546 1658 640 1686; x_wconf 87' lang='lat' dir='ltr'>altero</span> <span class='ocrx_word' id='word_1_185' title='bbox 651 1667 741 1686; x_wconf 89' lang='lat' dir='ltr'>versu</span> <span class='ocrx_word' id='word_1_186' title='bbox 751 1659 909 1693; x_wconf 85' lang='lat' dir='ltr'>describit,</span> 
     </span>
     <span class='ocr_line' id='line_1_33' title="bbox 196 1695 908 1732; baseline 0.006 -10"><span class='ocrx_word' id='word_1_187' title='bbox 196 1696 345 1732; x_wconf 71' lang='lat' dir='ltr'>tropaeum</span> <span class='ocrx_word' id='word_1_188' title='bbox 371 1705 405 1724; x_wconf 79' lang='lat' dir='ltr'>ac</span> <span class='ocrx_word' id='word_1_189' title='bbox 427 1695 562 1724; x_wconf 68' lang='lat' dir='ltr'>victoriae</span> <span class='ocrx_word' id='word_1_190' title='bbox 584 1697 716 1725; x_wconf 81' lang='lat' dir='ltr'>Actiacae</span> <span class='ocrx_word' id='word_1_191' title='bbox 737 1707 908 1726; x_wconf 78' lang='lat' dir='ltr'>monumen·</span> 
     </span>
     <span class='ocr_line' id='line_1_34' title="bbox 194 1734 907 1771; baseline 0.006 -11"><span class='ocrx_word' id='word_1_192' title='bbox 194 1734 442 1771; x_wconf 74' lang='lat' dir='ltr'>tum.—Suryunt</span> <span class='ocrx_word' id='word_1_193' title='bbox 453 1738 550 1762; x_wconf 86' lang='lat' dir='ltr'>autem</span> <span class='ocrx_word' id='word_1_194' title='bbox 561 1734 718 1768; x_wconf 82' lang='lat' dir='ltr'>columnae,</span> <span class='ocrx_word' id='word_1_195' title='bbox 729 1739 761 1763; x_wconf 87' lang='lat' dir='ltr'>ut</span> <span class='ocrx_word' id='word_1_196' title='bbox 770 1735 907 1771; x_wconf 73' lang='lat' dir='ltr'>aedificia,</span> 
     </span>
     <span class='ocr_line' id='line_1_35' title="bbox 196 1771 907 1809; baseline 0.004 -10"><span class='ocrx_word' id='word_1_197' title='bbox 196 1771 323 1800; x_wconf 74' lang='lat' dir='ltr'>moenia:</span> <span class='ocrx_word' id='word_1_198' title='bbox 349 1771 466 1809; x_wconf 77' lang='lat' dir='ltr'>vulgari</span> <span class='ocrx_word' id='word_1_199' title='bbox 489 1781 633 1806; x_wconf 84' lang='lat' dir='ltr'>sermone,</span> <span class='ocrx_word' id='word_1_200' title='bbox 657 1775 835 1801; x_wconf 82' lang='lat' dir='ltr'>stant.—30.</span> <span class='ocrx_word' id='word_1_201' title='bbox 859 1775 907 1802; x_wconf 86' lang='lat'>31.</span> 
     </span>
     <span class='ocr_line' id='line_1_36' title="bbox 198 1808 908 1849; baseline 0.006 -12"><span class='ocrx_word' id='word_1_202' title='bbox 198 1808 363 1838; x_wconf 78' lang='lat' dir='ltr'>Victoriam</span> <span class='ocrx_word' id='word_1_203' title='bbox 390 1810 426 1838; x_wconf 90' lang='lat' dir='ltr'>de</span> <span class='ocrx_word' id='word_1_204' title='bbox 452 1811 615 1844; x_wconf 83' lang='lat' dir='ltr'>Armeniis,</span> <span class='ocrx_word' id='word_1_205' title='bbox 641 1820 717 1849; x_wconf 92' lang='lat' dir='ltr'>quos</span> <span class='ocrx_word' id='word_1_206' title='bbox 738 1821 755 1839; x_wconf 90' lang='lat' dir='ltr'>a</span> <span class='ocrx_word' id='word_1_207' title='bbox 777 1811 908 1849; x_wconf 80' lang='lat' dir='ltr'>Niphate</span> 
     </span>
     <span class='ocr_line' id='line_1_37' title="bbox 196 1848 907 1886; baseline 0.004 -11"><span class='ocrx_word' id='word_1_208' title='bbox 196 1851 296 1876; x_wconf 86' lang='lat' dir='ltr'>monte</span> <span class='ocrx_word' id='word_1_209' title='bbox 310 1848 458 1886; x_wconf 87' lang='lat' dir='ltr'>designat,</span> <span class='ocrx_word' id='word_1_210' title='bbox 479 1849 515 1877; x_wconf 85' lang='lat' dir='ltr'>ad</span> <span class='ocrx_word' id='word_1_211' title='bbox 529 1858 617 1886; x_wconf 90' lang='lat' dir='ltr'>quem</span> <span class='ocrx_word' id='word_1_212' title='bbox 643 1850 793 1883; x_wconf 80' lang='lat' dir='ltr'>accolunt,</span> <span class='ocrx_word' id='word_1_213' title='bbox 816 1854 846 1878; x_wconf 90' lang='lat' dir='ltr'>et</span> <span class='ocrx_word' id='word_1_214' title='bbox 868 1851 907 1879; x_wconf 88' lang='lat' dir='ltr'>de</span> 
     </span>
     <span class='ocr_line' id='line_1_38' title="bbox 197 1885 907 1925; baseline 0.004 -11"><span class='ocrx_word' id='word_1_215' title='bbox 197 1885 318 1914; x_wconf 81' lang='lat' dir='ltr'>Parthis</span> <span class='ocrx_word' id='word_1_216' title='bbox 337 1887 496 1924; x_wconf 85' lang='lat' dir='ltr'>promittit.</span> <span class='ocrx_word' id='word_1_217' title='bbox 536 1888 584 1916; x_wconf 94' lang='lat' dir='ltr'>De</span> <span class='ocrx_word' id='word_1_218' title='bbox 600 1886 730 1925; x_wconf 75' lang='lat' dir='ltr'>Niphate</span> <span class='ocrx_word' id='word_1_219' title='bbox 744 1889 805 1917; x_wconf 84' lang='lat' dir='ltr'>vid.</span> <span class='ocrx_word' id='word_1_220' title='bbox 817 1888 907 1917; x_wconf 84' lang='lat' dir='ltr'>iuter-</span> 
     </span>
     <span class='ocr_line' id='line_1_39' title="bbox 198 1924 906 1964; baseline 0.007 -13"><span class='ocrx_word' id='word_1_221' title='bbox 198 1928 298 1961; x_wconf 80' lang='lat' dir='ltr'>pretes</span> <span class='ocrx_word' id='word_1_222' title='bbox 315 1924 437 1953; x_wconf 77' lang='lat' dir='ltr'>Horatii</span> <span class='ocrx_word' id='word_1_223' title='bbox 456 1926 517 1954; x_wconf 83' lang='lat' dir='ltr'>Od.</span> <span class='ocrx_word' id='word_1_224' title='bbox 531 1926 578 1959; x_wconf 90' lang='lat' dir='ltr'>II,</span> <span class='ocrx_word' id='word_1_225' title='bbox 591 1928 621 1960; x_wconf 85' lang='lat'>9,</span> <span class='ocrx_word' id='word_1_226' title='bbox 637 1928 684 1956; x_wconf 83' lang='lat'>19.</span> <span class='ocrx_word' id='word_1_227' title='bbox 706 1927 795 1964; x_wconf 79' lang='lat' dir='ltr'>Apud</span> <span class='ocrx_word' id='word_1_228' title='bbox 814 1928 906 1956; x_wconf 75' lang='lat' dir='ltr'>Luca-</span> 
     </span>
     <span class='ocr_line' id='line_1_40' title="bbox 198 1963 906 2002; baseline 0.007 -12"><span class='ocrx_word' id='word_1_229' title='bbox 198 1972 266 1990; x_wconf 86' lang='lat' dir='ltr'>num</span> <span class='ocrx_word' id='word_1_230' title='bbox 290 1963 355 1997; x_wconf 93' lang='lat' dir='ltr'>III,</span> <span class='ocrx_word' id='word_1_231' title='bbox 381 1964 449 1992; x_wconf 69' lang='lat'>245.</span> <span class='ocrx_word' id='word_1_232' title='bbox 476 1964 623 2002; x_wconf 79' lang='lat' dir='ltr'>Niphates</span> <span class='ocrx_word' id='word_1_233' title='bbox 649 1969 696 1993; x_wconf 91' lang='lat' dir='ltr'>est</span> <span class='ocrx_word' id='word_1_234' title='bbox 722 1966 841 1995; x_wconf 79' lang='lat' dir='ltr'>fluvius.</span> <span class='ocrx_word' id='word_1_235' title='bbox 862 1966 906 1995; x_wconf 87' lang='lat' dir='ltr'>H.</span> 
     </span>
     <span class='ocr_line' id='line_1_41' title="bbox 192 2000 907 2041; baseline 0.007 -13"><span class='ocrx_word' id='word_1_236' title='bbox 192 2000 308 2038; x_wconf 76' lang='lat' dir='ltr'>pulsum</span> <span class='ocrx_word' id='word_1_237' title='bbox 336 2002 494 2040; x_wconf 75' lang='lat' dir='ltr'>Niphatem</span> <span class='ocrx_word' id='word_1_238' title='bbox 514 2013 570 2040; x_wconf 81' lang='lat' dir='ltr'>pro</span> <span class='ocrx_word' id='word_1_239' title='bbox 584 2003 699 2041; x_wconf 85' lang='lat' dir='ltr'>pulsam</span> <span class='ocrx_word' id='word_1_240' title='bbox 725 2005 907 2039; x_wconf 82' lang='lat' dir='ltr'>Armeniam,</span> 
     </span>
     <span class='ocr_line' id='line_1_42' title="bbox 197 2039 907 2080; baseline 0.007 -13"><span class='ocrx_word' id='word_1_241' title='bbox 197 2039 260 2068; x_wconf 85' lang='lat' dir='ltr'>sive</span> <span class='ocrx_word' id='word_1_242' title='bbox 274 2040 390 2077; x_wconf 85' lang='lat' dir='ltr'>pulsos,</span> <span class='ocrx_word' id='word_1_243' title='bbox 401 2041 498 2070; x_wconf 87' lang='lat' dir='ltr'>victos</span> <span class='ocrx_word' id='word_1_244' title='bbox 506 2042 675 2077; x_wconf 83' lang='lat' dir='ltr'>Armenios,</span> <span class='ocrx_word' id='word_1_245' title='bbox 685 2044 783 2080; x_wconf 69' lang='lat' dir='ltr'>poeta:</span> <span class='ocrx_word' id='word_1_246' title='bbox 796 2045 907 2072; x_wconf 88' lang='lat' dir='ltr'>condo-</span> 
     </span>
     <span class='ocr_line' id='line_1_43' title="bbox 197 2079 909 2117; baseline 0.007 -12"><span class='ocrx_word' id='word_1_247' title='bbox 197 2079 335 2107; x_wconf 84' lang='lat' dir='ltr'>nandum.</span> <span class='ocrx_word' id='word_1_248' title='bbox 369 2080 411 2108; x_wconf 89' lang='lat' dir='ltr'>At</span> <span class='ocrx_word' id='word_1_249' title='bbox 433 2080 510 2108; x_wconf 87' lang='lat' dir='ltr'>male</span> <span class='ocrx_word' id='word_1_250' title='bbox 536 2080 636 2109; x_wconf 87' lang='lat' dir='ltr'>Plinio</span> <span class='ocrx_word' id='word_1_251' title='bbox 658 2082 771 2117; x_wconf 68' lang='lat' dir='ltr'>Paneg.</span> <span class='ocrx_word' id='word_1_252' title='bbox 795 2092 821 2110; x_wconf 91' lang='lat' dir='ltr'>c.</span> <span class='ocrx_word' id='word_1_253' title='bbox 845 2082 909 2111; x_wconf 84' lang='lat' dir='ltr'>XI.</span> 
     </span>
     <span class='ocr_line' id='line_1_44' title="bbox 196 2116 908 2158; baseline 0.006 -14"><span class='ocrx_word' id='word_1_254' title='bbox 196 2116 340 2146; x_wconf 80' lang='lat' dir='ltr'>rationem</span> <span class='ocrx_word' id='word_1_255' title='bbox 346 2117 474 2156; x_wconf 86' lang='lat' dir='ltr'>loquend</span> <span class='ocrx_word' id='word_1_256' title='bbox 480 2119 488 2147; x_wconf 88' lang='lat' dir='ltr'>i</span> <span class='ocrx_word' id='word_1_257' title='bbox 495 2118 908 2158; x_wconf 70' lang='lat' dir='ltr'>imperiumpulsumfuyalmu-</span> 
     </span>
     <span class='ocr_line' id='line_1_45' title="bbox 197 2155 908 2198; baseline 0.008 -16"><span class='ocrx_word' id='word_1_258' title='bbox 197 2166 250 2198; x_wconf 67' lang='lat' dir='ltr'>que</span> <span class='ocrx_word' id='word_1_259' title='bbox 265 2155 417 2194; x_wconf 64' lang='lat' dir='ltr'>affingunt,</span> <span class='ocrx_word' id='word_1_260' title='bbox 442 2157 578 2187; x_wconf 80' lang='lat' dir='ltr'><strong>W.—-32.</strong></span> <span class='ocrx_word' id='word_1_261' title='bbox 592 2159 630 2187; x_wconf 79' lang='lat'>33</span> <span class='ocrx_word' id='word_1_262' title='bbox 646 2159 804 2196; x_wconf 79' lang='lat' dir='ltr'>Exprimet</span> <span class='ocrx_word' id='word_1_263' title='bbox 819 2169 908 2197; x_wconf 86' lang='lat' dir='ltr'>porro</span> 
     </span>
     <span class='ocr_line' id='line_1_46' title="bbox 198 2194 908 2234; baseline 0.008 -13"><span class='ocrx_word' id='word_1_264' title='bbox 198 2194 273 2222; x_wconf 77' lang='lat' dir='ltr'>iniis</span> <span class='ocrx_word' id='word_1_265' title='bbox 281 2195 394 2223; x_wconf 77' lang='lat' dir='ltr'>foribus</span> <span class='ocrx_word' id='word_1_266' title='bbox 403 2196 464 2224; x_wconf 91' lang='lat' dir='ltr'>duo</span> <span class='ocrx_word' id='word_1_267' title='bbox 475 2200 599 2234; x_wconf 67' lang='lat' dir='ltr'>tropaea,</span> <span class='ocrx_word' id='word_1_268' title='bbox 610 2197 735 2226; x_wconf 86' lang='lat' dir='ltr'>alterum</span> <span class='ocrx_word' id='word_1_269' title='bbox 745 2198 782 2226; x_wconf 90' lang='lat' dir='ltr'>de</span> <span class='ocrx_word' id='word_1_270' title='bbox 791 2199 908 2227; x_wconf 86' lang='lat' dir='ltr'>oriente</span> 
     </span>
     <span class='ocr_line' id='line_1_47' title="bbox 198 2233 907 2268; baseline 0.01 -9"><span class='ocrx_word' id='word_1_271' title='bbox 198 2236 333 2261; x_wconf 81' lang='lat' dir='ltr'>extremo</span> <span class='ocrx_word' id='word_1_272' title='bbox 347 2233 440 2268; x_wconf 88' lang='lat' dir='ltr'>vieto,</span> <span class='ocrx_word' id='word_1_273' title='bbox 453 2234 579 2264; x_wconf 89' lang='lat' dir='ltr'>alterum</span> <span class='ocrx_word' id='word_1_274' title='bbox 595 2235 633 2264; x_wconf 89' lang='lat' dir='ltr'>de</span> <span class='ocrx_word' id='word_1_275' title='bbox 646 2236 812 2265; x_wconf 86' lang='lat' dir='ltr'>occidente.</span> <span class='ocrx_word' id='word_1_276' title='bbox 838 2237 907 2267; x_wconf 87' lang='lat' dir='ltr'>Non</span> 
     </span>
     <span class='ocr_line' id='line_1_48' title="bbox 198 2271 908 2312; baseline 0.011 -15"><span class='ocrx_word' id='word_1_277' title='bbox 198 2274 308 2303; x_wconf 83' lang='lat' dir='ltr'>autem.</span> <span class='ocrx_word' id='word_1_278' title='bbox 337 2271 375 2299; x_wconf 85' lang='lat' dir='ltr'>ad</span> <span class='ocrx_word' id='word_1_279' title='bbox 402 2282 503 2301; x_wconf 87' lang='lat' dir='ltr'>meum</span> <span class='ocrx_word' id='word_1_280' title='bbox 527 2274 648 2312; x_wconf 82' lang='lat' dir='ltr'>quidem</span> <span class='ocrx_word' id='word_1_281' title='bbox 676 2284 810 2309; x_wconf 85' lang='lat' dir='ltr'>sensum,</span> <span class='ocrx_word' id='word_1_282' title='bbox 842 2275 908 2305; x_wconf 80' lang='lat' dir='ltr'>haec</span> 
     </span>
     <span class='ocr_line' id='line_1_49' title="bbox 198 2309 907 2350; baseline 0.01 -14"><span class='ocrx_word' id='word_1_283' title='bbox 198 2313 268 2337; x_wconf 82' lang='lat' dir='ltr'>sunt</span> <span class='ocrx_word' id='word_1_284' title='bbox 282 2309 423 2339; x_wconf 82' lang='lat' dir='ltr'>historice</span> <span class='ocrx_word' id='word_1_285' title='bbox 434 2311 631 2350; x_wconf 77' lang='lat' dir='ltr'>explicanda3</span> <span class='ocrx_word' id='word_1_286' title='bbox 647 2323 713 2342; x_wconf 88' lang='lat' dir='ltr'>nam</span> <span class='ocrx_word' id='word_1_287' title='bbox 726 2323 781 2342; x_wconf 90' lang='lat' dir='ltr'>non</span> <span class='ocrx_word' id='word_1_288' title='bbox 796 2324 831 2342; x_wconf 86' lang='lat' dir='ltr'>ea</span> <span class='ocrx_word' id='word_1_289' title='bbox 846 2324 907 2343; x_wconf 87' lang='lat' dir='ltr'>me-</span> 
     </span>
     <span class='ocr_line' id='line_1_50' title="bbox 199 2350 908 2391; baseline 0.01 -17"><span class='ocrx_word' id='word_1_290' title='bbox 199 2351 305 2381; x_wconf 84' lang='lat' dir='ltr'>morat,</span> <span class='ocrx_word' id='word_1_291' title='bbox 327 2358 395 2386; x_wconf 83' lang='lat' dir='ltr'>quae</span> <span class='ocrx_word' id='word_1_292' title='bbox 417 2350 480 2387; x_wconf 87' lang='lat' dir='ltr'>jam</span> <span class='ocrx_word' id='word_1_293' title='bbox 505 2351 583 2380; x_wconf 80' lang='lat' dir='ltr'>facta</span> <span class='ocrx_word' id='word_1_294' title='bbox 608 2356 689 2386; x_wconf 85' lang='lat' dir='ltr'>sunt,</span> <span class='ocrx_word' id='word_1_295' title='bbox 709 2352 761 2380; x_wconf 83' lang='lat' dir='ltr'>sed</span> <span class='ocrx_word' id='word_1_296' title='bbox 781 2363 846 2391; x_wconf 83' lang='lat' dir='ltr'>quoe</span> <span class='ocrx_word' id='word_1_297' title='bbox 867 2353 908 2382; x_wconf 69' lang='lat' dir='ltr'>ita</span> 
     </span>
     <span class='ocr_line' id='line_1_51' title="bbox 189 2386 908 2428; baseline 0.01 -15"><span class='ocrx_word' id='word_1_298' title='bbox 189 2386 261 2422; x_wconf 73' lang='lat' dir='ltr'>sore</span> <span class='ocrx_word' id='word_1_299' title='bbox 279 2392 451 2424; x_wconf 70' lang='lat' dir='ltr'>auquraeur.</span> <span class='ocrx_word' id='word_1_300' title='bbox 490 2389 523 2418; x_wconf 93' lang='lat' dir='ltr'>Si</span> <span class='ocrx_word' id='word_1_301' title='bbox 545 2393 642 2418; x_wconf 87' lang='lat' dir='ltr'>tamen</span> <span class='ocrx_word' id='word_1_302' title='bbox 662 2391 806 2428; x_wconf 88' lang='lat' dir='ltr'>populum</span> <span class='ocrx_word' id='word_1_303' title='bbox 829 2391 908 2421; x_wconf 87' lang='lat' dir='ltr'>bello</span> 
     </span>
     <span class='ocr_line' id='line_1_52' title="bbox 195 2424 908 2472; baseline 0.011 -21"><span class='ocrx_word' id='word_1_304' title='bbox 195 2424 258 2461; x_wconf 87' lang='lat' dir='ltr'>jam</span> <span class='ocrx_word' id='word_1_305' title='bbox 278 2428 341 2453; x_wconf 87' lang='lat' dir='ltr'>tum</span> <span class='ocrx_word' id='word_1_306' title='bbox 362 2426 543 2456; x_wconf 84' lang='lat' dir='ltr'>destinatum</span> <span class='ocrx_word' id='word_1_307' title='bbox 560 2428 725 2472; x_wconf 80' lang='lat' dir='ltr'>intelligere</span> <span class='ocrx_word' id='word_1_308' title='bbox 746 2429 851 2463; x_wconf 84' lang='lat' dir='ltr'>velles,</span> <span class='ocrx_word' id='word_1_309' title='bbox 871 2431 908 2459; x_wconf 90' lang='lat' dir='ltr'>de</span> 
     </span>
     <span class='ocr_line' id='line_1_53' title="bbox 200 2462 908 2506; baseline 0.01 -16"><span class='ocrx_word' id='word_1_310' title='bbox 200 2462 371 2497; x_wconf 81' lang='lat' dir='ltr'>Cantabris,</span> <span class='ocrx_word' id='word_1_311' title='bbox 392 2474 450 2494; x_wconf 88' lang='lat' dir='ltr'>non</span> <span class='ocrx_word' id='word_1_312' title='bbox 470 2466 507 2495; x_wconf 89' lang='lat' dir='ltr'>de</span> <span class='ocrx_word' id='word_1_313' title='bbox 533 2467 694 2502; x_wconf 80' lang='lat' dir='ltr'>Britannis,</span> <span class='ocrx_word' id='word_1_314' title='bbox 718 2472 752 2496; x_wconf 88' lang='lat' dir='ltr'>nt</span> <span class='ocrx_word' id='word_1_315' title='bbox 772 2468 908 2506; x_wconf 83' lang='lat' dir='ltr'>Interpp.</span> 
     </span>
     <span class='ocr_line' id='line_1_54' title="bbox 198 2501 906 2543; baseline 0.011 -15"><span class='ocrx_word' id='word_1_316' title='bbox 198 2501 323 2535; x_wconf 84' lang='lat' dir='ltr'>t&#39;aciunt,</span> <span class='ocrx_word' id='word_1_317' title='bbox 339 2502 402 2530; x_wconf 79' lang='lat' dir='ltr'>haec</span> <span class='ocrx_word' id='word_1_318' title='bbox 418 2509 518 2533; x_wconf 86' lang='lat' dir='ltr'>essent</span> <span class='ocrx_word' id='word_1_319' title='bbox 530 2505 713 2543; x_wconf 86' lang='lat' dir='ltr'>accipienda.</span> <span class='ocrx_word' id='word_1_320' title='bbox 733 2507 782 2535; x_wconf 81' lang='lat' dir='ltr'>Ad</span> <span class='ocrx_word' id='word_1_321' title='bbox 796 2507 906 2536; x_wconf 86' lang='lat' dir='ltr'>bellum</span> 
     </span>
     <span class='ocr_line' id='line_1_55' title="bbox 199 2539 906 2583; baseline 0.011 -16"><span class='ocrx_word' id='word_1_322' title='bbox 199 2539 408 2569; x_wconf 81' lang='lat' dir='ltr'>Cantabricum</span> <span class='ocrx_word' id='word_1_323' title='bbox 431 2542 496 2579; x_wconf 87' lang='lat' dir='ltr'>ipse</span> <span class='ocrx_word' id='word_1_324' title='bbox 521 2544 637 2572; x_wconf 87' lang='lat' dir='ltr'>tandem</span> <span class='ocrx_word' id='word_1_325' title='bbox 660 2546 817 2583; x_wconf 84' lang='lat' dir='ltr'>Augustus</span> <span class='ocrx_word' id='word_1_326' title='bbox 838 2555 906 2583; x_wconf 88' lang='lat' dir='ltr'>pro·</span> 
     </span>
     <span class='ocr_line' id='line_1_56' title="bbox 200 2578 906 2622; baseline 0.008 -17"><span class='ocrx_word' id='word_1_327' title='bbox 200 2578 296 2606; x_wconf 84' lang='lat' dir='ltr'>fectus</span> <span class='ocrx_word' id='word_1_328' title='bbox 310 2582 357 2606; x_wconf 85' lang='lat' dir='ltr'>est</span> <span class='ocrx_word' id='word_1_329' title='bbox 372 2579 412 2622; x_wconf 89' lang='lat' dir='ltr'>U.</span> <span class='ocrx_word' id='word_1_330' title='bbox 428 2581 465 2608; x_wconf 90' lang='lat' dir='ltr'>C.</span> <span class='ocrx_word' id='word_1_331' title='bbox 477 2581 696 2620; x_wconf 75' lang='lat' dir='ltr'>72S.—tropaea,</span> <span class='ocrx_word' id='word_1_332' title='bbox 709 2588 794 2622; x_wconf 82' lang='lat' dir='ltr'>rapta</span> <span class='ocrx_word' id='word_1_333' title='bbox 811 2593 906 2617; x_wconf 81' lang='lat' dir='ltr'>mmm,</span> 
     </span>
     <span class='ocr_line' id='line_1_57' title="bbox 201 2617 906 2660; baseline 0.009 -16"><span class='ocrx_word' id='word_1_334' title='bbox 201 2617 319 2660; x_wconf 74' lang='lat' dir='ltr'>poetica</span> <span class='ocrx_word' id='word_1_335' title='bbox 334 2621 460 2652; x_wconf 80' lang='lat' dir='ltr'>ratione,</span> <span class='ocrx_word' id='word_1_336' title='bbox 481 2620 518 2648; x_wconf 84' lang='lat' dir='ltr'>de</span> <span class='ocrx_word' id='word_1_337' title='bbox 531 2621 655 2649; x_wconf 64' lang='lat' dir='ltr'>victoria</span> <span class='ocrx_word' id='word_1_338' title='bbox 671 2625 819 2660; x_wconf 82' lang='lat' dir='ltr'>reportata</span> <span class='ocrx_word' id='word_1_339' title='bbox 832 2631 838 2656; x_wconf 92' lang='lat'>;</span> <span class='ocrx_word' id='word_1_340' title='bbox 853 2632 906 2650; x_wconf 86' lang='lat' dir='ltr'>nee</span> 
     </span>
     <span class='ocr_line' id='line_1_58' title="bbox 200 2658 906 2694; baseline 0.01 -12"><span class='ocrx_word' id='word_1_341' title='bbox 200 2665 228 2683; x_wconf 78' lang='lat' dir='ltr'>in</span> <span class='ocrx_word' id='word_1_342' title='bbox 246 2660 331 2693; x_wconf 73' lang='lat' dir='ltr'>rapta</span> <span class='ocrx_word' id='word_1_343' title='bbox 344 2658 700 2694; x_wconf 71' lang='lat' dir='ltr'>argutan‹lu1n.—-cliverso</span> <span class='ocrx_word' id='word_1_344' title='bbox 713 2670 747 2688; x_wconf 66' lang='lat' dir='ltr'>«r</span> <span class='ocrx_word' id='word_1_345' title='bbox 761 2660 848 2694; x_wconf 69' lang='lat' dir='ltr'>hoste,</span> <span class='ocrx_word' id='word_1_346' title='bbox 869 2671 906 2689; x_wconf 69' lang='lat' dir='ltr'>ex</span> 
     </span>
     <span class='ocr_line' id='line_1_59' title="bbox 200 2694 907 2735; baseline 0.008 -13"><span class='ocrx_word' id='word_1_347' title='bbox 200 2694 328 2724; x_wconf 81' lang='lat' dir='ltr'>diversis</span> <span class='ocrx_word' id='word_1_348' title='bbox 350 2699 493 2725; x_wconf 77' lang='lat' dir='ltr'>teu-arum</span> <span class='ocrx_word' id='word_1_349' title='bbox 519 2698 665 2735; x_wconf 81' lang='lat' dir='ltr'>partibus.</span> <span class='ocrx_word' id='word_1_350' title='bbox 706 2699 755 2729; x_wconf 85' lang='lat' dir='ltr'>Sic</span> <span class='ocrx_word' id='word_1_351' title='bbox 779 2698 907 2729; x_wconf 65' lang='lat' dir='ltr'>diversos</span> 
     </span>
    </p>
   </div>
   <div class='ocr_carea' id='block_1_10' title="bbox 945 998 1659 2740">
    <p class='ocr_par' dir='ltr' id='par_1_15' title="bbox 946 998 1659 1649">
     <span class='ocr_line' id='line_1_60' title="bbox 951 998 1653 1038; baseline 0 -11"><span class='ocrx_word' id='word_1_352' title='bbox 951 998 1049 1027; x_wconf 70' lang='lat' dir='ltr'>Celeus</span> <span class='ocrx_word' id='word_1_353' title='bbox 1065 999 1197 1038; x_wconf 85' lang='lat' dir='ltr'>appellat</span> <span class='ocrx_word' id='word_1_354' title='bbox 1217 999 1340 1028; x_wconf 87' lang='lat' dir='ltr'>Gratius</span> <span class='ocrx_word' id='word_1_355' title='bbox 1358 999 1470 1036; x_wconf 76' lang='lat' dir='ltr'>Cyneg.</span> <span class='ocrx_word' id='word_1_356' title='bbox 1488 998 1566 1032; x_wconf 74' lang='lat'><strong>156..</strong></span> <span class='ocrx_word' id='word_1_357' title='bbox 1586 1008 1653 1027; x_wconf 86' lang='lat' dir='ltr'>cum</span> 
     </span>
     <span class='ocr_line' id='line_1_61' title="bbox 949 1035 1655 1067; baseline 0 -1"><span class='ocrx_word' id='word_1_358' title='bbox 949 1037 1074 1066; x_wconf 87' lang='lat' dir='ltr'>Medum</span> <span class='ocrx_word' id='word_1_359' title='bbox 1096 1038 1185 1067; x_wconf 87' lang='lat' dir='ltr'>modo</span> <span class='ocrx_word' id='word_1_360' title='bbox 1208 1038 1399 1067; x_wconf 81' lang='lat' dir='ltr'>nominasset.</span> <span class='ocrx_word' id='word_1_361' title='bbox 1440 1035 1525 1066; x_wconf 85' lang='lat' dir='ltr'>Alter</span> <span class='ocrx_word' id='word_1_362' title='bbox 1550 1047 1655 1066; x_wconf 83' lang='lat' dir='ltr'>versus</span> 
     </span>
     <span class='ocr_line' id='line_1_62' title="bbox 949 1076 1653 1114; baseline 0 -10"><span class='ocrx_word' id='word_1_363' title='bbox 949 1077 1083 1114; x_wconf 68' lang='lat' dir='ltr'>ejusdem</span> <span class='ocrx_word' id='word_1_364' title='bbox 1111 1077 1265 1106; x_wconf 81' lang='lat' dir='ltr'>sententiae</span> <span class='ocrx_word' id='word_1_365' title='bbox 1293 1086 1370 1105; x_wconf 81' lang='lat' dir='ltr'>nova</span> <span class='ocrx_word' id='word_1_366' title='bbox 1395 1079 1441 1105; x_wconf 88' lang='lat' dir='ltr'>est</span> <span class='ocrx_word' id='word_1_367' title='bbox 1476 1076 1653 1105; x_wconf 79' lang='lat' dir='ltr'>exornatio:</span> 
     </span>
     <span class='ocr_line' id='line_1_63' title="bbox 946 1114 1657 1154; baseline 0 -11"><span class='ocrx_word' id='word_1_368' title='bbox 946 1120 1046 1153; x_wconf 69' lang='lat' dir='ltr'>yentes</span> <span class='ocrx_word' id='word_1_369' title='bbox 1059 1120 1179 1154; x_wconf 68' lang='lat' dir='ltr'>utroque</span> <span class='ocrx_word' id='word_1_370' title='bbox 1192 1115 1228 1144; x_wconf 82' lang='lat' dir='ltr'>ab</span> <span class='ocrx_word' id='word_1_371' title='bbox 1241 1116 1334 1150; x_wconf 77' lang='lat' dir='ltr'>litore,</span> <span class='ocrx_word' id='word_1_372' title='bbox 1348 1116 1377 1143; x_wconf 88' lang='lat' dir='ltr'>h.</span> <span class='ocrx_word' id='word_1_373' title='bbox 1391 1114 1521 1143; x_wconf 84' lang='lat' dir='ltr'>extremi</span> <span class='ocrx_word' id='word_1_374' title='bbox 1534 1114 1657 1143; x_wconf 81' lang='lat' dir='ltr'>orientis</span> 
     </span>
     <span class='ocr_line' id='line_1_64' title="bbox 949 1153 1655 1192; baseline 0 -10"><span class='ocrx_word' id='word_1_375' title='bbox 949 1158 979 1182; x_wconf 86' lang='lat' dir='ltr'>et</span> <span class='ocrx_word' id='word_1_376' title='bbox 1000 1154 1178 1190; x_wconf 76' lang='lat' dir='ltr'>occidentis,</span> <span class='ocrx_word' id='word_1_377' title='bbox 1199 1154 1239 1182; x_wconf 76' lang='lat' dir='ltr'>bis</span> <span class='ocrx_word' id='word_1_378' title='bbox 1264 1154 1467 1191; x_wconf 74' lang='lat' dir='ltr'>triumphatas,</span> <span class='ocrx_word' id='word_1_379' title='bbox 1488 1154 1525 1182; x_wconf 84' lang='lat' dir='ltr'>de</span> <span class='ocrx_word' id='word_1_380' title='bbox 1546 1153 1655 1192; x_wconf 82' lang='lat' dir='ltr'>quibus</span> 
     </span>
     <span class='ocr_line' id='line_1_65' title="bbox 949 1192 1654 1231; baseline 0.001 -11"><span class='ocrx_word' id='word_1_381' title='bbox 949 1192 1010 1221; x_wconf 90' lang='lat' dir='ltr'>bini</span> <span class='ocrx_word' id='word_1_382' title='bbox 1027 1193 1168 1231; x_wconf 88' lang='lat' dir='ltr'>triumphi</span> <span class='ocrx_word' id='word_1_383' title='bbox 1182 1193 1274 1222; x_wconf 88' lang='lat' dir='ltr'>habiti</span> <span class='ocrx_word' id='word_1_384' title='bbox 1289 1197 1376 1228; x_wconf 82' lang='lat' dir='ltr'>sunt3</span> <span class='ocrx_word' id='word_1_385' title='bbox 1398 1192 1428 1220; x_wconf 80' lang='lat' dir='ltr'>h.</span> <span class='ocrx_word' id='word_1_386' title='bbox 1446 1196 1543 1221; x_wconf 87' lang='lat' dir='ltr'>totum</span> <span class='ocrx_word' id='word_1_387' title='bbox 1564 1197 1654 1221; x_wconf 84' lang='lat' dir='ltr'>terra-</span> 
     </span>
     <span class='ocr_line' id='line_1_66' title="bbox 947 1231 1659 1269; baseline -0.001 -10"><span class='ocrx_word' id='word_1_388' title='bbox 947 1240 1013 1260; x_wconf 87' lang='lat' dir='ltr'>rum</span> <span class='ocrx_word' id='word_1_389' title='bbox 1027 1232 1130 1260; x_wconf 89' lang='lat' dir='ltr'>orbem</span> <span class='ocrx_word' id='word_1_390' title='bbox 1146 1232 1259 1261; x_wconf 90' lang='lat' dir='ltr'>victum</span> <span class='ocrx_word' id='word_1_391' title='bbox 1275 1232 1310 1260; x_wconf 88' lang='lat' dir='ltr'>ab</span> <span class='ocrx_word' id='word_1_392' title='bbox 1326 1232 1477 1269; x_wconf 80' lang='lat' dir='ltr'>Augusto.</span> <span class='ocrx_word' id='word_1_393' title='bbox 1495 1231 1542 1260; x_wconf 89' lang='lat' dir='ltr'>H.</span> <span class='ocrx_word' id='word_1_394' title='bbox 1560 1236 1659 1269; x_wconf 76' lang='lat' dir='ltr'>yenlcs</span> 
     </span>
     <span class='ocr_line' id='line_1_67' title="bbox 947 1269 1656 1304; baseline 0 -7"><span class='ocrx_word' id='word_1_395' title='bbox 947 1269 983 1297; x_wconf 81' lang='lat' dir='ltr'>ab</span> <span class='ocrx_word' id='word_1_396' title='bbox 1006 1269 1089 1299; x_wconf 84' lang='lat' dir='ltr'>litore</span> <span class='ocrx_word' id='word_1_397' title='bbox 1111 1271 1141 1300; x_wconf 86' lang='lat' dir='ltr'>h.</span> <span class='ocrx_word' id='word_1_398' title='bbox 1162 1281 1190 1301; x_wconf 89' lang='lat' dir='ltr'>e.</span> <span class='ocrx_word' id='word_1_399' title='bbox 1210 1270 1373 1299; x_wconf 87' lang='lat' dir='ltr'>incolentes</span> <span class='ocrx_word' id='word_1_400' title='bbox 1388 1270 1471 1304; x_wconf 86' lang='lat' dir='ltr'>litus,</span> <span class='ocrx_word' id='word_1_401' title='bbox 1490 1274 1524 1298; x_wconf 88' lang='lat' dir='ltr'>ut</span> <span class='ocrx_word' id='word_1_402' title='bbox 1540 1269 1656 1298; x_wconf 67' lang='lat' dir='ltr'>Turnus</span> 
     </span>
     <span class='ocr_line' id='line_1_68' title="bbox 947 1307 1658 1348; baseline 0.001 -12"><span class='ocrx_word' id='word_1_403' title='bbox 947 1308 983 1336; x_wconf 81' lang='lat' dir='ltr'>ab</span> <span class='ocrx_word' id='word_1_404' title='bbox 997 1309 1103 1338; x_wconf 78' lang='lat' dir='ltr'>Aricia</span> <span class='ocrx_word' id='word_1_405' title='bbox 1117 1310 1195 1348; x_wconf 88' lang='lat' dir='ltr'>apud</span> <span class='ocrx_word' id='word_1_406' title='bbox 1211 1309 1331 1338; x_wconf 88' lang='lat' dir='ltr'>Livium</span> <span class='ocrx_word' id='word_1_407' title='bbox 1344 1311 1373 1343; x_wconf 91' lang='lat'>1,</span> <span class='ocrx_word' id='word_1_408' title='bbox 1387 1310 1436 1338; x_wconf 85' lang='lat'>50.</span> <span class='ocrx_word' id='word_1_409' title='bbox 1467 1307 1515 1338; x_wconf 90' lang='lat' dir='ltr'>W.</span> <span class='ocrx_word' id='word_1_410' title='bbox 1542 1309 1590 1343; x_wconf 84' lang='lat' dir='ltr'>Ei,</span> <span class='ocrx_word' id='word_1_411' title='bbox 1605 1308 1658 1347; x_wconf 84' lang='lat' dir='ltr'>qui</span> 
     </span>
     <span class='ocr_line' id='line_1_69' title="bbox 947 1347 1656 1386; baseline 0.001 -11"><span class='ocrx_word' id='word_1_412' title='bbox 947 1347 1045 1377; x_wconf 89' lang='lat' dir='ltr'>omnia</span> <span class='ocrx_word' id='word_1_413' title='bbox 1058 1348 1088 1377; x_wconf 91' lang='lat' dir='ltr'>in</span> <span class='ocrx_word' id='word_1_414' title='bbox 1103 1348 1149 1377; x_wconf 87' lang='lat' dir='ltr'>his</span> <span class='ocrx_word' id='word_1_415' title='bbox 1171 1358 1234 1377; x_wconf 86' lang='lat' dir='ltr'>vss.</span> <span class='ocrx_word' id='word_1_416' title='bbox 1257 1348 1295 1377; x_wconf 84' lang='lat' dir='ltr'>ad</span> <span class='ocrx_word' id='word_1_417' title='bbox 1317 1351 1453 1386; x_wconf 86' lang='lat' dir='ltr'>tempora</span> <span class='ocrx_word' id='word_1_418' title='bbox 1471 1351 1553 1376; x_wconf 86' lang='lat' dir='ltr'>certa</span> <span class='ocrx_word' id='word_1_419' title='bbox 1570 1357 1656 1376; x_wconf 86' lang='lat' dir='ltr'>revo-</span> 
     </span>
     <span class='ocr_line' id='line_1_70' title="bbox 947 1387 1657 1424; baseline 0 -10"><span class='ocrx_word' id='word_1_420' title='bbox 947 1395 1015 1415; x_wconf 88' lang='lat' dir='ltr'>care</span> <span class='ocrx_word' id='word_1_421' title='bbox 1037 1387 1114 1421; x_wconf 86' lang='lat' dir='ltr'>vult,</span> <span class='ocrx_word' id='word_1_422' title='bbox 1135 1387 1328 1417; x_wconf 86' lang='lat' dir='ltr'>statuendum</span> <span class='ocrx_word' id='word_1_423' title='bbox 1350 1391 1407 1422; x_wconf 87' lang='lat' dir='ltr'>est,</span> <span class='ocrx_word' id='word_1_424' title='bbox 1428 1390 1479 1416; x_wconf 87' lang='lat' dir='ltr'>aut</span> <span class='ocrx_word' id='word_1_425' title='bbox 1500 1396 1657 1424; x_wconf 81' lang='lat' dir='ltr'>perperam</span> 
     </span>
     <span class='ocr_line' id='line_1_71' title="bbox 949 1424 1657 1464; baseline -0.001 -10"><span class='ocrx_word' id='word_1_426' title='bbox 949 1425 1099 1464; x_wconf 84' lang='lat' dir='ltr'>Georgica</span> <span class='ocrx_word' id='word_1_427' title='bbox 1125 1426 1154 1454; x_wconf 92' lang='lat' dir='ltr'>in</span> <span class='ocrx_word' id='word_1_428' title='bbox 1178 1426 1324 1455; x_wconf 80' lang='lat' dir='ltr'>extremis</span> <span class='ocrx_word' id='word_1_429' title='bbox 1345 1435 1407 1454; x_wconf 81' lang='lat' dir='ltr'>vss.</span> <span class='ocrx_word' id='word_1_430' title='bbox 1426 1424 1495 1454; x_wconf 89' lang='lat' dir='ltr'>libri</span> <span class='ocrx_word' id='word_1_431' title='bbox 1513 1425 1556 1453; x_wconf 88' lang='lat' dir='ltr'>lv</span> <span class='ocrx_word' id='word_1_432' title='bbox 1581 1435 1657 1454; x_wconf 88' lang='lat' dir='ltr'>anno</span> 
     </span>
     <span class='ocr_line' id='line_1_72' title="bbox 947 1464 1657 1503; baseline -0.001 -10"><span class='ocrx_word' id='word_1_433' title='bbox 947 1465 1005 1493; x_wconf 74' lang='lat'>724</span> <span class='ocrx_word' id='word_1_434' title='bbox 1022 1465 1159 1493; x_wconf 86' lang='lat' dir='ltr'>absoluta</span> <span class='ocrx_word' id='word_1_435' title='bbox 1177 1464 1255 1494; x_wconf 86' lang='lat' dir='ltr'>tradi</span> <span class='ocrx_word' id='word_1_436' title='bbox 1277 1474 1444 1502; x_wconf 85' lang='lat' dir='ltr'>versusque</span> <span class='ocrx_word' id='word_1_437' title='bbox 1464 1473 1531 1492; x_wconf 82' lang='lat' dir='ltr'>esse</span> <span class='ocrx_word' id='word_1_438' title='bbox 1545 1473 1657 1503; x_wconf 86' lang='lat' dir='ltr'>suppo-</span> 
     </span>
     <span class='ocr_line' id='line_1_73' title="bbox 949 1502 1658 1542; baseline 0 -11"><span class='ocrx_word' id='word_1_439' title='bbox 949 1503 1072 1537; x_wconf 88' lang='lat' dir='ltr'>sititios,</span> <span class='ocrx_word' id='word_1_440' title='bbox 1093 1507 1145 1532; x_wconf 82' lang='lat' dir='ltr'>aut</span> <span class='ocrx_word' id='word_1_441' title='bbox 1159 1503 1315 1542; x_wconf 80' lang='lat' dir='ltr'>Georgicis</span> <span class='ocrx_word' id='word_1_442' title='bbox 1329 1503 1426 1532; x_wconf 83' lang='lat' dir='ltr'>serius</span> <span class='ocrx_word' id='word_1_443' title='bbox 1440 1502 1579 1532; x_wconf 89' lang='lat' dir='ltr'>nonnulla</span> <span class='ocrx_word' id='word_1_444' title='bbox 1591 1512 1658 1532; x_wconf 85' lang='lat' dir='ltr'>esse</span> 
     </span>
     <span class='ocr_line' id='line_1_74' title="bbox 949 1540 1658 1580; baseline 0 -11"><span class='ocrx_word' id='word_1_445' title='bbox 949 1541 1071 1570; x_wconf 81' lang='lat' dir='ltr'>inserta.</span> <span class='ocrx_word' id='word_1_446' title='bbox 1111 1541 1145 1571; x_wconf 92' lang='lat' dir='ltr'>Si</span> <span class='ocrx_word' id='word_1_447' title='bbox 1172 1543 1239 1576; x_wconf 86' lang='lat' dir='ltr'>hoc,</span> <span class='ocrx_word' id='word_1_448' title='bbox 1268 1542 1322 1571; x_wconf 81' lang='lat' dir='ltr'>duo</span> <span class='ocrx_word' id='word_1_449' title='bbox 1348 1546 1459 1580; x_wconf 77' lang='lat' dir='ltr'>tropoea</span> <span class='ocrx_word' id='word_1_450' title='bbox 1484 1540 1596 1570; x_wconf 80' lang='lat' dir='ltr'>reseras</span> <span class='ocrx_word' id='word_1_451' title='bbox 1620 1541 1658 1570; x_wconf 83' lang='lat' dir='ltr'>ad</span> 
     </span>
     <span class='ocr_line' id='line_1_75' title="bbox 949 1579 1659 1620; baseline 0.001 -13"><span class='ocrx_word' id='word_1_452' title='bbox 949 1579 1028 1609; x_wconf 90' lang='lat' dir='ltr'>bella</span> <span class='ocrx_word' id='word_1_453' title='bbox 1041 1590 1108 1609; x_wconf 89' lang='lat' dir='ltr'>cum</span> <span class='ocrx_word' id='word_1_454' title='bbox 1122 1580 1285 1620; x_wconf 85' lang='lat' dir='ltr'>Cleopatra</span> <span class='ocrx_word' id='word_1_455' title='bbox 1295 1581 1364 1610; x_wconf 78' lang='lat'><strong>723.</strong></span> <span class='ocrx_word' id='word_1_456' title='bbox 1377 1586 1408 1610; x_wconf 88' lang='lat' dir='ltr'>et</span> <span class='ocrx_word' id='word_1_457' title='bbox 1421 1590 1489 1609; x_wconf 84' lang='lat' dir='ltr'>cum</span> <span class='ocrx_word' id='word_1_458' title='bbox 1501 1579 1659 1609; x_wconf 87' lang='lat' dir='ltr'>Cantabris</span> 
     </span>
     <span class='ocr_line' id='line_1_76' title="bbox 948 1619 1128 1649; baseline 0.006 -2"><span class='ocrx_word' id='word_1_459' title='bbox 948 1619 1017 1648; x_wconf 70' lang='lat'>728.</span> <span class='ocrx_word' id='word_1_460' title='bbox 1042 1624 1128 1649; x_wconf 73' lang='lat' dir='ltr'>resta.</span> 
     </span>
    </p>

    <p class='ocr_par' dir='ltr' id='par_1_16' title="bbox 947 1631 1658 2275">
     <span class='ocr_line' id='line_1_77' title="bbox 987 1631 1656 1696; baseline -0.004 -9"><span class='ocrx_word' id='word_1_461' title='bbox 987 1631 1187 1696; x_wconf 49' lang='lat' dir='ltr'>34³³spirantia</span> <span class='ocrx_word' id='word_1_462' title='bbox 1204 1658 1382 1687; x_wconf 67' lang='lat' dir='ltr'>cera—vivos</span> <span class='ocrx_word' id='word_1_463' title='bbox 1394 1657 1500 1692; x_wconf 76' lang='lat' dir='ltr'>vultus,</span> <span class='ocrx_word' id='word_1_464' title='bbox 1514 1656 1583 1686; x_wconf 87' lang='lat' dir='ltr'>AEn.</span> <span class='ocrx_word' id='word_1_465' title='bbox 1595 1657 1656 1691; x_wconf 88' lang='lat' dir='ltr'>VI,</span> 
     </span>
     <span class='ocr_line' id='line_1_78' title="bbox 947 1695 1657 1735; baseline 0 -12"><span class='ocrx_word' id='word_1_466' title='bbox 947 1696 1016 1724; x_wconf 71' lang='lat'><strong>848.</strong></span> <span class='ocrx_word' id='word_1_467' title='bbox 1030 1699 1176 1727; x_wconf 57' lang='lat' dir='ltr'>Sia—35</span> <span class='ocrx_word' id='word_1_468' title='bbox 1199 1697 1305 1727; x_wconf 86' lang='lat' dir='ltr'>Gentis</span> <span class='ocrx_word' id='word_1_469' title='bbox 1326 1697 1416 1726; x_wconf 87' lang='lat' dir='ltr'>Juliae</span> <span class='ocrx_word' id='word_1_470' title='bbox 1437 1707 1492 1735; x_wconf 87' lang='lat' dir='ltr'>pro</span> <span class='ocrx_word' id='word_1_471' title='bbox 1515 1695 1657 1730; x_wconf 85' lang='lat' dir='ltr'>enitores,</span> 
     </span>
     <span class='ocr_line' id='line_1_79' title="bbox 948 1733 1656 1773; baseline 0 -11"><span class='ocrx_word' id='word_1_472' title='bbox 948 1738 982 1762; x_wconf 92' lang='lat' dir='ltr'>ut</span> <span class='ocrx_word' id='word_1_473' title='bbox 1002 1736 1094 1773; x_wconf 78' lang='lat' dir='ltr'>vulgo</span> <span class='ocrx_word' id='word_1_474' title='bbox 1115 1737 1296 1771; x_wconf 84' lang='lat' dir='ltr'>ferebantur,</span> <span class='ocrx_word' id='word_1_475' title='bbox 1324 1736 1417 1764; x_wconf 86' lang='lat' dir='ltr'>dueta</span> <span class='ocrx_word' id='word_1_476' title='bbox 1439 1735 1476 1764; x_wconf 84' lang='lat' dir='ltr'>ab</span> <span class='ocrx_word' id='word_1_477' title='bbox 1518 1733 1568 1762; x_wconf 90' lang='lat' dir='ltr'>ulo</span> <span class='ocrx_word' id='word_1_478' title='bbox 1592 1734 1656 1763; x_wconf 88' lang='lat' dir='ltr'>sive</span> 
     </span>
     <span class='ocr_line' id='line_1_80' title="bbox 947 1772 1658 1812; baseline 0.001 -12"><span class='ocrx_word' id='word_1_479' title='bbox 947 1773 1091 1808; x_wconf 87' lang='lat' dir='ltr'>Ascanio,</span> <span class='ocrx_word' id='word_1_480' title='bbox 1106 1775 1211 1804; x_wconf 80' lang='lat' dir='ltr'>AEueae</span> <span class='ocrx_word' id='word_1_481' title='bbox 1227 1775 1300 1808; x_wconf 84' lang='lat' dir='ltr'>filio,</span> <span class='ocrx_word' id='word_1_482' title='bbox 1321 1774 1446 1812; x_wconf 80' lang='lat' dir='ltr'>origine.</span> <span class='ocrx_word' id='word_1_483' title='bbox 1486 1773 1513 1802; x_wconf 88' lang='lat' dir='ltr'>A</span> <span class='ocrx_word' id='word_1_484' title='bbox 1527 1772 1613 1802; x_wconf 77' lang='lat' dir='ltr'>Jovis</span> <span class='ocrx_word' id='word_1_485' title='bbox 1627 1776 1658 1801; x_wconf 88' lang='lat' dir='ltr'>et</span> 
     </span>
     <span class='ocr_line' id='line_1_81' title="bbox 949 1810 1658 1845; baseline 0.001 -7"><span class='ocrx_word' id='word_1_486' title='bbox 949 1810 1078 1840; x_wconf 69' lang='lat' dir='ltr'>Electrae</span> <span class='ocrx_word' id='word_1_487' title='bbox 1093 1813 1155 1841; x_wconf 83' lang='lat' dir='ltr'>filio</span> <span class='ocrx_word' id='word_1_488' title='bbox 1170 1814 1311 1842; x_wconf 84' lang='lat' dir='ltr'>Dardano</span> <span class='ocrx_word' id='word_1_489' title='bbox 1325 1817 1409 1842; x_wconf 83' lang='lat' dir='ltr'>ortus</span> <span class='ocrx_word' id='word_1_490' title='bbox 1431 1810 1658 1845; x_wconf 85' lang='lat' dir='ltr'>Erichthonius,</span> 
     </span>
     <span class='ocr_line' id='line_1_82' title="bbox 948 1850 1658 1888; baseline 0.003 -12"><span class='ocrx_word' id='word_1_491' title='bbox 948 1850 1035 1886; x_wconf 85' lang='lat' dir='ltr'>cujus</span> <span class='ocrx_word' id='word_1_492' title='bbox 1057 1850 1136 1879; x_wconf 79' lang='lat' dir='ltr'>filius</span> <span class='ocrx_word' id='word_1_493' title='bbox 1160 1851 1245 1885; x_wconf 85' lang='lat' dir='ltr'>Tros,</span> <span class='ocrx_word' id='word_1_494' title='bbox 1270 1851 1361 1884; x_wconf 89' lang='lat' dir='ltr'>Ilum,</span> <span class='ocrx_word' id='word_1_495' title='bbox 1385 1851 1602 1888; x_wconf 84' lang='lat' dir='ltr'>Ganymedem,</span> <span class='ocrx_word' id='word_1_496' title='bbox 1626 1853 1658 1878; x_wconf 86' lang='lat' dir='ltr'>et</span> 
     </span>
     <span class='ocr_line' id='line_1_83' title="bbox 948 1887 1655 1927; baseline 0.001 -12"><span class='ocrx_word' id='word_1_497' title='bbox 948 1887 1130 1917; x_wconf 81' lang='lat' dir='ltr'>Assaracum</span> <span class='ocrx_word' id='word_1_498' title='bbox 1158 1890 1270 1927; x_wconf 73' lang='lat' dir='ltr'>gennit.</span> <span class='ocrx_word' id='word_1_499' title='bbox 1296 1899 1325 1917; x_wconf 86' lang='lat' dir='ltr'>v.</span> <span class='ocrx_word' id='word_1_500' title='bbox 1351 1889 1476 1918; x_wconf 88' lang='lat' dir='ltr'>Homer.</span> <span class='ocrx_word' id='word_1_501' title='bbox 1499 1888 1540 1917; x_wconf 85' lang='grc' dir='ltr'><strong>ΙΙ.</strong></span> <span class='ocrx_word' id='word_1_502' title='bbox 1555 1902 1579 1916; x_wconf 83' lang='grc' dir='ltr'><strong>υ.</strong></span> <span class='ocrx_word' id='word_1_503' title='bbox 1596 1890 1655 1917; x_wconf 84' lang='grc'>215</span> 
     </span>
     <span class='ocr_line' id='line_1_84' title="bbox 948 1926 1656 1964; baseline 0 -10"><span class='ocrx_word' id='word_1_504' title='bbox 948 1936 993 1964; x_wconf 75' lang='lat' dir='ltr'>sq.</span> <span class='ocrx_word' id='word_1_505' title='bbox 1015 1927 1065 1955; x_wconf 84' lang='lat' dir='ltr'>Ex</span> <span class='ocrx_word' id='word_1_506' title='bbox 1086 1927 1133 1955; x_wconf 88' lang='lat' dir='ltr'>llo</span> <span class='ocrx_word' id='word_1_507' title='bbox 1156 1927 1338 1961; x_wconf 85' lang='lat' dir='ltr'>Laomedon,</span> <span class='ocrx_word' id='word_1_508' title='bbox 1361 1927 1519 1955; x_wconf 87' lang='lat' dir='ltr'>Priamus:</span> <span class='ocrx_word' id='word_1_509' title='bbox 1543 1936 1582 1954; x_wconf 92' lang='lat' dir='ltr'>ex</span> <span class='ocrx_word' id='word_1_510' title='bbox 1598 1926 1656 1954; x_wconf 87' lang='lat' dir='ltr'>As-</span> 
     </span>
     <span class='ocr_line' id='line_1_85' title="bbox 947 1964 1657 2005; baseline 0.001 -13"><span class='ocrx_word' id='word_1_511' title='bbox 947 1974 1050 1993; x_wconf 87' lang='lat' dir='ltr'>saraco</span> <span class='ocrx_word' id='word_1_512' title='bbox 1078 1965 1122 1993; x_wconf 81' lang='lat' dir='ltr'>Gn</span> <span class='ocrx_word' id='word_1_513' title='bbox 1132 1976 1188 2005; x_wconf 61' lang='lat' dir='ltr'>ms,</span> <span class='ocrx_word' id='word_1_514' title='bbox 1220 1975 1258 1994; x_wconf 83' lang='lat' dir='ltr'>ex</span> <span class='ocrx_word' id='word_1_515' title='bbox 1292 1966 1349 1994; x_wconf 88' lang='lat' dir='ltr'>hoc</span> <span class='ocrx_word' id='word_1_516' title='bbox 1379 1964 1538 1999; x_wconf 81' lang='lat' dir='ltr'>Anchises,</span> <span class='ocrx_word' id='word_1_517' title='bbox 1571 1968 1657 2002; x_wconf 83' lang='lat' dir='ltr'>pater</span> 
     </span>
     <span class='ocr_line' id='line_1_86' title="bbox 947 2003 1656 2034; baseline 0 -2"><span class='ocrx_word' id='word_1_518' title='bbox 947 2003 1061 2032; x_wconf 80' lang='lat' dir='ltr'>AEneae.</span> <span class='ocrx_word' id='word_1_519' title='bbox 1101 2005 1119 2032; x_wconf 82' lang='lat' dir='ltr'><strong><em>J</em></strong></span> <span class='ocrx_word' id='word_1_520' title='bbox 1138 2026 1145 2034; x_wconf 94' lang='lat'><strong>.</strong></span> <span class='ocrx_word' id='word_1_521' title='bbox 1184 2004 1315 2033; x_wconf 80' lang='lat' dir='ltr'>demissae</span> <span class='ocrx_word' id='word_1_522' title='bbox 1336 2004 1365 2032; x_wconf 82' lang='lat' dir='ltr'>h.</span> <span class='ocrx_word' id='word_1_523' title='bbox 1390 2014 1417 2032; x_wconf 88' lang='lat' dir='ltr'>e.</span> <span class='ocrx_word' id='word_1_524' title='bbox 1441 2003 1588 2032; x_wconf 84' lang='lat' dir='ltr'>oriundae.</span> <span class='ocrx_word' id='word_1_525' title='bbox 1616 2005 1656 2032; x_wconf 76' lang='lat' dir='ltr'>cs.</span> 
     </span>
     <span class='ocr_line' id='line_1_87' title="bbox 948 2041 1655 2077; baseline 0.001 -7"><span class='ocrx_word' id='word_1_526' title='bbox 948 2042 1017 2070; x_wconf 88' lang='lat' dir='ltr'>AEn.</span> <span class='ocrx_word' id='word_1_527' title='bbox 1033 2043 1060 2077; x_wconf 88' lang='grc' dir='ltr'>Ι,</span> <span class='ocrx_word' id='word_1_528' title='bbox 1081 2043 1149 2072; x_wconf 72' lang='grc'><strong>288.</strong></span> <span class='ocrx_word' id='word_1_529' title='bbox 1172 2049 1201 2073; x_wconf 90' lang='lat' dir='ltr'>et</span> <span class='ocrx_word' id='word_1_530' title='bbox 1221 2043 1328 2071; x_wconf 83' lang='lat' dir='ltr'>Horat.</span> <span class='ocrx_word' id='word_1_531' title='bbox 1342 2044 1405 2072; x_wconf 86' lang='lat' dir='ltr'>Sat.</span> <span class='ocrx_word' id='word_1_532' title='bbox 1421 2043 1467 2076; x_wconf 93' lang='lat' dir='ltr'>II,</span> <span class='ocrx_word' id='word_1_533' title='bbox 1481 2044 1511 2076; x_wconf 81' lang='lat'>5,</span> <span class='ocrx_word' id='word_1_534' title='bbox 1524 2042 1574 2070; x_wconf 79' lang='lat'>03.</span> <span class='ocrx_word' id='word_1_535' title='bbox 1609 2041 1655 2071; x_wconf 64' lang='lat' dir='ltr'>{V-</span> 
     </span>
     <span class='ocr_line' id='line_1_88' title="bbox 947 2080 1656 2120; baseline -0.001 -11"><span class='ocrx_word' id='word_1_536' title='bbox 947 2080 1064 2118; x_wconf 83' lang='lat' dir='ltr'>Apollo,</span> <span class='ocrx_word' id='word_1_537' title='bbox 1086 2083 1186 2120; x_wconf 80' lang='lat' dir='ltr'>Trojae</span> <span class='ocrx_word' id='word_1_538' title='bbox 1205 2082 1352 2116; x_wconf 80' lang='lat' dir='ltr'>conditor,</span> <span class='ocrx_word' id='word_1_539' title='bbox 1373 2080 1557 2119; x_wconf 84' lang='lat' dir='ltr'>adjungitur,</span> <span class='ocrx_word' id='word_1_540' title='bbox 1584 2080 1656 2118; x_wconf 83' lang='lat' dir='ltr'>quia</span> 
     </span>
     <span class='ocr_line' id='line_1_89' title="bbox 947 2119 1654 2160; baseline 0 -13"><span class='ocrx_word' id='word_1_541' title='bbox 947 2119 973 2147; x_wconf 86' lang='lat' dir='ltr'>is</span> <span class='ocrx_word' id='word_1_542' title='bbox 988 2120 1016 2147; x_wconf 84' lang='lat' dir='ltr'>in</span> <span class='ocrx_word' id='word_1_543' title='bbox 1032 2120 1136 2158; x_wconf 87' lang='lat' dir='ltr'>primis</span> <span class='ocrx_word' id='word_1_544' title='bbox 1152 2131 1256 2160; x_wconf 81' lang='lat' dir='ltr'>magna</span> <span class='ocrx_word' id='word_1_545' title='bbox 1275 2120 1419 2158; x_wconf 76' lang='lat' dir='ltr'>religione</span> <span class='ocrx_word' id='word_1_546' title='bbox 1440 2124 1587 2157; x_wconf 83' lang='lat' dir='ltr'>tamquam</span> <span class='ocrx_word' id='word_1_547' title='bbox 1607 2122 1654 2148; x_wconf 91' lang='lat' dir='ltr'>tu-</span> 
     </span>
     <span class='ocr_line' id='line_1_90' title="bbox 949 2158 1654 2197; baseline 0 -11"><span class='ocrx_word' id='word_1_548' title='bbox 949 2158 1049 2187; x_wconf 85' lang='lat' dir='ltr'>telaris</span> <span class='ocrx_word' id='word_1_549' title='bbox 1069 2160 1143 2187; x_wconf 81' lang='lat' dir='ltr'>deus</span> <span class='ocrx_word' id='word_1_550' title='bbox 1163 2161 1200 2188; x_wconf 87' lang='lat' dir='ltr'>ab</span> <span class='ocrx_word' id='word_1_551' title='bbox 1222 2160 1361 2197; x_wconf 75' lang='lat' dir='ltr'>Augusto</span> <span class='ocrx_word' id='word_1_552' title='bbox 1380 2158 1545 2191; x_wconf 86' lang='lat' dir='ltr'>colebatur,</span> <span class='ocrx_word' id='word_1_553' title='bbox 1565 2167 1654 2196; x_wconf 88' lang='lat' dir='ltr'>quem</span> 
     </span>
     <span class='ocr_line' id='line_1_91' title="bbox 947 2197 1653 2236; baseline 0.001 -12"><span class='ocrx_word' id='word_1_554' title='bbox 947 2197 1021 2225; x_wconf 82' lang='lat' dir='ltr'>adeo</span> <span class='ocrx_word' id='word_1_555' title='bbox 1041 2197 1191 2236; x_wconf 86' lang='lat' dir='ltr'>Apollinis</span> <span class='ocrx_word' id='word_1_556' title='bbox 1220 2198 1312 2226; x_wconf 81' lang='lat' dir='ltr'>fitium</span> <span class='ocrx_word' id='word_1_557' title='bbox 1338 2197 1449 2235; x_wconf 79' lang='lat' dir='ltr'>vulgus</span> <span class='ocrx_word' id='word_1_558' title='bbox 1476 2197 1600 2225; x_wconf 85' lang='lat' dir='ltr'>serebat.</span> <span class='ocrx_word' id='word_1_559' title='bbox 1625 2206 1653 2225; x_wconf 85' lang='lat' dir='ltr'>v.</span> 
     </span>
     <span class='ocr_line' id='line_1_92' title="bbox 947 2235 1264 2275; baseline 0.003 -12"><span class='ocrx_word' id='word_1_560' title='bbox 947 2235 1068 2265; x_wconf 89' lang='lat' dir='ltr'>Sueton.</span> <span class='ocrx_word' id='word_1_561' title='bbox 1083 2237 1162 2275; x_wconf 84' lang='lat' dir='ltr'>Aug.</span> <span class='ocrx_word' id='word_1_562' title='bbox 1177 2247 1203 2267; x_wconf 86' lang='lat' dir='ltr'>c.</span> <span class='ocrx_word' id='word_1_563' title='bbox 1215 2237 1264 2265; x_wconf 68' lang='lat'>94.</span> 
     </span>
    </p>

    <p class='ocr_par' dir='ltr' id='par_1_17' title="bbox 945 2273 1653 2740">
     <span class='ocr_line' id='line_1_93' title="bbox 984 2273 1652 2313; baseline -0.001 -10"><span class='ocrx_word' id='word_1_564' title='bbox 984 2275 1023 2303; x_wconf 79' lang='lat'>37</span> <span class='ocrx_word' id='word_1_565' title='bbox 1037 2273 1141 2303; x_wconf 85' lang='lat' dir='ltr'>Altera</span> <span class='ocrx_word' id='word_1_566' title='bbox 1149 2285 1187 2303; x_wconf 81' lang='lat' dir='ltr'>ex</span> <span class='ocrx_word' id='word_1_567' title='bbox 1202 2279 1285 2313; x_wconf 87' lang='lat' dir='ltr'>parte</span> <span class='ocrx_word' id='word_1_568' title='bbox 1297 2274 1325 2303; x_wconf 89' lang='lat' dir='ltr'>in</span> <span class='ocrx_word' id='word_1_569' title='bbox 1340 2274 1396 2303; x_wconf 86' lang='lat' dir='ltr'>hoc</span> <span class='ocrx_word' id='word_1_570' title='bbox 1408 2274 1522 2312; x_wconf 86' lang='lat' dir='ltr'>templo</span> <span class='ocrx_word' id='word_1_571' title='bbox 1535 2274 1652 2312; x_wconf 83' lang='lat' dir='ltr'>signum</span> 
     </span>
     <span class='ocr_line' id='line_1_94' title="bbox 947 2313 1653 2350; baseline -0.001 -9"><span class='ocrx_word' id='word_1_572' title='bbox 947 2316 1073 2350; x_wconf 87' lang='lat' dir='ltr'>ponetur</span> <span class='ocrx_word' id='word_1_573' title='bbox 1088 2313 1227 2347; x_wconf 83' lang='lat' dir='ltr'>Invidiae,</span> <span class='ocrx_word' id='word_1_574' title='bbox 1249 2313 1301 2342; x_wconf 86' lang='lat' dir='ltr'>sed</span> <span class='ocrx_word' id='word_1_575' title='bbox 1316 2313 1473 2342; x_wconf 83' lang='lat' dir='ltr'>debellatae</span> <span class='ocrx_word' id='word_1_576' title='bbox 1486 2316 1517 2342; x_wconf 86' lang='lat' dir='ltr'>et</span> <span class='ocrx_word' id='word_1_577' title='bbox 1530 2313 1567 2341; x_wconf 86' lang='lat' dir='ltr'>ad</span> <span class='ocrx_word' id='word_1_578' title='bbox 1581 2313 1653 2341; x_wconf 85' lang='lat' dir='ltr'>Tar-</span> 
     </span>
     <span class='ocr_line' id='line_1_95' title="bbox 947 2351 1653 2390; baseline 0.001 -12"><span class='ocrx_word' id='word_1_579' title='bbox 947 2354 1043 2380; x_wconf 82' lang='lat' dir='ltr'>tarum</span> <span class='ocrx_word' id='word_1_580' title='bbox 1059 2353 1254 2389; x_wconf 81' lang='lat' dir='ltr'>proturbatae.</span> <span class='ocrx_word' id='word_1_581' title='bbox 1294 2351 1454 2390; x_wconf 84' lang='lat' dir='ltr'>Splendide</span> <span class='ocrx_word' id='word_1_582' title='bbox 1467 2355 1566 2380; x_wconf 86' lang='lat' dir='ltr'>autem</span> <span class='ocrx_word' id='word_1_583' title='bbox 1579 2351 1653 2380; x_wconf 87' lang='lat' dir='ltr'>Tar-</span> 
     </span>
     <span class='ocr_line' id='line_1_96' title="bbox 948 2389 1653 2420; baseline 0.003 -3"><span class='ocrx_word' id='word_1_584' title='bbox 948 2389 1003 2417; x_wconf 85' lang='lat' dir='ltr'>tari</span> <span class='ocrx_word' id='word_1_585' title='bbox 1031 2390 1181 2420; x_wconf 87' lang='lat' dir='ltr'>notionem</span> <span class='ocrx_word' id='word_1_586' title='bbox 1204 2391 1374 2420; x_wconf 82' lang='lat' dir='ltr'>exornavit.</span> <span class='ocrx_word' id='word_1_587' title='bbox 1425 2390 1550 2419; x_wconf 86' lang='lat' dir='ltr'>Scilicet</span> <span class='ocrx_word' id='word_1_588' title='bbox 1574 2389 1653 2419; x_wconf 86' lang='lat' dir='ltr'>bella</span> 
     </span>
     <span class='ocr_line' id='line_1_97' title="bbox 947 2427 1651 2468; baseline 0.001 -13"><span class='ocrx_word' id='word_1_589' title='bbox 947 2427 1047 2457; x_wconf 77' lang='lat' dir='ltr'>civilia</span> <span class='ocrx_word' id='word_1_590' title='bbox 1061 2430 1237 2468; x_wconf 88' lang='lat' dir='ltr'>omninoque</span> <span class='ocrx_word' id='word_1_591' title='bbox 1248 2428 1427 2458; x_wconf 85' lang='lat' dir='ltr'>discordiam</span> <span class='ocrx_word' id='word_1_592' title='bbox 1441 2427 1552 2457; x_wconf 87' lang='lat' dir='ltr'>civium</span> <span class='ocrx_word' id='word_1_593' title='bbox 1565 2428 1651 2466; x_wconf 85' lang='lat' dir='ltr'>plane</span> 
     </span>
     <span class='ocr_line' id='line_1_98' title="bbox 947 2466 1649 2506; baseline 0.001 -12"><span class='ocrx_word' id='word_1_594' title='bbox 947 2467 1106 2496; x_wconf 88' lang='lat' dir='ltr'>coercitam</span> <span class='ocrx_word' id='word_1_595' title='bbox 1129 2478 1207 2503; x_wconf 85' lang='lat' dir='ltr'>esse,</span> <span class='ocrx_word' id='word_1_596' title='bbox 1229 2468 1395 2506; x_wconf 83' lang='lat' dir='ltr'>symbolice</span> <span class='ocrx_word' id='word_1_597' title='bbox 1420 2466 1535 2503; x_wconf 82' lang='lat' dir='ltr'>innuit3</span> <span class='ocrx_word' id='word_1_598' title='bbox 1563 2471 1597 2495; x_wconf 89' lang='lat' dir='ltr'>nt</span> <span class='ocrx_word' id='word_1_599' title='bbox 1619 2467 1649 2496; x_wconf 87' lang='lat' dir='ltr'>in</span> 
     </span>
     <span class='ocr_line' id='line_1_99' title="bbox 947 2505 1651 2545; baseline 0.001 -12"><span class='ocrx_word' id='word_1_600' title='bbox 947 2505 1038 2534; x_wconf 85' lang='lat' dir='ltr'>simili</span> <span class='ocrx_word' id='word_1_601' title='bbox 1052 2505 1179 2545; x_wconf 84' lang='lat' dir='ltr'>imagine</span> <span class='ocrx_word' id='word_1_602' title='bbox 1198 2507 1268 2536; x_wconf 84' lang='lat' dir='ltr'>AEn.</span> <span class='ocrx_word' id='word_1_603' title='bbox 1281 2507 1309 2542; x_wconf 89' lang='grc' dir='ltr'>Ι,</span> <span class='ocrx_word' id='word_1_604' title='bbox 1327 2507 1385 2536; x_wconf 80' lang='grc'>294</span> <span class='ocrx_word' id='word_1_605' title='bbox 1399 2505 1523 2543; x_wconf 58' lang='lat' dir='ltr'>mlv-37</span> <span class='ocrx_word' id='word_1_606' title='bbox 1536 2515 1651 2534; x_wconf 75' lang='lat' dir='ltr'>severus</span> 
     </span>
     <span class='ocr_line' id='line_1_100' title="bbox 946 2544 1651 2582; baseline 0 -10"><span class='ocrx_word' id='word_1_607' title='bbox 946 2548 1125 2582; x_wconf 85' lang='lat' dir='ltr'>perpetuum</span> <span class='ocrx_word' id='word_1_608' title='bbox 1138 2555 1236 2574; x_wconf 88' lang='lat' dir='ltr'>rerum</span> <span class='ocrx_word' id='word_1_609' title='bbox 1248 2546 1426 2574; x_wconf 84' lang='lat' dir='ltr'>infernarum</span> <span class='ocrx_word' id='word_1_610' title='bbox 1440 2544 1603 2582; x_wconf 82' lang='lat' dir='ltr'>epitheton,</span> <span class='ocrx_word' id='word_1_611' title='bbox 1619 2549 1651 2573; x_wconf 86' lang='lat' dir='ltr'>ut</span> 
     </span>
     <span class='ocr_line' id='line_1_101' title="bbox 945 2582 1652 2620; baseline -0.001 -9"><span class='ocrx_word' id='word_1_612' title='bbox 945 2583 1050 2617; x_wconf 77' lang='lat' dir='ltr'>tristis,</span> <span class='ocrx_word' id='word_1_613' title='bbox 1076 2585 1256 2613; x_wconf 39' lang='lat' dir='ltr'>muna-*38</span> <span class='ocrx_word' id='word_1_614' title='bbox 1281 2588 1372 2612; x_wconf 78' lang='lat' dir='ltr'>tortos</span> <span class='ocrx_word' id='word_1_615' title='bbox 1395 2582 1507 2611; x_wconf 78' lang='lat' dir='ltr'>Ixionis</span> <span class='ocrx_word' id='word_1_616' title='bbox 1531 2593 1652 2620; x_wconf 66' lang='lat' dir='ltr'>(nequas,</span> 
     </span>
     <span class='ocr_line' id='line_1_102' title="bbox 946 2621 1648 2661; baseline -0.003 -10"><span class='ocrx_word' id='word_1_617' title='bbox 946 2622 1068 2660; x_wconf 80' lang='lat' dir='ltr'>quibus,</span> <span class='ocrx_word' id='word_1_618' title='bbox 1090 2633 1144 2661; x_wconf 86' lang='lat' dir='ltr'>pro</span> <span class='ocrx_word' id='word_1_619' title='bbox 1159 2622 1298 2655; x_wconf 84' lang='lat' dir='ltr'>vinculis,</span> <span class='ocrx_word' id='word_1_620' title='bbox 1319 2621 1462 2659; x_wconf 81' lang='lat' dir='ltr'>religatus</span> <span class='ocrx_word' id='word_1_621' title='bbox 1486 2626 1533 2650; x_wconf 80' lang='lat' dir='ltr'>est</span> <span class='ocrx_word' id='word_1_622' title='bbox 1551 2623 1587 2650; x_wconf 83' lang='lat' dir='ltr'>ad</span> <span class='ocrx_word' id='word_1_623' title='bbox 1602 2631 1648 2650; x_wconf 85' lang='lat' dir='ltr'>ro-</span> 
     </span>
     <span class='ocr_line' id='line_1_103' title="bbox 948 2659 1649 2701; baseline 0 -13"><span class='ocrx_word' id='word_1_624' title='bbox 948 2665 1018 2693; x_wconf 76' lang='lat' dir='ltr'>tam,</span> <span class='ocrx_word' id='word_1_625' title='bbox 1050 2665 1207 2701; x_wconf 80' lang='lat' dir='ltr'>postquam</span> <span class='ocrx_word' id='word_1_626' title='bbox 1234 2661 1353 2689; x_wconf 83' lang='lat' dir='ltr'>illicitos</span> <span class='ocrx_word' id='word_1_627' title='bbox 1383 2659 1509 2689; x_wconf 68' lang='lat' dir='ltr'>sunonis</span> <span class='ocrx_word' id='word_1_628' title='bbox 1543 2660 1649 2698; x_wconf 85' lang='lat' dir='ltr'>petivit</span> 
     </span>
     <span class='ocr_line' id='line_1_104' title="bbox 948 2699 1649 2740; baseline -0.003 -11"><span class='ocrx_word' id='word_1_629' title='bbox 948 2700 1114 2740; x_wconf 45' lang='lat' dir='ltr'>amplexus.</span> <span class='ocrx_word' id='word_1_630' title='bbox 1155 2701 1202 2730; x_wconf 84' lang='lat' dir='ltr'>Ita</span> <span class='ocrx_word' id='word_1_631' title='bbox 1220 2699 1353 2729; x_wconf 67' lang='lat' dir='ltr'>Servius.</span> <span class='ocrx_word' id='word_1_632' title='bbox 1393 2699 1453 2730; x_wconf 79' lang='lat' dir='ltr'>Alii</span> <span class='ocrx_word' id='word_1_633' title='bbox 1472 2699 1649 2738; x_wconf 79' lang='lat' dir='ltr'>simpliciter</span> 
     </span>
    </p>
   </div>
  </div>
 </body>
</html>
