1796 3077
184 249 282 295 420
612 248 654 285 P.
688 246 918 285 vincum
950 248 1200 288 MARoms

189 364 322 421 Eripe
339 381 406 410 me
423 368 504 418 his,
524 367 689 416 invicte,
710 365 828 409 malis
845 384 856 419 ;
877 374 950 410 aut
970 374 1016 411 tu
1035 368 1137 410 mihi
1155 378 1309 414 terram
1548 375 1631 416 :565

186 422 334 478 Injice,
353 438 531 479 namque
552 430 688 477 potes,
709 431 940 479 portusque
961 426 1128 480 require
1150 426 1346 480 Velinos3

190 479 282 522 Aut
301 488 361 530 tu,
382 483 415 523 si
434 496 519 534 qua
537 481 603 522 via
620 488 697 532 est,
718 482 752 522 si
772 496 897 535 quam
918 483 993 525 tibi
1013 483 1108 524 diva
1128 488 1309 526 creatrix

188 535 392 579 Ostendit
409 537 562 592 (neque
582 538 707 589 enim,
728 540 870 589 credo,
891 539 979 581 sine
1000 540 1168 583 numine
1188 542 1330 584 divum

185 591 378 635 Flumina
395 600 512 636 tanta
532 609 657 649 paras
677 595 950 651 Stygiamque
970 597 1114 638 innare
1134 597 1363 653 paludem),

184 648 259 690 Da
277 650 471 693 dextram
490 652 658 702 misero,
677 658 721 694 et
741 659 881 695 tecum
899 668 966 695 me
985 653 1084 695 tolle
1101 669 1179 708 per
1196 657 1358 698 undas:
1546 659 1630 698 870

185 705 371 749 Sedibus
390 715 439 750 ut
456 707 602 752 saltem
622 707 799 766 placidis
815 710 859 752 in
877 717 1012 752 morte
1032 712 1259 765 quiescam.

183 761 309 805 Talia
327 764 438 807 fatus
457 774 562 816 erat,
582 767 714 821 coepit
732 781 863 822 quum
882 767 980 809 talia
999 774 1136 810 vates:

186 819 314 862 Unde
333 821 439 874 haec,
459 837 485 865 ο
506 822 719 874 Palinure,
736 824 814 866 tibi
832 832 918 866 tam
937 825 1030 867 dira
1048 825 1238 879 cupido?

183 874 257 918 Tu
276 877 446 935 Stygias
466 880 706 923 inhumatus
726 896 857 936 aquas
879 897 1125 936 amnemque
1147 897 1338 924 severum

183 932 469 979 Eumenidum
488 937 679 993 aspicies,
700 939 886 994 ripamve
906 939 1090 995 injussus
1110 939 1279 981 obibis?
1549 940 1599 980 δῖ
1608 956 1633 979 o

181 990 344 1035 Desine
363 993 451 1035 fata
468 995 595 1037 deum
613 995 727 1037 flecti
745 1010 917 1050 sperare
937 995 1165 1049 precando.

180 1046 269 1090 Sed
288 1064 393 1104 cape
412 1051 525 1092 dicta
543 1066 717 1102 memor,
737 1052 833 1093 duri
852 1051 1000 1094 solatia
1018 1066 1154 1094 casus.

180 1102 296 1147 Nam
316 1113 390 1149 tua
406 1106 585 1158 finitimi,
607 1108 733 1164 longe
752 1108 920 1163 lateque
939 1124 1016 1163 per
1036 1109 1164 1150 urbes

183 1160 395 1218 Prodigiis
415 1165 498 1206 acti
517 1164 774 1215 coelestibus,
795 1180 892 1207 ossa
909 1167 1091 1220 piabunt
1107 1182 1118 1214 ;

180 1217 242 1260 Et
260 1227 446 1262 statuent
465 1221 684 1270 tumulum,
703 1228 748 1263 et
768 1221 928 1263 tumulo
948 1221 1163 1262 sollemnia
1182 1221 1347 1262 mittent
1364 1238 1374 1270 3
1544 1223 1629 1263 380

177 1274 490 1332 AEternumque
507 1277 626 1320 locus
645 1277 834 1320 Palinuri
851 1292 1005 1320 nomen
1022 1277 1212 1319 habebit.

177 1331 261 1375 His
278 1333 401 1376 dictis
421 1348 534 1376 curae
553 1342 715 1384 emotae,
736 1334 966 1388 pulsusque
985 1348 1214 1388 parumper

178 1387 321 1431 Corde
341 1389 462 1432 dolor
482 1389 617 1441 tristi3
637 1391 797 1444 gaudet
815 1392 1062 1445 cognomine
1082 1397 1210 1431 terra.

234 1445 354 1502 Ergo
373 1447 453 1488 iter
472 1447 688 1503 inceptum
706 1454 928 1502 peragunt,
949 1447 1162 1501 fluvioque
1182 1445 1496 1501 propinquant3

178 1500 336 1544 Navita
354 1517 460 1558 quos
473 1505 562 1558 jam
582 1504 680 1546 inde
700 1512 748 1546 ut
767 1504 917 1559 Stygia
936 1504 1155 1558 prospexit
1174 1504 1230 1545 ab
1249 1503 1364 1544 unda
1543 1505 1627 1546 385

177 1558 262 1601 Per
278 1561 449 1602 tacitum
468 1575 615 1603 nemus
635 1561 710 1611 ire,
732 1561 971 1616 pedemque
989 1561 1211 1603 advertere
1231 1560 1350 1614 ripae,

177 1615 249 1657 Sic
265 1617 380 1671 prior
397 1618 645 1674 aggreditur
664 1618 800 1668 dictis,
821 1625 948 1673 atque
968 1618 1159 1673 increpat
1178 1616 1312 1658 ultro:

177 1671 383 1728 Quisquis
402 1689 464 1725 es,
484 1683 669 1717 armatus
690 1675 762 1730 qui
783 1682 926 1717 nostra
945 1676 1000 1717 ad
1020 1675 1192 1716 flumina
1212 1672 1363 1723 tendis,

177 1728 286 1772 Fare
306 1745 401 1786 age,
420 1732 523 1785 quid
544 1732 712 1783 venias3
735 1732 824 1787 jam
845 1732 967 1773 istinc
987 1739 1029 1773 et
1049 1731 1277 1787 comprime
1298 1745 1503 1785 gressum.

177 1785 434 1828 Umbrarum
454 1787 523 1830 hic
542 1787 660 1831 loeus
678 1796 755 1838 est,
777 1788 922 1830 Somni
942 1788 1180 1843 Noctisque
1202 1802 1386 1843 soporae3
1541 1788 1626 1830 390

174 1842 367 1897 Corpora
386 1843 478 1884 viva
496 1844 614 1886 nefas
635 1845 784 1899 Stygia
803 1853 969 1887 vectare
986 1846 1141 1887 carina.

171 1897 269 1940 Nec
288 1913 387 1940 vero
408 1898 590 1941 Alciden
609 1915 675 1942 me
697 1915 787 1942 sum
807 1900 973 1942 laetatus
993 1909 1164 1944 euntem

172 1954 404 2010 Accepisse
419 1955 527 2006 lacu,
547 1971 625 1998 nec
645 1956 817 1998 Thesea
834 1956 1182 2011 Pirithoiunque3

171 2010 253 2052 Dis
273 2026 525 2066 quamquam
546 2013 687 2067 geniti,
707 2020 836 2068 atque
856 2014 998 2055 invicti
1016 2015 1188 2062 viribus,
1209 2019 1362 2054 essent.

168 2066 423 2110 Tartareum
443 2068 511 2111 ille
530 2084 658 2111 manu
695 2069 912 2113 custodem
931 2070 974 2112 in
992 2070 1127 2112 vincla
1147 2070 1308 2125 petivit,
1532 2072 1587 2111 39

168 2122 308 2179 Ipsius
327 2139 352 2166 a
371 2125 475 2167 solio
495 2127 606 2181 regis
625 2127 837 2182 traxitque
857 2134 1126 2169 trementem:

167 2181 229 2223 Hi
249 2181 459 2225 dominam
479 2181 594 2227 Ditis
615 2182 798 2226 thalamo
817 2184 1028 2227 deducere
1046 2183 1196 2225 adorti.

1590 2072 1617 2112 ξπ

166 2320 246 2352 τεῦχε
259 2322 376 2349 κύνεσσι.
394 2319 453 2349 363
467 2329 535 2359 sqq.
555 2319 722 2349 adumbrati
736 2330 775 2350 ex
790 2320 830 2351 ΙΙ.
842 2326 873 2355 λ,
912 2320 1008 2350 -378
1021 2319 1102 2350 Nam
1117 2323 1150 2349 ut
1163 2323 1216 2355 γὰρ
1229 2321 1267 2349 ab
1281 2319 1367 2349 initio
1382 2318 1542 2349 orationis:
1559 2330 1616 2358 pro

168 2357 208 2385 66
228 2366 294 2396 sqq.
317 2358 356 2387 de
370 2357 630 2396 Elpenora-364
648 2359 793 2397 suryentis
812 2358 874 2388 Iuli
912 2363 956 2395 δὴ,
978 2369 1058 2393 sane,
1079 2359 1401 2388 scilicet.—384-416
1417 2358 1534 2387 Charon
1547 2368 1611 2387 um-

169 2398 205 2424 ut
223 2396 285 2433 jam
309 2395 369 2430 IV,
390 2397 458 2426 274.
497 2401 578 2426 ortus
595 2396 713 2427 Velim
730 2408 785 2436 per
803 2407 872 2438 pro·
911 2398 995 2433 bras,
1014 2407 1070 2426 non
1094 2408 1220 2436 corpora
1245 2398 1362 2431 vehere,
1382 2397 1498 2430 solitus,
1520 2407 1612 2437 aegre,

166 2433 265 2471 lepsin
290 2434 389 2464 dictos
414 2445 431 2464 a
487 2435 544 2466 elia
563 2436 592 2464 in
613 2435 722 2465 iisdem
739 2437 814 2467 locis
834 2436 871 2466 ad
912 2440 945 2465 ut
958 2437 1083 2466 AEnearn
1099 2436 1283 2471 transvehat,
1297 2435 1562 2465 adducam—355
1574 2437 1611 2465 ab

167 2471 340 2501 Palinurum
363 2483 461 2511 prom.
481 2474 640 2512 aliquando
665 2475 870 2505 condenda.—-
908 2475 995 2509 unda,
1023 2475 1122 2504 medio
1149 2486 1242 2504 amne.
1264 2475 1302 2504 cf.
1325 2472 1492 2502 alla—Dis
1509 2475 1613 2510 yeniti.

166 2511 224 2540 367
239 2510 320 2539 Diva
331 2511 457 2540 creatrix
471 2513 560 2542 eiiam
576 2513 672 2548 VIII,
696 2514 755 2543 534
775 2518 869 2543 mater
908 2514 1041 2543 Theseus
1065 2524 1082 2542 a
1104 2514 1255 2552 Neptuno,
1292 2511 1444 2541 Pirithous
1469 2522 1485 2539 a
1510 2513 1610 2551 Joveg

167 2548 284 2583 AEneae,
312 2549 434 2586 Venus-7
456 2554 489 2579 ut
510 2561 607 2581 creare
636 2561 692 2589 pro
711 2562 868 2591 parere.—
909 2552 978 2581 vide
993 2564 1021 2582 v.
1033 2563 1060 2581 c.
1076 2553 1113 2580 ll.
1130 2556 1155 2587 ξ,
1178 2554 1246 2581 317.
1259 2552 1326 2579 318.
1345 2554 1375 2578 et
1388 2549 1534 2579 al.—-395.
1549 2552 1608 2581 396

166 2588 225 2617 374
237 2597 347 2616 onmem
360 2598 486 2618 severam
500 2590 546 2627 (h.
557 2601 584 2618 e.
596 2590 723 2625 tristem,
745 2591 867 2620 horren-
908 2590 1034 2620 Fundus
1048 2590 1154 2620 fabulae
1170 2591 1208 2619 ll.
1219 2594 1244 2625 θ,
1258 2590 1313 2618 367
1327 2588 1503 2631 sqq-'Varie
1511 2594 1608 2619 autem

165 2626 252 2663 dam)
265 2626 453 2654 Emuenidam
477 2628 564 2656 docte
577 2628 666 2661 duit,
687 2629 789 2658 eodem
805 2640 866 2658 ino-
907 2640 923 2658 a
936 2630 1036 2661 noetis
1047 2634 1191 2659 tractatus
1205 2629 1262 2656 suit
1276 2626 1422 2655 Herculis
1440 2627 1477 2655 ad
1491 2628 1606 2658 inferos

162 2665 202 2693 do
229 2675 263 2694 ac
291 2664 317 2693 si
337 2664 459 2693 deorum
478 2667 651 2700 inferorum,
672 2668 862 2708 Proserpina:
903 2664 1078 2698 descensus.
1115 2668 1163 2696 Cf.
1177 2678 1207 2696 v.
1219 2677 1246 2695 c.
1261 2665 1299 2694 ll.
1314 2678 1338 2698 ε,
1353 2665 1409 2693 395
1423 2675 1489 2704 sqq.
1508 2667 1603 2705 Apol-

163 2703 210 2732 vel
238 2703 376 2736 Hecatae,
396 2703 668 2741 appellares.-375
690 2707 782 2745 ripam
801 2707 861 2736 oba·-
902 2707 961 2735 lod.
985 2707 1032 2744 ΙΙ,
1058 2708 1088 2742 5,
1109 2708 1145 2735 12
1166 2710 1195 2734 el
1214 2703 1255 2733 ihi
1277 2704 1446 2733 Non—397
1462 2705 1602 2734 dominam

161 2742 216 2776 bis,
236 2751 292 2780 pro
312 2741 450 2776 accedes,
470 2743 629 2780 pervenies
648 2745 682 2773 ad
701 2746 795 2783 ripam
820 2746 860 2774 al·
903 2750 1055 2779 Mam-way,
1080 2745 1200 2782 proprie
1225 2744 1262 2771 de
1286 2742 1476 2780 Proserpina.
1517 2744 1601 2772 Alias

160 2781 359 2810 terame-377
384 2790 449 2818 cape
476 2791 594 2815 memor,
615 2786 681 2811 tenc
710 2785 859 2813 memoria.
899 2784 1011 2814 dicium
1028 2790 1117 2816 esset„
1139 2787 1171 2810 uz
1197 2782 1275 2819 opud
1299 2781 1463 2810 nomm-um
1488 2782 1600 2820 passim
