1796 3077
565 239 832 279 AENEIDOS.
890 240 990 280 LIB.
1018 242 1092 281 111.

1453 255 1482 298 Φ.)

1488 256 1513 297 [Ο

1526 256 1541 302 ἰε-ι

99 355 173 405 Et,
192 357 344 399 fessum
363 360 557 413 quotiens
577 369 710 403 mutet
730 361 854 412 latus,
877 363 1099 406 intremere
1119 380 1282 408 omnem

99 412 318 456 Murmure
340 415 617 467 Trinacriam,
639 426 681 460 et
700 419 853 460 coelum
874 421 1100 463 subtexere
1118 422 1250 465 fumo.

98 469 280 512 Noctem
300 471 409 514 illam
430 475 530 515 tecti
550 475 660 516 silvis
680 476 872 517 immania
891 486 1077 519 monstra

98 526 366 579 perferimus,
382 545 471 579 nec,
492 547 587 586 quae
607 533 787 575 sonitum
806 534 878 574 det
899 548 1059 584 caussa,
1081 535 1285 577 videmus.

95 582 209 625 Nam
229 600 365 640 neque
386 596 505 629 erant
524 596 729 631 astrorum
747 591 879 644 igneS,
900 605 976 632 nec
996 591 1161 634 lucidus
1181 593 1315 634 aethra

1458 598 1483 636 :n

1486 598 1522 637 99

1523 614 1539 638 ω
1521 600 1539 609 1

95 640 272 683 Siderea
286 643 421 698 polus,
443 646 623 687 obscuro
640 646 715 687 sed
732 647 874 689 nubila
894 647 1014 697 coelo,

96 696 156 738 Et
178 698 343 741 Lunam
362 701 404 741 in
425 702 565 743 nimbo
586 717 670 744 nox
690 704 939 758 intempesta
959 706 1143 746 tenebat.

151 754 328 797 Postera
340 757 512 812 jamque
533 760 622 800 dies
641 760 776 813 primo
797 761 996 815 surgebat
1019 762 1128 812 Eoo,

94 810 436 868 Humentemque
456 815 625 856 Aurora
646 815 743 869 polo
763 817 994 858 dimoverat
1015 820 1205 859 umbram
1222 837 1232 869 3

93 868 238 914 Quum
259 871 398 911 subito
417 884 441 911 e
463 871 586 920 silvis,
606 873 735 913 macie
755 872 947 914 confecta
968 888 1174 928 suprema,
1457 880 1540 920 590

92 924 233 979 Ignoti
253 941 360 967 nova
379 927 513 969 forma
532 928 609 969 viri
626 929 946 984 miserandaque
967 931 1083 972 cultu

92 980 305 1032 Procedit,
327 983 590 1039 supplexque
611 1000 757 1028 manus
778 986 832 1027 ad
852 986 974 1028 litora
994 988 1144 1029 tendit.

94 1037 374 1093 Respicimus.

435 1040 542 1082 Dira
555 1041 729 1092 illuvies,
750 1042 1012 1098 immissaque
1032 1045 1177 1094 barba,

92 1094 343 1138 Consertum
363 1103 559 1152 tegumen
579 1100 729 1152 spinis:
761 1107 803 1141 at
823 1107 964 1141 cetera
984 1100 1156 1150 Graius,

93 1151 152 1192 Et
172 1154 384 1206 quondam
404 1155 549 1208 patriis
569 1156 623 1195 ad
644 1155 817 1197 Troiam
836 1156 984 1197 missus
1005 1157 1046 1197 in
1067 1158 1207 1198 armis.

1457 1160 1480 1198 Qv

1482 1159 1520 1199 54³

1520 1161 1537 1198 υ(

92 1208 218 1263 Isque
239 1211 312 1251 ubi
332 1211 573 1252 Dardanios
593 1211 762 1252 habitus
783 1220 825 1253 et
846 1212 978 1254 Troia
997 1214 1101 1254 vidit

90 1264 224 1307 Arma
244 1268 405 1322 procul,
428 1267 613 1323 paullum
633 1275 808 1322 aspectu
826 1270 1074 1311 conterritus
1094 1270 1228 1318 haesit,

93 1324 393 1379 Continuitque
413 1325 614 1380 gradum3
639 1340 738 1367 mox
757 1340 848 1366 sese
868 1326 923 1366 ad
940 1325 1062 1367 litora
1082 1341 1271 1380 praeceps

93 1381 201 1422 Cum
220 1381 323 1422 fletu
342 1382 622 1436 precibusque
643 1381 759 1423 tulit:
791 1381 874 1423 Per
893 1383 1031 1423 sidera
1050 1390 1195 1431 testor,

92 1437 178 1478 Per
198 1453 384 1492 superos,
406 1445 532 1492 atque
552 1437 634 1479 hoc
655 1437 749 1479 coeli
768 1438 963 1492 spirabile
983 1438 1122 1480 lumen
1139 1455 1148 1479 :

1456 1441 1541 1480 GGO

93 1493 248 1535 Tollite
268 1510 349 1544 me,
370 1494 549 1544 Teucri;
571 1509 855 1549 quascumque
875 1495 1073 1536 abducite
1094 1503 1250 1543 terras;

94 1550 192 1592 Hoc
213 1559 276 1592 sat
294 1552 385 1592 erit.

445 1551 542 1593 Scio
561 1566 626 1592 me
646 1551 807 1592 Danais
827 1566 850 1592 e
870 1550 1071 1592 classibus
1091 1567 1231 1600 unum,

95 1607 155 1647 Et
174 1607 285 1649 bello
306 1608 455 1649 Iliacos
476 1608 610 1648 fateor
629 1608 798 1662 petiisse
821 1607 1015 1648 Penates.

96 1663 180 1705 Pro
201 1679 297 1719 quo,
320 1665 353 1706 si
372 1664 541 1706 sceleris
561 1672 677 1705 tanta
696 1671 759 1705 est
778 1664 928 1720 injuria
947 1664 1092 1713 nostri,

95 1783 204 1812 iaculis
229 1784 353 1813 ssammae
381 1784 597 1818 subterraneis,
622 1794 690 1822 qnae
718 1794 794 1812 nove

93 1823 228 1857 (uncinos,
250 1823 396 1856 fornaces,
418 1822 632 1852 dixit—melum
651 1822 796 1851 subtexere

85 1862 180 1897 sitim),
190 1861 352 1899 exquisite,
371 1867 403 1891 ut
415 1861 587 1898 suffundere.
628 1861 796 1898 Utrumque

93 1899 215 1928 Lueret.
228 1900 257 1928 in
272 1901 376 1929 eadem
392 1911 423 1929 re
436 1901 492 1934 vl,
507 1900 574 1928 478.
590 1900 796 1928 aust—583—

92 1938 148 1966 587
171 1938 306 1973 sonitum,
329 1940 367 1967 de
381 1940 499 1977 fragore
522 1938 630 1966 montis
654 1938 796 1975 loquitur.

92 1986 180 2005 —nec
195 1976 305 2005 lucidus
321 1977 406 2015 polus
419 1977 511 2005 α’ἰΙιι-ιι
524 1977 646 2011 siderea,
671 1986 723 2005 nec
737 1986 796 2005 eos-

94 2014 155 2042 lum
183 2015 279 2044 stellis
306 2016 488 2054 fulgentibus
514 2015 645 2044 lucebat.
669 2015 791 2053 (aethrn,

93 2055 184 2087 αἵθρα,
198 2053 276 2082 ae'ris
288 2055 478 2083 serenitatem
490 2059 583 2087 notat,
595 2064 662 2092 quoe
671 2054 792 2087 siderea,

95 2091 123 2118 h.
138 2102 165 2120 e.
179 2092 296 2130 fulgida
309 2093 370 2122 dici
387 2097 496 2131 potest.
538 2093 624 2121 Hanc
646 2093 794 2130 interpre-

96 2129 235 2158 tationem
245 2140 317 2159 usus
329 2132 567 2169 conjunctionum
577 2141 794 2169 neque—neque

94 2168 237 2204 postulat.
255 2168 324 2207 W.)
352 2170 393 2198 Et
412 2181 468 2199 nox
482 2170 604 2203 tenebat,
625 2169 794 2198 occultabat

94 2205 193 2234 lunam
214 2207 245 2235 iu
268 2207 374 2242 nimbo,
402 2209 503 2237 nubilo
528 2209 606 2237 ae're.
657 2211 716 2243 Ἀὴρ
744 2211 794 2242 Ιγὰρ

95 2248 170 2278 παρὰ
194 2248 268 2276 νηυσὶ
291 2249 382 2281 βαθεῖ’
405 2247 444 2281 ἦν,
462 2250 522 2275 οὐδὲ
543 2249 643 2282 Σελήνη
663 2250 794 2280 υύρανοθε

95 2287 252 2319 προῦφαινε·
275 2287 416 2319 κατείχετο
437 2289 465 2313 δὲ
487 2286 795 2322 veqfie‘effmm—Odyss.

97 2336 116 2356 ι,
139 2323 204 2350 144.
226 2323 282 2351 145
305 2332 392 2360 quem
413 2327 507 2352 totum
529 2324 627 2352 locum
646 2323 794 2362 Virgilius

96 2364 162 2389 ante
177 2361 281 2390 oculos
296 2361 409 2395 habuit,
429 2361 516 2390 laude
534 2366 630 2391 tamen
650 2362 794 2391 hactenus

94 2398 224 2437 integra,
248 2400 338 2437 quod,
364 2399 574 2429 Achemenidis
599 2410 728 2438 persona
751 2400 794 2429 in-

96 2437 197 2471 ducta,
220 2448 353 2476 magnam
368 2437 539 2476 legentibus
552 2438 738 2468 mirationem
753 2439 797 2467 rei

95 2476 227 2505 novitate
251 2476 334 2504 facit.
374 2477 559 2505 Imitatorem
587 2478 681 2506 nostri
707 2478 797 2506 hahes

98 2514 243 2543 Ovidium
268 2515 360 2548 XIV,
386 2515 464 2543 Met.
491 2516 548 2543 158
575 2525 651 2554 sqq„
683 2516 732 2544 ubi
759 2516 797 2544 ad

96 2552 207 2618 {lamas
240 2553 316 2582 alius
343 2553 463 2593 Ulyssis
492 2553 592 2582 socius
626 2554 797 2583 substitisse

111 2595 202 2620 ertur.

135 2630 290 2659 588—592
303 2630 414 2663 Prodit
434 2641 450 2660 e
471 2629 557 2659 silvis
571 2630 797 2665 themenides,

99 2677 137 2696 ex
161 2667 282 2706 Ulyssis
303 2669 401 2698 sociis.
426 2670 519 2698 ¹trimo
545 2668 619 2702 Εοο,
647 2669 797 2704 Lucifero,

100 2708 166 2744 ἑῷος
179 2710 274 2742 ἀστὴρ,
294 2708 333 2737 cf.
347 2708 400 2737 Ge.
437 2731 444 2744 ,
461 2709 528 2738 288.
543 2708 669 2736 umbram
685 2707 799 2737 Inniten-

834 1789 900 1818 tem,
930 1784 973 1812 uti
1000 1788 1097 1813 amant
1124 1784 1223 1822 poe'tae
1250 1788 1355 1812 noctem
1385 1784 1539 1818 humidam,

837 1826 961 1861 propter
982 1823 1283 1851 rorem.——593—595
1306 1824 1343 1851 cf.
1368 1827 1428 1851 vet.
1450 1825 1538 1860 po'e‘ta

837 1871 882 1899 ap.
899 1861 964 1890 Cic.
978 1861 1070 1889 Tusc.
1085 1861 1144 1896 Qu.
1161 1861 1226 1895 ΙΙΙ,
1246 1862 1283 1889 12
1299 1861 1337 1890 de
1353 1861 1536 1898 Thyeste.—

835 1899 963 1928 immissa
989 1900 1017 1927 in
1042 1899 1159 1933 faciem,
1189 1899 1323 1937 adeoque
1352 1899 1537 1937 exquisitius

836 1948 923 1976 quam
950 1938 1095 1976 promis-sa
1122 1937 1336 1966 barba—594
1367 1938 1537 1966 Consertum

835 1977 925 2014 spinis
943 1981 1083 2014 teynmeu,
1107 1980 1221 2005 vestem
1245 1977 1372 2005 laceram
1396 1986 1430 2005 ac
1445 1977 1537 2005 detri-

832 2020 891 2043 tam
905 2016 1044 2049 habebat,
1059 2019 1100 2049 et,
1119 2025 1154 2043 ne
1169 2016 1255 2052 panni
1270 2015 1446 2048 dessuerunt,
1476 2015 1539 2053 spi-

833 2054 877 2081 nis
892 2064 946 2091 pro
963 2053 1020 2081 filis
1034 2057 1187 2082 consutam
1202 2057 1231 2081 et
1254 2058 1374 2081 sartam.
1388 2053 1427 2081 cf.
1443 2053 1536 2082 Ovid.

834 2092 908 2120 Met.
934 2091 1027 2125 XIV,
1055 2092 1121 2125 166,
1149 2091 1200 2119 ubi
1224 2091 1317 2119 multa
1342 2101 1380 2120 ex
1405 2091 1536 2128 Virgilio

832 2131 1017 2158 adumbrata.
1057 2130 1105 2158 Ex
1132 2129 1178 2157 his
1203 2133 1298 2157 tamen
1326 2128 1401 2166 ipsis
1429 2130 1534 2166 pannis

832 2169 1029 2207 agnoscebant
1048 2178 1114 2196 cum
1129 2168 1268 2196 Graecunl
1289 2177 1366 2196 esse.
1408 2168 1471 2196 Nec
1493 2172 1537 2196 ta-

834 2217 900 2235 men
915 2207 991 2235 male
1005 2206 1128 2235 Servius
1140 2216 1146 2234 ε
1164 2205 1263 2234 Habet
1273 2205 1345 2233 enim
1358 2215 1538 2244 unaquoeque

833 2256 902 2284 qens
918 2245 1054 2274 incessum
1079 2249 1107 2273 et
1126 2254 1220 2272 vocem
1236 2243 1494 2282 propriam—595
1510 2250 1538 2274 et

833 2285 973 2328 quondam
986 2283 1094 2323 Patriis
1104 2283 1143 2313 ad
1153 2282 1269 2320 Troiam
1281 2282 1384 2310 missus
1392 2283 1422 2311 in
1433 2284 1536 2318 armis,

834 2328 1020 2361 importunus
1048 2330 1164 2350 versus.
1216 2321 1266 2349 Ex
1302 2326 1428 2358 aspectu
1454 2322 1533 2352 enim

834 2361 864 2389 id
891 2361 967 2390 disci
992 2360 1070 2389 haud
1097 2359 1204 2398 potuit.
1243 2359 1362 2397 Adjicit
1384 2359 1472 2388 Serv.
1496 2371 1531 2389 ex

832 2399 960 2438 sequenti
973 2399 1032 2436 ejus
1042 2397 1215 2435 cim-sessione
1229 2397 1280 2426 hoc
1293 2397 1391 2426 didicit
1404 2397 1535 2427 AEneaS.

837 2439 1029 2467 —599—606
1053 2441 1153 2471 testor,
1177 2446 1292 2474 quaeso,
1315 2437 1460 2465 obtestor.
1482 2437 1534 2466 hoc

837 2476 898 2505 coelc‘
909 2475 1044 2515 spirabile
1055 2476 1159 2509 lumen,
1171 2474 1272 2509 vitale,
1285 2474 1323 2503 de
1335 2484 1394 2513 quo
1405 2475 1441 2514 (1.
1454 2476 1532 2514 quo)

837 2515 994 2553 spiramus,
1021 2514 1061 2542 ait
1083 2513 1218 2544 Servius.
1237 2513 1331 2542 lumen
1355 2517 1453 2543 autem
1477 2524 1533 2557 pro

837 2554 956 2587 aethere,
986 2562 1066 2586 aura,
1095 2556 1129 2580 ut
1154 2551 1243 2581 etiam
1269 2552 1386 2590 poe'tae:
1414 2552 1533 2580 luminis

835 2603 918 2626 aura,
950 2590 1188 2628 quandoquidem
1218 2590 1318 2619 lucem
1344 2590 1532 2619 transmittit.

836 2641 926 2660 unum
942 2629 1056 2660 Danais
1073 2639 1087 2657 e
1107 2627 1254 2664 classibus,
1274 2638 1365 2658 unum
1380 2639 1396 2658 e
1410 2629 1534 2658 Danais.

837 2670 932 2698 -604
955 2668 981 2696 si
1001 2666 1116 2697 sceleris
1134 2671 1215 2696 tanta
1234 2671 1277 2696 est
1299 2667 1407 2705 injuria
1429 2666 1532 2700 nostri,

838 2712 950 2742 ornate,
967 2706 991 2735 si
1008 2706 1108 2736 scelus
1120 2716 1217 2736 meum
1230 2710 1342 2736 tantum
1356 2709 1413 2735 est.
1439 2705 1532 2743 Spar-

1301 2752 1363 2787 Τί
