1796 3077
552 288 822 326 AENEIDOS.

881 288 981 327 Lm.
1017 288 1087 326 XI,
1482 292 1575 336 617

117 415 328 464 Concitat,
351 421 394 455 et
417 414 584 456 Venulo
606 414 830 456 adversum
852 428 895 455 se
919 414 1114 454 turbidus
1135 411 1276 460 infert,

118 471 445 526 Dereptumque
466 472 520 512 ab
541 486 652 526 equo
673 472 824 512 dextra
845 470 1139 524 complectitur
1161 469 1339 518 hostem,

119 528 180 568 Et
200 529 407 582 gremium
427 535 525 569 ante
546 543 668 569 suum
688 527 820 568 multa
840 528 879 567 vi
899 528 1089 568 concitus
1110 525 1263 567 aufert.

117 584 304 625 Tollitur
323 585 365 625 in
386 584 540 625 coelum
562 584 737 634 clamor3
769 584 996 638 cunctique
1018 583 1162 624 Latini
1496 581 1550 621 74

620 640 751 682 Volat
771 641 919 695 igneus
938 655 1110 694 aequore
1131 639 1321 687 Tarcho,

118 641 378 683 Convertere
400 640 558 682 oculos.

1553 582 1579 622 01

116 697 251 738 Arma
271 698 490 751 virumque
512 697 675 746 ferens;
707 704 796 738 tum
817 712 977 738 summa
997 698 1128 751 ipsius
1148 697 1202 737 ab
1222 695 1345 736 hasta

114 753 333 809 Defringit
354 754 524 803 ferrum,
547 762 590 795 et
609 761 751 807 partes
771 754 947 794 rimatur
966 761 1147 808 apertas,

114 810 215 857 Qua
234 811 383 852 vulnus
404 810 528 851 letale
549 811 677 851 ferat:
710 818 858 851 contra
876 810 945 850 ille
966 825 1208 864 repugnans

112 867 304 908 Sustinet
321 883 345 907 a
358 866 512 921 jugulo
528 867 737 915 dextram,
760 873 802 907 et
822 867 903 906 vim
923 867 1080 906 viribus
1097 867 1199 907 exit.

1496 864 1579 903 750

115 923 262 977 thue
282 922 426 964 volans
447 922 530 963 alte
550 930 719 977 raptum
741 937 872 976 quum
893 922 1007 963 fulva
1027 923 1252 963 draconem

112 979 215 1021 Fert
235 979 386 1034 aquila,
408 979 697 1033 implicuitque
719 979 864 1033 pedeS,
881 986 1009 1033 atque
1031 980 1245 1034 unguibus
1266 978 1389 1019 haesit
1407 994 1416 1018 z

115 1037 294 1078 Saucius
317 1037 359 1077 at
376 1050 548 1090 serpens
570 1036 739 1076 sinuosa
760 1035 970 1076 volumina
991 1044 1142 1085 versat,

111 1092 388 1146 Arrectisque
410 1092 556 1133 horret
575 1093 774 1146 squamis,
797 1099 840 1133 et
860 1091 999 1133 sibilat
1020 1107 1105 1141 ore,

114 1149 292 1190 Arduus
313 1151 558 1203 insurgens3
590 1148 660 1189 illa
679 1149 795 1189 haud
818 1149 954 1188 minus
975 1157 1100 1203 urget
1121 1150 1287 1189 obunco
1491 1148 1574 1187 700

113 1205 369 1247 Luctantem
390 1213 546 1254 rostro3
580 1205 702 1245 simul
721 1205 884 1245 aethera
904 1206 1102 1245 verberat
1123 1205 1218 1245 alis:

110 1262 244 1303 Haud
265 1261 386 1302 aliter
406 1261 597 1315 praedam
619 1260 851 1302 Tiburtum
871 1275 926 1301 ex
947 1261 1112 1314 agmine
1135 1261 1309 1301 Tarcho

111 1319 262 1360 Portat
283 1333 425 1359 ovans.

111 1375 342 1416 Maeonidae
363 1375 597 1414 incurrunt.

112 1431 316 1473 Velocem
332 1429 475 1484 jaculo
497 1436 539 1470 et
559 1428 689 1469 multa
709 1430 825 1483 prior
846 1436 937 1469 arte
960 1429 1178 1469 Camillam

488 1317 623 1358 Ducis
644 1317 884 1371 exemplum
905 1325 1187 1370 eventumque
1209 1318 1342 1358 secuti

658 1373 773 1413 Tum
794 1373 889 1413 fatis
910 1374 1079 1414 debitus
1102 1374 1268 1414 Arruns

1491 1427 1574 1466 760

112 1488 288 1536 Circuit,
312 1494 368 1535 et,
388 1501 483 1540 quae
504 1486 556 1526 sit
576 1485 746 1526 fortuna
764 1484 971 1534 facillima,
996 1493 1144 1526 tentat.

111 1545 213 1591 Qua
235 1560 278 1585 se
300 1557 479 1597 cumque
502 1542 645 1583 furens
667 1542 806 1582 medio
828 1541 922 1582 tulit
942 1543 1108 1596 agmine
1130 1542 1272 1596 virgo:

107 1601 206 1642 Hac
224 1600 389 1640 Arruns
412 1600 539 1647 subit,
563 1606 605 1639 et
622 1599 773 1639 tacitus
791 1598 965 1653 vestigia
986 1598 1160 1647 lustrat3

110 1657 211 1703 Qua
231 1657 381 1697 victrix
402 1656 513 1696 redit
533 1655 614 1703 illa,
636 1656 875 1709 pedemque
897 1669 951 1696 ex
974 1655 1095 1695 hoste
1114 1660 1321 1709 reportat:

106 1713 204 1755 Hac
220 1713 387 1767 juvenis
408 1712 552 1752 furtim
573 1711 732 1752 celeres
748 1712 974 1765 detorquet
996 1711 1197 1752 habenas.

1488 1707 1571 1748 765

108 1770 204 1811 Hos
226 1771 378 1817 aditus,
394 1769 568 1823 jamque
584 1768 663 1809 hos
683 1768 837 1817 aditus,
860 1782 1109 1821 omnemque
1131 1774 1324 1821 pererrat

108 1827 313 1881 Undique
335 1826 578 1874 circuitum3
610 1832 653 1865 et
674 1833 831 1865 certam
851 1825 987 1878 quatit
1006 1825 1225 1878 improbus
1245 1823 1425 1863 hastam.

108 1883 237 1924 Forte
260 1897 379 1923 sacer
402 1881 574 1936 Cybelae
596 1881 819 1930 Chloreus,
843 1881 1025 1934 olimque
1044 1881 1255 1929 sacerdos,

105 1994 245 2029 Servius,
261 1994 290 2022 h.
306 1993 396 2022 animi
411 1992 582 2032 proposito.
597 1992 731 2021 turbidus
748 1993 777 2021 h.
797 1992 818 2021 l.

110 2033 171 2069 ira3
192 2036 227 2062 ut
245 2036 275 2062 et
294 2032 476 2061 alim-742
495 2030 622 2061 Venulus
643 2041 659 2059 e
688 2030 818 2065 Latinis,

108 2072 188 2100 idem
196 2071 247 2108 qui
256 2071 293 2100 ad
306 2071 487 2100 Diomedem
495 2070 607 2099 missus
619 2070 716 2098 fuerat
725 2069 819 2103 VIII,

106 2111 127 2138 9
140 2113 172 2139 et
185 2109 249 2144 XI,
262 2110 430 2139 242—748
440 2113 543 2148 partes
553 2112 671 2147 apertas
685 2108 714 2136 in
726 2109 818 2145 jugu-

107 2148 149 2183 lo,
168 2151 201 2177 ut
213 2157 229 2177 e
245 2157 312 2186 sqq.
326 2151 461 2186 apparet.
476 2147 515 2176 cf.
529 2147 569 2176 ΙΙ.
583 2160 612 2181 χ,
623 2147 679 2175 321
697 2156 764 2185 sqq.
779 2147 819 2174 cf.

107 2197 138 2215 v.
160 2186 229 2215 692.
252 2185 499 2215 ‹ma—rimatur.
526 2186 574 2214 De
596 2194 670 2214 voce
692 2185 732 2214 cf.
758 2185 817 2219 VI,

107 2225 176 2253 598.
199 2225 274 2253 599:
307 2225 365 2253 Ge.
389 2224 419 2258 Ι,
440 2224 609 2253 384.-750
630 2223 687 2251 vim
709 2222 819 2251 viribus

107 2263 168 2292 exit
177 2272 187 2289 .·
208 2261 298 2296 fallit,
308 2262 414 2295 evitat,
426 2262 547 2290 avertit.
558 2272 677 2300 corpore
688 2261 744 2290 tela
759 2272 818 2290 mo-

108 2301 145 2330 do
160 2305 247 2339 atque
267 2300 356 2329 oculis
372 2299 558 2337 viqilantibus
581 2300 640 2328 exit
655 2301 696 2335 V,
710 2301 819 2329 538.-

107 2341 165 2369 751
177 2339 277 2367 volans
285 2339 354 2373 alte,
368 2342 416 2367 est
426 2341 561 2371 ὑψιπέτης
572 2338 819 2376 alvom-unqu&

109 2378 162 2407 bus
183 2377 266 2406 lzaesit
279 2381 337 2411 est,
351 2386 390 2405 ex
406 2379 521 2413 ἐμφῦναι
534 2377 581 2406 vel
597 2380 761 2414 ἐμφύεσθαι,
776 2377 818 2405 in-

111 2416 208 2445 haeret
223 2415 356 2449 draconi,
373 2415 524 2453 unguibus
544 2415 657 2445 infixis.
669 2416 738 2445 456.
751 2416 821 2444 457.

110 2456 207 2484 —755
223 2458 318 2492 urget,
341 2454 435 2481 instat
449 2453 600 2482 tundendo
617 2454 777 2483 draconem
790 2456 821 2482 et

111 2493 319 2531 percutiendo,
332 2496 442 2520 rostro.
454 2492 514 2519 759
530 2491 697 2527 Moeonicloe,
714 2493 822 2521 Etrus-

111 2532 150 2566 ci,
170 2535 204 2560 ut
221 2531 315 2565 VIlI,
340 2531 409 2563 499,
434 2530 504 2558 479.
528 2529 592 2558 IX.
611 2531 647 2558 ll
670 2541 688 2560 a
708 2531 823 2559 credita

111 2569 204 2608 vulgo
219 2569 420 2598 Etruscorum
434 2579 450 2597 e
463 2567 560 2605 Lydia
569 2568 694 2606 origiue,
703 2573 822 2598 eteven-

112 2611 160 2635 ms
175 2611 223 2636 est
238 2617 412 2641 successus,
430 2607 558 2635 fortuna.

149 2647 169 2674 7
171 2647 211 2674 59
216 2646 294 2683 salis
307 2645 436 2674 debitus:
453 2656 481 2674 v.
495 2646 562 2673 861.
578 2644 636 2672 Est
651 2649 748 2674 autem
763 2646 821 2674 Ar-

113 2694 185 2713 runs
201 2694 239 2713 ex
256 2684 404 2717 Etruscis,
416 2694 493 2722 quos
501 2683 639 2711 Tarchon
653 2682 757 2712 AEneae
770 2683 823 2711 ad-

112 2723 254 2753 duxerat.
295 2722 402 2752 Jaculo
422 2722 520 2762 <quod
537 2721 646 2757 vibrat,
672 2721 708 2750 ad
729 2721 823 2750 ictum

858 1996 1007 2030 paratum,
1022 2003 1050 2021 v.
1062 2002 1136 2021 mox
1146 2003 1174 2020 v.
1187 1991 1263 2027 767)
1278 1994 1308 2019 et
1321 1990 1410 2018 multa
1423 1999 1490 2018 cum
1506 1994 1569 2017 arie

859 2030 972 2058 circuit.
995 2031 1153 2059 Camillam
1172 2032 1288 2059 Arruns
1298 2029 1402 2067 prior:
1425 2028 1507 2065 quod
1529 2028 1566 2056 ad

858 2068 979 2097 velocem
994 2072 1114 2106 spectat
1126 2078 1133 2103 ς
1145 2072 1333 2106 praevertens
1345 2076 1422 2099 eam,
1437 2067 1508 2094 dum
1524 2067 1567 2095 la—

859 2107 918 2136 teri
934 2116 1051 2144 semper
1066 2107 1211 2135 adhaeret.
1225 2116 1289 2143 quae
1302 2105 1569 2142 sitsortunafacil-

859 2145 940 2179 lima,
959 2145 1119 2183 eleganter,
1133 2155 1191 2182 qua
1205 2144 1344 2173 facillime
1359 2144 1444 2171 hasta
1459 2143 1521 2180 peti
1533 2153 1568 2172 ea

859 2186 979 2222 poterat
992 2193 999 2219 3
1021 2183 1117 2212 omu1s
1132 2187 1232 2211 autem
1243 2183 1345 2220 jactus
1357 2181 1457 2218 aliquo
1473 2181 1566 2210 fortu-

859 2232 905 2251 nae
931 2231 1055 2250 munere
1080 2231 1256 2250 successum
1271 2230 1358 2248 suum
1381 2220 1568 2256 haben—fu-

859 2271 937 2294 rens,
955 2264 1059 2297 utpote
1079 2259 1109 2287 in
1130 2269 1249 2298 pugna:
1272 2258 1381 2287 ardens
1395 2262 1425 2286 et
1440 2258 1566 2286 Camilla

857 2299 915 2327 781
937 2308 1013 2327 caeca
1035 2302 1065 2326 et
1086 2298 1310 2326 incautafflt'ffl
1332 2301 1450 2331 certam,
1478 2299 1565 2337 cujus

858 2338 951 2366 ictum
967 2340 1082 2365 certum
1095 2337 1311 2365 destinaverat.

898 2376 958 2404 768
967 2375 1148 2404 Sacerdotes
1161 2375 1240 2403 inter
1250 2378 1418 2412 pugnantes
1428 2377 1490 2413 jam
1500 2376 1566 2405 Ho-

861 2424 962 2443 merus
983 2414 1142 2442 induxerat
1156 2413 1245 2442 Iliad.
1261 2425 1284 2445 ε,
1299 2414 1319 2441 9
1334 2413 1488 2444 varietatis
1503 2418 1566 2443 stu-

860 2453 929 2489 dio;
950 2462 1006 2480 nec
1019 2451 1071 2480 ille
1083 2452 1233 2480 hominum
1243 2451 1317 2479 ordo
1331 2451 1401 2480 olim
1416 2453 1568 2484 discretus

861 2502 878 2520 a
890 2491 1000 2520 ceteris
1014 2490 1210 2528 popularibus
1224 2500 1257 2518 ac
1271 2490 1400 2525 clvibus,
1417 2493 1487 2530 quin
1502 2503 1567 2521 mu-

862 2539 932 2558 nera
969 2528 1147 2561 communia,
1181 2531 1364 2563 λειτουργίας,
1398 2536 1569 2567 praestaret,

862 2568 992 2605 ideoque
1006 2570 1036 2595 et
1050 2566 1185 2594 militiam
1209 2567 1317 2595 obiret.
1357 2568 1420 2597 Hic
1435 2570 1568 2608 Cybeles

861 2606 1015 2639 sacerdos,
1029 2605 1142 2642 quippe
1158 2605 1235 2633 inter
1246 2605 1390 2641 Trojanos
1402 2612 1433 2635 et
1447 2608 1566 2645 quidem

861 2644 939 2678 olim,
960 2653 1002 2671 sc.
1022 2643 1051 2671 in
1065 2643 1171 2681 patria.
1211 2643 1375 2681 Tamquam
1394 2645 1500 2683 Phryx
1516 2656 1567 2674 au-

864 2688 924 2711 tem
936 2681 1054 2710 ornatui
1068 2681 1186 2710 studet:
1201 2682 1278 2710 unde
1294 2684 1393 2719 poeitae
1405 2684 1490 2712 locus
1506 2685 1567 2712 fac-

865 2726 914 2749 tus
931 2723 1168 2749 ornamentorum
1192 2722 1570 2751 commemorandorum.-

1272 2761 1344 2799 41<
