1796 3077
543 225 812 264 AENEIDOS.

870 224 970 263 Lrss.
1000 224 1074 263 ΙΙΙ.

99 350 196 392 Sive
216 351 319 401 deae,
337 365 411 392 seu
431 350 511 391 sint
531 351 634 392 dirae
655 351 934 405 obscenaeque
956 350 1156 393 volucres.

97 406 159 449 Et
177 415 296 463 pater
314 407 523 449 Anchises
543 409 676 463 passis
697 408 750 448 de
766 407 886 449 litore
907 407 1053 462 palmis

95 463 282 505 Numina
302 478 452 519 magna
471 472 607 514 vocat,
630 464 883 519 meritosque
905 465 1049 506 indicit
1069 465 1262 515 honores,

98 519 171 570 Di,
191 521 413 575 prohibete
433 521 562 562 minas
580 537 589 561 :
621 522 676 570 di,
698 520 823 561 talem
840 522 1013 562 avertite
1034 537 1191 571 casum,

698 577 810 618 Turn
830 577 949 619 litore
969 578 1110 620 funem

96 575 158 617 Et
173 576 329 631 placidi
348 585 509 619 servate
531 578 637 632 pios.

1445 520 1527 559 965

94 632 317 688 Deripere,
339 648 621 689 excussosque
637 635 761 688 jubet
778 633 919 676 laxare
934 636 1147 677 rudentes.

92 689 298 732 Tendunt
318 690 409 732 vela
429 691 557 740 Noti3
589 691 762 732 ferimur
782 693 1073 746 spumantibus
1089 693 1228 741 undis,

93 746 193 793 Qua
211 762 378 788 cursum
398 756 631 801 ventusque
651 749 996 802 gubernatorque
1017 750 1235 790 vocabant.

92 802 190 844 Jam
205 804 344 844 medio
364 812 542 858 apparet
562 804 692 844 fluctu
714 818 934 844 nemorosa
957 805 1214 859 Zacynthos,

93 857 438 913 Dulichiumque,
461 860 685 913 Sameque,
704 868 747 900 et
767 860 940 901 Neritos
957 862 1090 902 ardua
1111 864 1244 909 saxis-3

90 915 330 970 Effugimus
351 916 546 970 scopulos
568 916 740 964 Ithacae,
761 916 933 958 Laertia
953 932 1098 971 regna,

90 971 152 1013 Et
173 979 326 1013 terram
346 971 533 1014 altricem
553 973 651 1014 saevi
672 988 939 1014 exsecramur
962 974 1099 1014 Ulixi:

91 1027 201 1070 Mox
216 1036 259 1070 et
277 1029 477 1070 Leucatae
498 1031 687 1071 nimbosa
705 1030 920 1071 cacumina
940 1032 1105 1080 montis,

91 1084 151 1126 Et
171 1085 419 1127 formidatus
440 1087 578 1128 nautis
598 1087 785 1141 aperitur
807 1086 979 1140 Apollo.

89 1141 219 1183 Hunc
239 1143 418 1196 petimus
433 1142 544 1190 fessi,
565 1150 608 1183 et
628 1158 768 1197 parvae
789 1143 1049 1184 succedimus
1071 1143 1166 1183 urbi
1183 1158 1191 1182 :

88 1196 262 1240 Ancora
282 1199 334 1239 de
356 1213 481 1253 prora
495 1200 665 1254 jacitur,
683 1205 793 1240 stant
812 1198 933 1247 litore
954 1213 1138 1254 puppes.

142 1254 261 1309 Ergo
277 1254 489 1309 insperata
509 1256 680 1297 tandem
700 1254 847 1296 tellure
868 1256 1004 1310 potiti,

88 1310 422 1365 Lustramurque
443 1312 553 1361 Jovi,
574 1313 765 1366 votisque
787 1312 1045 1352 incendimus
1073 1326 1165 1353 aras
1183 1328 1191 1360 ;

85 1366 295 1422 Actiaque
317 1368 451 1410 Iliacis
472 1368 733 1410 celebramus
753 1368 877 1408 litora
897 1368 1020 1409 ludis.

84 1516 152 1537 care
166 1509 420 1538 eas.—263—267
441 1509 587 1543 Honores,
605 1514 640 1538 ut
656 1510 744 1538 modo
759 1519 789 1537 v.

86 1547 161 1574 178:
183 1557 258 1575 nunc
272 1551 305 1575 ut
320 1547 378 1576 diis
392 1547 542 1585 supplicet
555 1552 586 1577 et
598 1551 670 1576 vota
691 1547 791 1576 faciat.

86 1585 232 1618 —minas,
272 1586 383 1614 malum
408 1586 529 1615 sinistro
566 1586 706 1614 vaticinio
740 1586 792 1613 de-

84 1623 328 1652 nuntiatum.-—et
335 1623 445 1662 placidi
457 1628 567 1652 servate
579 1625 663 1662 pios‚·
690 1627 793 1652 ornata

84 1661 179 1690 oratio
204 1671 258 1700 pro
273 1663 355 1691 tenui
372 1667 482 1691 servate
502 1663 720 1692 710S.—-solvei·e
731 1664 783 1700 szc-

81 1709 155 1734 nem,
178 1704 213 1728 τὰ
237 1704 399 1736 πρυμνήσια,
415 1701 462 1730 vel
484 1704 517 1729 τὰ
534 1704 684 1735 πείσματα,
702 1706 735 1730 ut
754 1701 783 1728 in

83 1737 210 1776 Orphic.
238 1740 306 1768 621.
333 1742 410 1769 622:
446 1746 476 1768 at
502 1740 634 1769 rudentes
660 1739 782 1772 excussi,

80 1776 205 1812 evoluti,
228 1782 416 1807 antennarum
441 1782 522 1813 sunt,
557 1779 595 1807 ad
619 1779 687 1807 vela
713 1788 783 1816 pan-

81 1815 190 1844 denda.
230 1816 300 1844 Non
316 1817 378 1846 sine
388 1816 504 1854 judicio
523 1817 666 1845 Anchisae
683 1821 784 1845 aucto-

82 1852 170 1882 rItate
192 1853 240 1882 hic
263 1855 411 1889 263—67,
433 1859 464 1883 et
484 1855 553 1883 infr.
572 1856 641 1889 472,
663 1859 692 1884 et
713 1855 785 1883 alibi

80 1901 128 1920 res
151 1892 251 1930 parari
278 1893 349 1921 facit
363 1894 658 1931 poeta.-2?0—2?3
681 1897 781 1921 Δουλί-

80 1934 141 1963 χιόν
152 1943 182 1958 τε
197 1934 273 1965 Σάμη
285 1944 314 1959 τε
329 1936 373 1959 καὶ
387 1934 509 1967 ὑλήεσσα
518 1935 656 1966 Ζάκυνθος,
670 1933 782 1969 Odyss-

81 1981 103 2002 1,
117 1969 166 1997 24.
187 1971 214 1998 ἐν
229 1972 336 2004 ὑλήεντι
351 1973 471 2008 Ζακύνθῳ
493 1972 626 2000 occurrit
648 1975 677 2000 et
700 1970 782 1999 alibi.

79 2007 122 2035 At
135 2009 212 2041 Σάμη
225 2007 339 2037 lectum
355 2009 412 2037 fuit
424 2011 514 2039 etiam
524 2019 541 2038 a
554 2009 696 2048 Virgilio,
711 2020 782 2038 con-

80 2048 129 2073 tra
139 2049 228 2084 atque
243 2047 446 2085 Apollodorus
453 2048 574 2077 volebat
588 2049 667 2086 apud
680 2049 781 2077 Strab.

81 2081 129 2116 X,
154 2093 186 2122 p.
209 2085 267 2114 453
293 2086 334 2114 D.
358 2087 435 2115 Sane
463 2087 649 2116 communius
677 2097 782 2116 nomen

80 2118 187 2150 Samos
198 2122 288 2152 etiam
303 2134 350 2162 ap.
364 2124 543 2159 Homerum,
557 2136 625 2164 quae
641 2126 783 2163 deinceps

83 2158 288 2196 Cephallenia.
337 2162 505 2192 Dulichium
529 2167 576 2192 est
604 2174 700 2202 prope
727 2165 785 2193 Ce-

83 2196 275 2241 phalleniam,
298 2201 376 2230 unde
396 2201 485 2230 etiam
512 2211 587 2231 nunc
609 2213 705 2259 ὶρανυιι
732 2202 787 2231 Ce-

106 2234 239 2270 hallema,
289 2239 335 2267 vel
384 2240 481 2274 Teuki,
528 2241 707 2278 appelatur.
748 2242 787 2269 cf.

125 2274 217 2318 heeler
227 2284 260 2318 p.
273 2276 310 2304 35
325 2286 391 2314 sqq.
403 2278 525 2307 Neritos
537 2279 668 2318 Virgilio
684 2279 783 2309 videri

81 2316 181 2378 potuit
204 2313 324 2343 diversa
342 2315 379 2342 ab
397 2316 501 2345 Ithaca
516 2317 624 2352 insula,
642 2322 676 2347 ut
692 2318 783 2347 Melae

101 2347 130 2385 I,
149 2352 192 2395 273
212 2356 314 2390 potest
334 2356 431 2382 tamen
454 2355 544 2385 etiam
570 2356 702 2391 Neritos,
724 2366 783 2395 quo

80 2397 198 2418 nomme
222 2390 337 2420 Ithacae
364 2400 448 2420 mons
471 2397 519 2422 est
541 2395 723 2433 appellatus,
744 2395 782 2423 ad

78 2426 292 2472 designandam
316 2428 450 2458 Ithacam
469 2431 586 2468 positus
613 2443 690 2467 esse,
713 2443 781 2472 quae

79 2473 152 2494 mox
169 2467 284 2496 diserte
311 2467 377 2505 ipsa
400 2474 638 2499 memoratur.—
652 2472 782 2510 scopulos

77 2501 200 2538 Ithacoe,
216 2505 305 2535 Iliad·
318 2519 345 2540 γ.
358 2507 491 2536 200.201
506 2513 682 2544 Λαερτιάδης,
696 2515 782 2539 πολύ-

81 2554 160 2575 μητις·
179 2545 334 2579 Ὀδυσσεὺς,
351 2549 398 2574 ‘'Os·
425 2548 515 2582 τράφη
537 2549 565 2575 ἐν
587 2549 783 2586 ὀὴμῳἿθάκης,

80 2584 195 2622 ι-(ραναῆς
214 2595 264 2617 περ
285 2585 389 2615 ἐούσης.
431 2584 481 2613 EX
502 2585 608 2614 eodem
621 2586 688 2615 loco
703 2587 782 2617 flux-

82 2626 144 2660 isse
157 2619 295 2650 videntur
305 2621 427 2651 Laertia
438 2623 610 2661 regna—Et
621 2629 729 2654 terram
739 2625 782 2654 al-

83 2659 184 2686 tnaem
201 2657 292 2688 Ulisi.
331 2659 408 2690 Tum
422 2671 478 2699 pro
497 2663 783 2702 praemi-navigamus

82 2693 217 2725 dietum:
239 2701 539 2730 „sacrarum—274.
551 2700 608 2730 275
624 2701 783 2738 Leucates,

829 1511 845 1535 ὁ
872 1513 1015 1544 Agundum
1042 1510 1141 1538 nobile
1168 1508 1329 1538 amantium
1354 1508 1431 1536 saltu
1458 1516 1528 1545 pro-

828 1548 1007 1576 montorium
1022 1547 1182 1581 Leucadis,
1197 1557 1252 1576 seu
1270 1547 1442 1580 Leucadiae,
1456 1545 1528 1574 olim

830 1585 1007 1623 peninsulae,
1028 1591 1134 1622 postea
1148 1586 1262 1614 insulae.
1304 1584 1374 1612 Hoc
1385 1584 1528 1622 aperitur,

830 1624 926 1659 (cons.
943 1624 993 1652 inf.
1009 1625 1046 1652 ad
1060 1625 1135 1663 411)
1146 1625 1174 1653 in
1189 1627 1383 1661 conspectum
1397 1622 1529 1657 venit,et

823 1661 968 1699 Apollinis
980 1664 1097 1699 fimum.

860 1701 919 1729 &9
939 1701 1107 1739 Antequam
1135 1701 1274 1729 ludorum
1301 1700 1454 1729 sollemnia
1469 1699 1528 1728 rile

823 1739 969 1768 celebrari
985 1740 1112 1778 possint,
1123 1739 1293 1777 expiatione
1308 1743 1337 1767 et
1350 1738 1527 1767 lustratione

824 1787 900 1815 opus
913 1782 969 1806 est.
1010 1777 1272 1811 Lusa-amurJovi,
1287 1777 1423 1805 invocato
1437 1777 1525 1811 Jove,

823 1816 872 1844 cui
899 1826 1015 1845 sacrum
1028 1816 1180 1854 piaculare
1195 1816 1330 1844 offertur.
1371 1816 1528 1851 Quaeritnr

824 1859 932 1888 tamen,
952 1865 1005 1883 cur
1026 1855 1108 1889 Jovi,
1131 1865 1188 1883 non
1215 1854 1360 1891 Apollini,
1388 1854 1438 1882 cui
1463 1854 1526 1882 ludi

821 1892 880 1931 ipsi
900 1893 1031 1921 instituti
1052 1903 1119 1922 esse
1144 1894 1296 1922 debuere?
1335 1892 1425 1920 Varia
1445 1903 1526 1921 com-

821 1935 920 1960 menta
948 1932 1036 1960 vides
1058 1932 1088 1960 in
1109 1932 1270 1961 Servianis.
1309 1931 1369 1959 Sed
1396 1930 1526 1968 primuni

822 1970 981 1999 observare
995 1972 1023 1998 in
1039 1975 1170 2008 promtu,
1186 1970 1326 1999 sollemne
1340 1968 1435 1998 fuisse
1449 1970 1526 2007 pris-

821 2009 864 2037 cis
895 2009 1076 2043 hominibus,
1104 2014 1138 2038 ut
1163 2010 1192 2037 in
1226 2009 1321 2038 sacris
1355 2008 1526 2046 cuicunque

821 2048 945 2076 deorum
969 2047 1058 2076 factis
1079 2047 1186 2077 Jorem
1207 2047 1235 2075 in
1246 2051 1361 2084 partem
1382 2051 1526 2075 vocarent.

823 2086 919 2114 Porro
940 2086 1128 2123 expiationes
1148 2089 1178 2114 et
1191 2085 1383 2114 lustrationes
1404 2085 1524 2122 proprie

823 2125 859 2152 ad
879 2124 986 2153 Jovem
1006 2124 1187 2157 referuntur,
1211 2124 1323 2161 quippe
1346 2123 1474 2151 ultorem
1494 2128 1527 2152 et

824 2162 975 2191 vindicem
998 2162 1092 2190 caedis
1119 2162 1273 2199 omnisque
1300 2161 1422 2199 piaculi,
1443 2162 1524 2200 quod

825 2201 1006 2239 expiandum
1027 2204 1084 2229 est.
1103 2201 1143 2229 cf.
1171 2200 1312 2238 Apollon.
1340 2199 1440 2229 Rhod.
1465 2200 1524 2234 lv,

825 2241 894 2268 699.
907 2241 964 2268 700
979 2249 1024 2276 sq.
1063 2238 1219 2268 Piaculum
1234 2238 1264 2266 in
1279 2238 1432 2276 Harpyias
1443 2248 1523 2267 com-

822 2278 947 2307 missum
963 2282 1050 2318 potes
1069 2287 1136 2306 cum
1159 2277 1265 2306 Servio
1288 2277 1443 2315 sigillatim
1464 2277 1524 2306 huc

822 2317 953 2346 trahere.
968 2334 1005 2338 —
1021 2315 1094 2344 votis
1119 2315 1292 2343 incendimus
1323 2325 1402 2350 αναε,
1424 2316 1523 2351 docte,

821 2355 921 2393 ignem
934 2355 964 2384 in
978 2354 1050 2390 aris,
1063 2354 1112 2383 vel
1131 2354 1304 2391 impositum
1325 2357 1375 2382 tus
1388 2358 1419 2383 et
1437 2355 1524 2383 victi-

822 2404 919 2430 mam;
951 2394 1036 2427 votis,
1078 2396 1217 2421 votorum
1257 2392 1523 2430 persolvendorum

821 2442 940 2461 caussa.
970 2432 1048 2461 Nam
1067 2433 1104 2460 εἷς·
1119 2434 1290 2465 εὐχαριστίαν
1304 2431 1434 2461 instituti
1446 2432 1524 2466 ludi,

820 2471 887 2499 ideo
912 2470 1036 2499 subdit:
1049 2470 1136 2507 juvat
1158 2469 1281 2498 evasisse
1303 2473 1353 2503 tot*
1366 2470 1450 2499 urbes
1463 2474 1522 2499 etc.

821 2510 855 2538 Si
868 2513 966 2538 tamen
979 2513 1045 2537 vota
1059 2518 1114 2546 pro
1135 2507 1210 2547 ipsis
1231 2508 1362 2537 victimis
1382 2509 1523 2547 accipias»,

823 2552 856 2576 ut
868 2547 952 2582 dona,
965 2547 1037 2576 ferri
1055 2551 1085 2575 et
1097 2546 1155 2575 hoc
1171 2548 1380 2585 potest—280
1394 2548 1522 2586 Proprie

819 2587 883 2615 ludi
895 2586 1012 2615 Actiaci
1024 2585 1168 2614 celebrari
1183 2585 1304 2614 dicendi
1325 2590 1418 2616 erant.
1459 2585 1519 2615 Sed

821 2625 1014 2664 exquisitius,
1031 2624 1167 2662 quoniam
1182 2623 1269 2653 locut,
1286 2624 1353 2662 ipse
1371 2624 1522 2654 hominum

821 2663 987 2702 frequentia
1008 2662 1147 2691 celebrari
1165 2662 1290 2695 dicitur,
1308 2663 1378 2691 litus
1392 2662 1520 2694 Actium.

822 2702 852 2732 h.
866 2712 892 2731 e.
908 2701 1075 2738 Actiacum,
1090 2701 1275 2735 memoravit,
1288 2705 1317 2730 et
1326 2701 1406 2730 ludos
1414 2700 1522 2729 Iliacos

1210 2754 1280 2782 Rr

1441 232 1535 275 305
1584 275 1590 280 .
