1796 3077
571 209 840 248 AENEIDOS.

899 210 999 249 LIB.
1029 211 1103 249 111.
1483 219 1579 264 319

116 331 250 375 Haud
269 348 408 375 mora:
446 335 646 376 continuo
666 335 867 390 perfectis
889 336 1037 377 ordine
1058 336 1178 386 votis,

118 391 290 432 Cornua
308 391 541 433 velatarum
562 393 817 434 obvertimus
837 401 1126 442 antennarum,

119 448 498 503 Grajugenumque
519 450 668 491 domos
690 458 971 505 suspectaque
993 450 1217 504 linquimus
1238 465 1350 491 arva.

1494 451 1578 491 550

116 504 231 546 Hinc
253 507 365 546 sinus
386 506 603 556 Herculei,
627 507 661 547 si
679 522 779 548 vera
794 515 859 548 est
874 507 999 556 fama,
1023 507 1205 549 Tarenti

117 562 329 603 Cernitur.

393 563 564 604 Attollit
586 579 630 605 se
651 564 747 604 diva
764 563 941 605 Lacinia
961 572 1120 614 contra,

117 618 403 674 Caulonisque
425 636 555 669 arces,
577 629 620 661 et
640 621 902 676 navifragum
925 621 1185 676 Scylaceum,

115 675 229 717 Tum
250 677 399 731 procul
420 693 442 718 e
464 678 597 718 fluctu
617 678 841 720 Trinacria
861 680 1047 719 cernitur
1068 679 1219 728 AEtna,

120 733 179 774 Et
198 735 398 787 gemitum
418 736 631 789 ingentem
651 734 792 790 pelagi
811 735 1062 790 pulsataque
1084 751 1185 776 saxa

1489 736 1514 776 0«

1518 736 1572 776 g}

118 789 331 832 Audimus
352 791 490 846 longe,
513 791 752 845 fractasque
773 793 828 832 ad
848 791 970 832 litora
992 807 1140 842 voces;

120 847 434 901 Exsultantque
453 848 574 896 vada,
597 857 724 901 atque
746 856 852 889 aestu
870 850 1100 890 miscentur
1120 864 1274 889 arenae.

120 904 180 944 Et
199 912 321 958 pater
337 904 548 946 Anchises
566 920 574 944 :
608 905 821 946 Nimirum
836 905 929 946 haec
949 905 1018 946 illa
1040 906 1304 960 Charybdis3

121 960 215 1002 Hos
232 960 426 1002 Helenus
447 961 656 1015 scopulos,
677 962 771 1003 haec
794 978 895 1003 saxa
914 962 1129 1004 horrenda
1148 964 1341 1018 canebat.

118 1017 299 1072 Eripite,
322 1034 346 1058 o
369 1019 481 1067 socii,
503 1019 746 1073 pariterque
767 1020 973 1075 insurgite
995 1022 1132 1061 remis.

1495 1021 1579 1061 560

120 1073 253 1115 Haud
274 1076 408 1116 minus
431 1091 479 1116 ac
490 1076 599 1129 jussi
618 1077 801 1125 faciunt3
832 1078 1078 1131 primusque
1099 1077 1322 1118 rudentem

125 1131 343 1172 Contorsit
362 1132 488 1173 laevas
508 1147 678 1186 proram
701 1133 926 1174 Palinurus
947 1135 1001 1175 ad
1022 1135 1182 1182 undas3

121 1187 294 1229 Laevam
315 1197 467 1230 cuncta
488 1189 641 1230 cohors
660 1191 787 1230 remis
807 1192 1026 1245 ventisque
1046 1192 1210 1245 petivit.

119 1243 329 1286 Tollimur
349 1246 392 1286 in
407 1245 561 1288 coelum
582 1254 754 1287 curvato
775 1248 959 1302 gurgite,
980 1255 1023 1289 et
1042 1248 1155 1289 idem

116 1381 191 1411 illud
200 1392 318 1422 praeque
337 1382 466 1411 omnibus
479 1382 762 1421 unum—proeceptis
775 1393 830 1421 pro

120 1432 137 1449 e
151 1426 307 1460 praecepto
321 1421 443 1451 Heleni.
463 1421 586 1459 Aryivoe
605 1431 635 1450 v.
649 1431 716 1460 sup.
730 1422 759 1456 I,
779 1423 829 1457 24,

121 1460 177 1489 sed
198 1460 227 1488 h.
242 1460 263 1488 l.
278 1465 393 1489 tantum
408 1460 698 1489 ornat.-—548—550
719 1461 760 1489 Et
774 1460 830 1490 hoc

122 1509 162 1527 ex
175 1503 330 1538 praecepto
343 1499 454 1528 Heleni
470 1509 538 1537 sup.
551 1509 582 1527 v.
597 1499 665 1527 396.
680 1500 748 1528 397.
761 1499 831 1529 398.

121 1537 243 1573 Potest,
259 1548 346 1567 sacro
361 1538 418 1567 hoc
449 1538 539 1572 facto,
556 1538 716 1575 occupatio
731 1538 831 1568 Italiae

122 1576 200 1605 facta
213 1577 328 1615 videri,
350 1578 404 1606 sed
429 1576 543 1605 similes
557 1577 636 1613 juris
649 1577 765 1615 publici
779 1587 832 1606 no-

120 1615 218 1644 tiones
239 1616 316 1645 inter
339 1620 455 1645 veteres
476 1625 532 1643 non
555 1615 650 1643 fuere.
692 1616 766 1645 Fuit
781 1626 827 1646 sa-

120 1664 205 1683 crum
230 1657 414 1690 χαριστήριον.
455 1655 607 1683 Antennas
623 1659 654 1683 et
677 1655 755 1689 vela,
778 1665 830 1684 na-

121 1703 200 1727 vem,
223 1694 394 1723 obvertimus
415 1693 532 1732 pelago,
551 1697 586 1721 ut
603 1693 657 1727 VI,
679 1695 697 1723 3
722 1695 831 1723 Obver-

123 1735 187 1759 tunt
206 1732 311 1771 pelayo
326 1743 446 1771 proras.
467 1736 569 1761 contra
588 1731 639 1769 qui
666 1733 830 1772 appellunt,

121 1769 184 1797 vela
198 1770 348 1799 obvertunt
358 1771 464 1800 littori.
483 1772 654 1804 velatarum,
674 1772 704 1800 h.
718 1782 743 1800 e.
757 1772 830 1801 velis

122 1808 304 1845 indutarum,
319 1815 352 1839 ut
372 1811 443 1839 alibi
459 1810 588 1848 velifera.
634 1810 670 1839 In
684 1811 831 1840 Herculeo

121 1849 251 1877 Tarento
271 1849 376 1879 subest
398 1848 508 1883 fabula,
528 1859 606 1879 nunc
627 1851 767 1883 obscura,
792 1850 830 1878 de

122 1887 249 1916 Tarenti
275 1888 441 1927 originibus
466 1888 502 1916 ab
534 1887 670 1918 Hercule
706 1888 828 1925 ductis3

123 1935 192 1956 curn
212 1926 303 1966 vulgo
326 1928 364 1956 ad
383 1927 553 1961 Tarantem,
576 1927 713 1966 Neptuni
734 1928 768 1961 f.‚
784 1938 831 1956 re-

122 1965 194 1996 ferri
222 1966 447 1995 soleant-552
470 1967 666 1996 Tarentinum
692 1966 788 1995 sinum
815 1976 832 1995 a

121 2004 229 2034 dextra
260 2005 487 2043 praetergressis
520 2005 550 2033 in
570 2010 736 2044 prospectu
768 2010 833 2034 erat

116 2043 348 2081 promontorium
367 2044 531 2078 Lacinium,
554 2048 618 2074 tum
635 2044 788 2078 Cauloniu,
804 2044 832 2073 in

125 2087 223 2112 monte
243 2083 311 2117 sita,
330 2087 361 2112 et
378 2082 554 2121 Scylaeium.
575 2084 643 2113 Liv.
659 2083 792 2117 XXIV,
813 2084 832 2112 3

124 2120 185 2149 Sex
197 2120 288 2150 millia
301 2121 401 2151 aberat
413 2122 449 2151 ab
469 2122 539 2151 urbe
556 2123 723 2161 (Crotone)
740 2121 832 2151 nobile

126 2160 270 2198 templum,
282 2160 347 2198 ipsa
357 2161 425 2189 urbe
439 2160 573 2196 nobilius,
587 2161 718 2190 Lacinia?
737 2161 833 2190 Juno-

124 2198 189 2235 ‘nis‚·
213 2203 342 2227 sanctum
363 2200 490 2229 omnibus
505 2200 582 2228 circa
596 2199 722 2239 populis.
739 2210 767 2228 v.
792 2200 833 2228 ibi

125 2237 226 2275 plura.
271 2237 359 2266 Adde
386 2239 485 2267 Strab.
509 2238 568 2273 VI,
594 2250 625 2277 p.
651 2240 707 2268 261
735 2239 776 2267 D.
803 2243 834 2267 et

125 2276 311 2305 Cluverium.
326 2276 408 2313 (diva
416 2277 538 2306 Lacinia
546 2282 593 2306 est
606 2278 686 2308 Juno
701 2276 834 2313 Lacinia,

126 2315 157 2344 11.
173 2325 200 2344 e.
221 2314 365 2352 templum
386 2315 511 2345 ,Iunonis
532 2316 662 2345 Laciniae
682 2316 833 2353 W.)-at-

126 2353 200 2389 tolli,
227 2353 358 2383 attollere
386 2363 427 2388 se,
461 2365 579 2392 suryere
614 2355 755 2384 dicuntur
788 2365 835 2390 ea,

128 2403 197 2432 quae
221 2393 282 2422 alta
303 2396 383 2426 sunt,
403 2392 451 2427 iis,
476 2394 528 2431 qui
549 2394 712 2430 accedunt,
734 2397 768 2422 ut
787 2404 834 2422 re-

127 2431 237 2466 cedere,
260 2432 286 2460 si
299 2431 452 2460 discedas.
466 2432 506 2460 cf.
526 2432 564 2460 ad
575 2433 743 2462 411.—553
758 2433 833 2462 Ver-

129 2480 182 2499 sus
198 2475 333 2499 austrum
355 2470 565 2508 navigantibus
579 2471 708 2509 primum
728 2471 834 2500 Caulo-

127 2509 174 2537 nis
187 2519 270 2538 arces
285 2513 438 2547 apparent,
454 2509 482 2537 h.
496 2519 522 2537 e.
537 2509 649 2538 Caulon
662 2510 711 2538 vel
726 2510 836 2539 Caulo-

130 2547 190 2582 nia,
203 2548 233 2576 in
245 2548 304 2577 alto
319 2548 408 2577 litore
426 2548 472 2576 vel
487 2547 563 2577 colle
578 2549 709 2583 condita,
727 2549 835 2578 Achm-

131 2596 217 2615 orum
240 2587 376 2624 colonia3
397 2587 449 2615 vid
467 2586 569 2615 strab.
591 2587 651 2621 VI,
667 2597 698 2625 p.
714 2588 782 2616 261.
798 2588 836 2616 B.

131 2625 262 2654 Pausan.
289 2625 348 2660 VI,
373 2627 391 2655 3
414 2636 445 2664 p.
468 2626 556 2661 4594
577 2635 649 2653 mox
669 2626 837 2663 Scylaceum

133 2663 182 2692 vel
207 2663 381 2702 Scylaeium,
407 2665 477 2693 olim
503 2663 684 2702 Scylletium,
710 2665 741 2692 in
768 2674 838 2692 eon-

132 2706 271 2739 spectum
293 2703 382 2739 venit,
396 2704 425 2733 in
446 2703 591 2733 interiore
616 2703 693 2737 sinu,
709 2702 840 2741 navifra-

892 1395 936 1412 um
952 1384 982 1412 h.
996 1384 1017 1412 l.
1037 1384 1150 1412 dictum
1171 1383 1234 1413 sive
1248 1390 1373 1422 propter
1387 1383 1580 1421 scopulosum

886 1424 957 1458 itus,
973 1423 1009 1451 ad
1024 1423 1106 1461 quod
1118 1423 1189 1451 urbs
1205 1422 1257 1451 illa
1268 1423 1336 1455 sita,
1352 1422 1580 1452 Atheniensium

873 1461 1000 1495 colonia,
1017 1462 1090 1496 sive,
1107 1461 1353 1500 quandoquidem
1375 1460 1507 1498 scopulis
1532 1471 1581 1490 ca-

873 1510 939 1530 rere
964 1500 1050 1529 littus
1077 1501 1223 1534 nuntiant,
1241 1500 1293 1538 qui
1321 1510 1356 1528 ea
1381 1500 1446 1528 loca
1472 1500 1583 1534 adiere,

873 1543 999 1577 propter
1008 1539 1291 1577 tempestatesinter
1299 1539 1360 1567 duo
1367 1539 1582 1577 promontoria,

874 1578 1022 1616 Iapygum
1039 1582 1069 1606 et
1093 1577 1261 1611 Cocintum,
1275 1577 1447 1616 frequentes
1466 1581 1496 1606 et
1515 1588 1582 1616 gra-

873 1626 937 1644 ves.
962 1618 1117 1645 551—557
1140 1616 1311 1655 Scylaeium
1334 1616 1431 1645 sinum
1454 1621 1584 1654 praeter-

872 1655 971 1684 vectis
982 1656 1043 1693 jam
1059 1665 1075 1684 e
1088 1655 1260 1694 longinquo,
1273 1659 1423 1693 tamquam
1439 1654 1468 1683 in
1482 1655 1582 1684 medio

874 1694 947 1722 mari
961 1695 992 1732 (e
1000 1695 1122 1731 fluctu),
1141 1694 1233 1723 AEtna
1248 1694 1373 1727 Sieiliae,
1395 1693 1534 1727 cernitur,
1551 1693 1582 1723 h.

873 1742 899 1761 e.
925 1743 964 1762 ex
989 1734 1071 1761 fumo
1090 1737 1121 1762 et
1142 1733 1204 1771 igni
1230 1732 1440 1770 cognoscum-3
1461 1733 1583 1762 auditur

873 1780 992 1810 quoque
1017 1772 1120 1809 fragor
1138 1771 1230 1800 maris
1249 1773 1287 1800 ad
1311 1771 1452 1809 scopulos
1471 1772 1582 1810 Scyllae

872 1810 951 1839 allisi
965 1811 1056 1848 (556)
1068 1821 1075 1846 3
1085 1812 1207 1849 jamque
1222 1814 1349 1849 apparet
1360 1814 1391 1838 et
1399 1814 1465 1839 ante
1480 1810 1584 1839 oculos

873 1853 920 1877 est
942 1849 1045 1887 ingens
1069 1849 1161 1878 maris
1184 1854 1290 1883 aestus,
1311 1849 1403 1888 (557)
1425 1859 1484 1886 quo
1504 1849 1582 1878 cha-

871 1888 980 1924 rybdin
1005 1888 1033 1916 in
1057 1889 1226 1927 propinquo
1252 1898 1320 1917 esse
1349 1887 1490 1926 intelligit
1518 1891 1581 1917 An-

874 1926 983 1956 chises.
1015 1928 1107 1964 (558)
1129 1928 1166 1956 In
1193 1931 1258 1956 toto
1285 1927 1353 1956 loco
1381 1931 1448 1955 ante
1479 1927 1583 1955 oculos

875 1965 1003 2004 Ulysses
1027 1966 1140 2004 Odyss.
1165 1980 1197 2001 μ,
1223 1967 1280 1995 201
1305 1975 1392 2004 sqq.;
1424 1970 1456 1994 ut
1482 1969 1583 1994 tamen

874 2009 954 2034 reete
978 2005 1043 2033 haec
1074 2010 1188 2040 teneas,
1217 2005 1421 2043 cogitandum,
1453 2004 1584 2042 legendo

873 2043 945 2072 litus
964 2044 1111 2081 Trojanos
1130 2045 1193 2081 jam
1220 2044 1363 2072 interiora
1390 2042 1459 2071 freti
1489 2043 1583 2072 Siculi

875 2082 1057 2120 aliquantum
1086 2082 1283 2119 processisse.
1325 2082 1439 2110 Ornate
1465 2081 1584 2120 singula

875 2120 956 2149 dicta
976 2126 1055 2149 sunt.
1072 2122 1183 2158 sructae
1198 2131 1280 2149 ¹voces
1299 2121 1367 2153 556,
1382 2119 1434 2147 inf.
1457 2120 1517 2148 669
1535 2129 1584 2148 so—

875 2159 954 2188 nitus
972 2160 1059 2193 rocis,
1085 2159 1122 2187 de
1149 2159 1239 2187 maris
1258 2159 1487 2196 fragore—557
1509 2158 1584 2187 vada

875 2198 1031 2231 exsultant,
1054 2198 1083 2226 h.
1095 2207 1122 2226 e.
1137 2207 1219 2227 mare
1239 2207 1278 2226 ex
1292 2197 1351 2226 imo
1371 2197 1465 2225 fundo
1481 2197 1584 2226 subla-

876 2242 938 2266 tum
952 2237 980 2265 in
995 2237 1085 2265 altum
1104 2236 1239 2274 egeritur
1253 2245 1260 2271 3
1281 2246 1309 2264 v.
1323 2246 1391 2274 sup.
1404 2236 1580 2265 420-4232

875 2280 910 2310 τῆ
921 2279 942 2304 δ’
958 2281 1061 2309 ἄμοτον
1075 2276 1214 2311 βοάασκεν
1230 2278 1425 2311 ἀναβλύζουσα
1436 2277 1583 2311 Χάρυβδις,

878 2309 1018 2353 ΑῬοῃοιι.
1041 2314 1098 2349 IV,
1112 2315 1180 2343 923.
1221 2313 1302 2342 Mari
1313 2323 1329 2342 e
1343 2314 1436 2342 fundo
1450 2317 1584 2343 exaestu-

878 2359 954 2385 ante,
969 2358 1051 2386 (estu,
1067 2363 1156 2382 arena
1169 2352 1316 2381 miscetur
1329 2362 1428 2390 aquae.

914 2393 974 2421 558
987 2393 1093 2421 —560
1121 2391 1188 2420 Hos
1211 2391 1470 2429 scopulos—saxa
1481 2390 1583 2419 -ixm

877 2431 1022 2470 Scyllam,
1042 2430 1210 2468 respiciunt
1230 2429 1338 2458 Heleni
1358 2430 1440 2458 dicta
1458 2439 1505 2459 vs.
1525 2431 1585 2459 410

877 2481 944 2508 sqq.
957 2469 1086 2508 Eripite,
1108 2478 1171 2497 nos.
1211 2468 1272 2497 Sed
1290 2468 1386 2498 lenius
1405 2469 1472 2503 hoc,
1494 2478 1584 2506 quam

879 2509 1019 2547 supplere
1035 2517 1147 2544 remos,·
1167 2506 1286 2546 Eripite
1302 2517 1408 2541 remos,
1431 2507 1583 2546 expedite.

878 2547 1018 2586 insmyile
1032 2547 1130 2581 remis,
1151 2556 1180 2574 v.
1203 2556 1269 2585 sup.
1284 2547 1322 2575 ad
1335 2556 1365 2575 v.
1377 2547 1583 2575 207.—561—

878 2586 1124 2616 563-r11deutem
1144 2595 1276 2624 proram,
1296 2588 1459 2620 ὔγκωμὲνην,
1479 2588 1512 2612 ut
1533 2593 1583 2621 ye-

880 2635 965 2659 mere,
978 2628 1057 2663 βοᾴυ,
1072 2624 1244 2659 clamare,h.
1259 2635 1286 2653 e.
1301 2625 1440 2657 stridere,
1451 2622 1584 2665 impulsu

881 2665 1038 2698 fluctuum,
1058 2673 1092 2692 ac
1115 2663 1426 2692 sonare.—-504—567
1444 2660 1583 2695 desedere,

881 2707 914 2732 ut
927 2702 1030 2735 sidere,
1044 2702 1200 2737 subsidere,
1211 2702 1333 2740 proprie
1344 2702 1381 2730 de
1394 2701 1496 2734 rebus,
1511 2708 1584 2737 ergo
