1796 3077
257 239 318 282 42
683 230 726 266 P.
758 227 986 265 VIRGILII
1020 225 1266 263 MARONIS

262 353 411 395 Infelix
431 368 505 394 sua
525 359 634 394 tecta
655 349 1013 405 supervolitaverit
1033 347 1138 388 alis?

322 410 486 459 Omnia,
517 424 622 463 quae,
654 407 819 447 Phoebo
839 406 1050 458 quondam
1070 403 1309 452 meditante,
1339 402 1491 442 beatus

261 465 410 508 Audiit
432 467 626 513 Eurotas,
651 464 860 518 jussitque
880 462 1068 502 ediscere
1089 459 1242 508 lauros,

263 523 338 564 Ille
358 523 478 571 canit,
510 521 640 574 pulsae
661 519 846 560 referunt
866 519 919 558 ad
942 518 1078 558 sidera
1100 515 1247 563 valles,

263 579 426 632 Cogere
447 579 578 618 donec
601 591 696 617 oves
718 573 889 616 stabulis
910 587 1210 626 numerumque
1232 570 1388 613 referre
1653 567 1707 607 85

262 635 394 676 ,Iussit
414 643 455 675 et
475 633 599 673 invito
619 631 821 687 processit
842 630 1009 685 Vesper
1032 629 1233 683 Olympo.

265 762 298 787 ut
325 757 392 787 AEn.
414 757 470 790 VI,
507 758 572 786 194.
597 758 636 786 de
661 756 772 786 volatu.
793 755 895 794 quibus
920 755 974 783 alis
1005 755 1063 784 162
1082 765 1147 793 sqq.
1168 754 1204 782 ad
1221 752 1342 781 Eurotae
1362 752 1471 789 itaque,
1493 749 1543 788 qui
1560 748 1712 778 Laconicae

267 798 304 825 ad
338 805 429 834 genus
457 796 623 824 mutationis
651 795 799 833 pertinet,
834 794 973 823 membris
1006 794 1034 822 ss.
1056 798 1111 825 est,
1132 793 1210 830 ripas
1230 802 1309 828 saepe
1322 791 1386 829 lyra
1399 787 1716 818 cecinit-meditante.

262 834 304 863 ita
323 834 510 872 transpositis
531 844 585 872 pro
605 834 706 862 ordine
732 833 839 867 solito3
867 833 974 870 quibus
1007 836 1138 864 canente,
1159 842 1188 859 v.
1209 831 1245 859 ad
1264 830 1329 858 Ecl.
1350 830 1377 862 Ι,
1401 831 1427 857 l.
1445 827 1546 865 pulsae,
1568 836 1611 854 sc.
1632 825 1715 854 voci-

265 872 319 900 alis
333 872 606 910 supervolitaverit,
627 877 656 900 et
671 881 728 909 quo
748 881 837 899 cursu
857 871 975 899 deserta
1008 872 1075 904 bus,
1092 870 1181 903 sonis,
1194 873 1228 897 ut
1242 866 1548 897 resonarent.H.—-S4
1563 864 1716 900 Referunt,

262 910 417 948 petiverit3
448 920 501 948 per
522 911 696 948 particulam
717 914 782 937 ante
805 909 976 938 consecutio
1008 909 1057 937 illa
1071 908 1174 936 omnia.
1202 907 1333 942 Ltmros‚·
1366 905 1512 943 regionem
1529 903 1717 941 Amyclarum

264 953 429 986 temporum
452 959 533 987 stepe
554 950 782 977 demonstratur.
808 949 867 976 vid.
890 948 976 976 Pers.
1009 948 1045 976 ad
1073 948 1214 975 Eurotam
1243 945 1398 974 arboribus
1430 942 1549 981 optimis
1575 941 1718 970 consitam

266 988 312 1022 II,
343 988 391 1016 31.
423 987 496 1015 Ecce
522 988 703 1015 avia-cunis
729 986 829 1015 exemit
856 996 975 1023 puerum
1008 986 1111 1019 fuisse,
1132 985 1221 1013 refert
1236 983 1380 1021 Polybius
1394 982 1431 1013 V,
1450 983 1496 1010 19.

257 1025 643 1064 flentemque—lustralilms
667 1030 731 1053 unte
754 1025 852 1052 salivis
871 1025 977 1061 expiat.
1047 1023 1171 1051 84-86.
1196 1023 1312 1051 Silenus
1330 1030 1424 1058 usque
1443 1020 1479 1048 ad
1500 1023 1613 1047 noctem
1634 1018 1721 1047 canit.

268 1064 405 1092 Ceterum
425 1073 528 1093 versus
546 1065 594 1092 79.
622 1065 670 1092 80.
690 1065 738 1092 81.
760 1063 857 1091 versui
878 1064 926 1092 78.
946 1067 977 1091 ut
1011 1062 1069 1090 Sed
1090 1071 1177 1099 quam
1198 1064 1296 1090 ornate
1316 1060 1369 1087 hoc
1399 1059 1480 1087 io'eta
1502 1057 1719 1086 extulitl-nu-

268 1102 430 1130 narraverit
464 1101 583 1130 Tereum
611 1106 759 1135 mutatum,
788 1101 977 1140 explicationi
1010 1110 1119 1128 merum
1140 1101 1258 1137 referre.
1285 1099 1323 1128 cf.
1350 1098 1391 1126 Ec
1407 1118 1413 1124 .
1434 1097 1498 1129 ΙΙΙ,
1519 1095 1722 1132 34.—Vesper

269 1140 377 1177 adjecti
393 1144 470 1169 sunt.
505 1140 551 1169 JV,
1011 1143 1055 1167 est
1070 1139 1238 1176 Hesperus.
1253 1137 1377 1165 Veneris
1389 1134 1611 1164 stella—invito
1623 1133 1721 1173 Olym-

308 1179 356 1207 83.
378 1178 496 1207 Amavit
517 1178 728 1216 Hyacinthum,
755 1178 855 1207 OEbali
877 1177 978 1211 filium,
1006 1187 1056 1215 po,
1086 1177 1164 1214 quod
1189 1176 1299 1204 coelum
1323 1185 1400 1213 :egre
1424 1174 1546 1207 ferebat,
1573 1177 1658 1201 noete
1681 1172 1724 1200 in-

271 1216 457 1255 Spartanum,
479 1217 622 1246 Phoebus.
643 1217 701 1245 vid.
723 1217 814 1245 Ovid.
836 1217 911 1246 Met.
934 1216 978 1249 X,
1013 1220 1133 1253 gruente
1147 1225 1262 1243 carmen
1278 1214 1361 1242 liniri.

900 1364 1093 1388 ψ

520 1497 834 1539 ECLOGA
886 1497 985 1539 VII.
1048 1496 1483 1538 MELIBOEUS.

800 1617 1213 1655 ARGUMENTUM.

340 1734 561 1772 MELmOEth
594 1742 721 1783 pastor
752 1742 888 1778 narrat,
926 1744 976 1778 ut,
1019 1735 1254 1772 aberrantem
1287 1749 1440 1786 caprum
1472 1750 1657 1786 quaerens,
1697 1737 1734 1774 in

291 1787 531 1836 Corydonem
560 1786 771 1835 caprarium
801 1795 839 1822 et
868 1786 1033 1834 Thyrsin
1058 1787 1184 1823 ovium
1204 1796 1391 1836 pastorem
1409 1790 1593 1834 inciderit,
1622 1798 1733 1827 cantu

289 1848 507 1882 certaturos,
537 1846 652 1886 utque
679 1838 902 1887 Daphnidis,
926 1838 1065 1887 judicis
1084 1839 1179 1875 inter
1197 1840 1279 1875 illos
1299 1841 1427 1885 futuri,
1456 1843 1606 1879 hortatu
1634 1842 1735 1892 apud

291 1906 355 1930 eos
371 1892 561 1935 assederit,
582 1898 771 1927 cantantes
789 1891 1100 1927 auditurus—20.
1131 1892 1224 1927 lude
1244 1891 1421 1941 Corydon
1440 1895 1590 1943 primas,
1611 1895 1736 1943 Thyr-

294 1945 343 1982 sis
381 1944 563 1981 secundas
599 1952 722 1992 partes
759 1944 921 1979 carmine
957 1945 1153 1985 amoebae0,
1197 1958 1218 1980 e
1253 1944 1459 1982 dramatico
1498 1960 1644 1995 genere,
1685 1949 1737 1984 ita

292 1997 461 2041 sustinet,
491 2004 543 2040 ut,
576 1995 891 2045 quemadmodum
912 1996 992 2032 Ecl.
1022 1995 1094 2032 III.
1125 1997 1303 2040 distichis,
1334 1998 1386 2034 sic
1406 1998 1487 2048 jam
1510 2000 1736 2036 tetrastichis

295 2063 362 2087 seu
377 2049 566 2098 quaternis
582 2049 751 2085 versibus
768 2049 1035 2099 comprehensa
1051 2050 1214 2086 carmina
1229 2050 1439 2096 decantent,
1463 2065 1552 2088 sena
1566 2061 1737 2101 uterque,

296 2102 475 2151 Corydon
503 2101 642 2139 diversi
673 2114 834 2151 quaeque
865 2101 1076 2151 argumenti
1104 2116 1274 2147 exorsus,
1313 2103 1472 2152 Thyrsis
1503 2105 1637 2142 similia
1672 2114 1738 2143 aut

294 2154 479 2192 contraria
496 2153 697 2191 afferendo.
753 2154 890 2199 Locus,
919 2155 956 2191 in
975 2168 1050 2203 quo
1068 2155 1326 2200 consederant,
1360 2165 1417 2193 est
1435 2158 1736 2197 amoenissimus:

298 2208 368 2245 sub
388 2208 564 2247 umbrosa
581 2219 722 2256 quercu
741 2220 762 2244 a
781 2207 947 2245 Favonio
966 2207 1098 2244 leviter
1114 2208 1266 2258 agitata,
1295 2209 1391 2246 inter
1413 2224 1526 2260 apum
1551 2225 1739 2256 susurros,

299 2261 336 2296 in
368 2259 503 2296 vicinia
533 2259 665 2296 Mincii
695 2260 811 2304 fluvii,
840 2268 879 2297 et
906 2260 1056 2309 quidem
1087 2274 1130 2298 ea
1157 2270 1273 2310 parte,
1311 2275 1386 2311 qua
1413 2272 1579 2301 armenta
1606 2273 1739 2315 potum

301 2313 547 2350 ducebantur.
604 2311 730 2349 Etiam
749 2313 785 2349 in
804 2313 874 2349 hoc
891 2313 1053 2350 carmine
1070 2314 1244 2364 putidum
1269 2323 1326 2352 est
1352 2315 1502 2361 referre,
1531 2331 1623 2366 quas
1650 2318 1740 2355 alle-

301 2365 424 2414 gorias
444 2364 643 2401 commenti
660 2365 734 2402 sint
751 2366 982 2415 interpretes,
1011 2379 1127 2415 quum
1145 2367 1247 2403 haud
1265 2367 1379 2405 dubie
1397 2369 1488 2406 nihil
1506 2369 1609 2407 aliud
1634 2384 1741 2420 spec-

303 2418 390 2455 tarit
409 2421 542 2476 poeta,
571 2430 685 2466 quam
717 2426 759 2454 ut
790 2418 836 2455 ad
866 2418 1079 2456 Theocritei
1111 2419 1238 2469 Idyllii
1271 2420 1340 2458 VI.
1373 2422 1617 2464 imitationem
1646 2423 1741 2460 illud.

303 2470 476 2529 carminis
505 2470 680 2507 amoebaei
704 2484 822 2520 genus
851 2472 1088 2522 exprimeret,
1118 2472 1221 2522 quod
1248 2475 1459 2512 narratione
1486 2476 1646 2525 pastoris
1675 2476 1742 2513 ali-

303 2536 423 2572 quuS,
450 2522 514 2571 qui
532 2522 750 2561 interfuerat
768 2525 971 2569 certamini,
1000 2525 1222 2563 continetur.
1279 2526 1496 2577 Propertius
1515 2528 1567 2572 II,
1594 2531 1656 2573 34,
1681 2531 1744 2567 67.

303 2576 376 2613 hoc
395 2588 543 2612 carmen
560 2576 733 2625 respicit:
768 2576 824 2613 Tu
843 2578 942 2614 canis
961 2577 1127 2615 umbrosa
1146 2580 1264 2618 subter
1277 2581 1407 2631 pineta
1428 2581 1554 2618 Galesi
1584 2580 1743 2632 Thyrsin

306 2635 340 2665 ee
359 2628 495 2665 attritis
513 2628 691 2678 Daphnin
710 2629 959 2667 arundinibus.
986 2630 1040 2667 H.
1096 2630 1194 2670 Vere
1217 2635 1303 2672 anni
1333 2636 1420 2672 716.
1450 2634 1544 2672 hanc
1572 2634 1743 2684 eclogam

305 2681 481 2732 scriptam
500 2694 591 2725 esse,
620 2690 707 2720 sunt
724 2683 789 2732 qui
806 2682 1016 2733 opinentur.
1078 2683 1131 2721 W.
