1796 3077
227 198 290 244 68
634 199 678 237 P.
708 198 939 238 VIRGILII
970 199 1218 239 MARoN1s

227 313 382 369 Tuque
403 315 521 366 adeo,
538 331 662 371 quem
680 331 778 358 mox
798 333 893 371 quae
915 318 995 359 sint
1015 319 1211 360 habitura
1231 320 1405 364 deorum

227 371 427 422 Concilia,
448 374 649 414 incertum
671 380 759 423 est3
790 375 971 415 urbesne
990 376 1180 425 invisere,
1201 377 1357 429 Caesar,
1612 379 1668 420 25

226 427 539 484 Terrarumque
558 429 656 470 velis
672 444 828 480 curam,
847 438 889 472 et
908 438 950 472 te
968 433 1172 474 maximus
1193 434 1305 476 orbis

225 483 456 527 Auctorem
476 485 642 539 frugum
663 493 1040 543 tempestatumque
1060 497 1276 544 potentem

225 540 430 595 Accipiat,
447 543 617 597 cingens
635 550 822 584 materna
837 552 1026 599 tempora
1043 554 1202 602 myrto3

224 597 296 638 An
317 599 419 639 deus
438 599 625 640 immensi
644 600 784 641 venias
804 602 941 651 maris,
972 617 1020 643 ac
1038 610 1111 643 tua
1129 611 1270 645 nautae

225 654 410 695 Numina
430 654 516 696 sola
536 655 685 706 colant,
717 657 793 698 tibi
813 659 964 699 serviat
983 659 1126 700 ultima
1145 660 1301 710 Thule,
1612 661 1669 702 30

223 711 373 766 Teque
395 712 472 754 sibi
490 727 691 767 generum
712 713 876 768 Tethys
896 723 1006 756 emat
1026 717 1216 757 omnibus
1238 718 1384 767 undis;

222 766 346 809 Anne
366 783 517 809 novum
537 770 666 810 tardis
687 771 800 811 sidus
822 779 862 812 te
881 772 1092 813 mensibus
1112 774 1257 822 addas,

222 824 320 871 Qua
339 823 455 866 locus
477 826 693 880 Erigonen
713 828 821 868 inter
842 827 1079 883 Chelasque
1100 837 1322 883 sequentes

221 880 450 931 Panditur;
482 883 570 936 ipse
591 884 665 924 tibi
679 885 767 938 jam
786 885 960 926 brachia
980 887 1188 927 contrahit
1209 888 1359 928 ardens

221 938 432 993 Scorpios,
464 946 506 979 et
526 939 620 980 coeli
635 941 750 995 justa
771 941 864 995 plus
884 950 1004 996 parte
1024 943 1243 998 relinquit:
1613 943 1669 983 35

220 1051 248 1087 1,
263 1053 328 1080 107.
344 1053 380 1081 de
392 1064 477 1083 aurea
492 1059 579 1083 {etate
593 1066 599 1083 ι
626 1056 685 1084 Ver
698 1060 761 1084 ora!
774 1062 921 1091 aternum,

215 1090 378 1130 placidique
398 1093 555 1130 tepentibus
576 1095 656 1123 auris
680 1094 844 1124 Mulcebane
865 1096 921 1125 Ze-

214 1129 305 1169 phyri
317 1134 398 1158 natos
411 1131 471 1160 sine
486 1132 590 1161 semine
597 1133 697 1169 flores.

257 1169 295 1198 24
311 1168 351 1197 Et
372 1170 467 1199 multo
485 1171 581 1209 magis
599 1177 641 1206 tu,
663 1182 680 1200 o
699 1173 813 1207 Caesar,
840 1173 924 1202 adsis

219 1206 382 1244 propitius,
398 1209 508 1247 quippe
521 1219 589 1238 mox
600 1210 675 1239 deus
690 1211 808 1240 futurus
824 1221 925 1250 quam-

218 1245 417 1289 quamOadhuc
432 1246 574 1277 incertum
587 1253 643 1283 est,
663 1251 749 1287 cujus
764 1250 878 1278 ordinis
893 1260 927 1278 ac

221 1293 356 1321 genens,
387 1285 556 1324 quicunque
586 1290 684 1315 tamen
708 1288 784 1316 deus
808 1289 927 1317 futurus

216 1332 262 1356 es,
278 1322 362 1350 adsis
376 1333 403 1352 v.
414 1325 462 1353 40.

258 1361 295 1389 25
320 1360 447 1391 Urbesne
471 1363 602 1398 zuvisere,
618 1364 777 1402 inspicere,
799 1365 878 1399 velis,
895 1369 926 1394 et

219 1409 256 1427 an
286 1399 365 1433 velis,
389 1400 418 1430 h.
449 1402 564 1440 cupias,
598 1403 734 1437 ass'mtes,
770 1404 925 1442 suspicere

219 1448 320 1472 aveas,
333 1443 476 1468 terrarum
490 1451 585 1469 curam
601 1452 635 1470 ac
650 1443 783 1471 tutelam.
812 1444 860 1472 De
872 1443 924 1472 tali

220 1476 305 1505 verbi
320 1478 454 1514 ejusdem
476 1480 618 1516 junctura
639 1481 754 1518 duplici
776 1491 804 1510 v.
820 1482 925 1511 Burni.

219 1524 254 1544 ac
271 1515 361 1545 Bm:
388 1517 422 1543 ”d
440 1517 515 1545 Hor.
530 1518 628 1547 Carni.
645 1519 673 1551 I,
687 1521 714 1547 1.
725 1520 838 1548 7.—dei
853 1520 923 1548 iuvi-

219 1563 281 1582 σανα
305 1554 447 1583 dicuntur
468 1560 563 1585 terras
588 1562 619 1586 et
646 1561 748 1591 nrbes,
772 1568 845 1596 quas
875 1566 926 1587 aut

219 1592 373 1636 praecipue
394 1598 492 1622 amant
513 1599 543 1623 et
564 1595 677 1629 colunt,
693 1600 743 1625 aut
764 1596 793 1625 in
816 1597 925 1634 quibus

220 1631 357 1660 lnstituta
373 1632 431 1661 sibi
449 1633 604 1663 sollemnia
624 1644 710 1663 sacra
729 1635 926 1673 frequentant.

221 1670 312 1698 Prius
333 1671 444 1706 malim,
461 1676 495 1700 ut
517 1672 638 1701 invisere
653 1673 691 1701 sit
704 1676 816 1711 ὲφυρᾴυ,
831 1674 924 1712 inspi-

220 1718 300 1743 cere,
317 1719 432 1748 regere.
473 1710 612 1740 Debebat
634 1713 724 1748 po'c'ta
743 1722 877 1748 pergere,
897 1717 924 1740 et

219 1750 315 1775 terras
327 1757 444 1782 c2c1·m·e,·
468 1748 524 1776 hoc
537 1749 716 1778 invertendo
729 1744 839 1778 extulit
850 1762 856 1778 2
878 1760 923 1778 ve-

219 1784 309 1823 lisque
321 1796 419 1814 curam
441 1791 595 1821 tare-arma,
618 1787 646 1815 h.
660 1797 686 1815 e.
702 1789 846 1825 praeferas
859 1799 865 1824 3
893 1792 925 1816 ut

220 1833 303 1861 saepe
318 1824 396 1852 velle.
435 1824 485 1852 Sic
498 1828 647 1860 βούλεσθαι
662 1826 740 1863 apud
749 1826 924 1855 Homerum.

223 1861 308 1891 Bene
329 1867 428 1891 autem
450 1863 553 1892 Caesar
576 1864 655 1892 inter
675 1865 748 1892 deos
764 1865 879 1893 urbium
895 1869 925 1893 et

221 1904 367 1929 terrarum
378 1902 520 1930 tutelares
533 1903 636 1931 referri
650 1903 765 1940 potuit·,
786 1903 845 1930 noti
857 1907 926 1932 sunt

221 1938 270 1968 dei
284 1943 438 1974 πολιοῦχοι.
468 1940 642 1969 Meminerit
652 1941 819 1979 aliquisilla
833 1941 926 1970 Calli-

222 1978 318 2006 machi
333 1978 362 2006 in
375 1978 444 2008 Jov.
459 1979 508 2007 73.
546 1981 632 2007 Ἀλλὰ
644 1982 678 2007 τὰ
691 1983 812 2015 μὲν-σὺ
834 1982 856 2008 ὸ’
869 1982 926 2011 ἑξέ-

224 2021 274 2044 λεο
289 2020 471 2051 πτολιάρχους
490 2020 593 2047 Αὖτῡύς.
631 2018 772 2047 Notanda
787 2028 858 2047 vero
876 2028 926 2047 00-

223 2054 273 2120 pia
288 2055 441 2090 orationis,
463 2066 522 2094 qua
541 2056 619 2085 idem
641 2057 731 2085 toties
748 2057 848 2085 etl'ert:
879 2068 926 2085 ve-

236 2093 295 2122 'wne
311 2094 379 2122 deus
395 2104 465 2122 esse.
506 2094 646 2124 Ceterum
665 2095 702 2124 cf.
724 2096 831 2124 Lucan.
845 2095 873 2129 I,
887 2097 925 2125 45

223 2133 369 2170 sqq.-26
384 2132 523 2161 maximus
535 2133 622 2168 orbis,
637 2144 689 2162 seu
709 2134 828 2169 coelum,
850 2134 927 2171 sive,

224 2171 305 2208 quod
334 2171 435 2200 verius
460 2181 536 2200 nuuc
560 2177 644 2210 puto,
665 2173 747 2201 orbis
767 2177 925 2208 terrarum

223 2209 365 2237 maximus
383 2219 438 2247 pro
456 2211 754 2250 magnus—accipiat
771 2211 927 2240 advenien-

225 2250 297 2281 tem,
315 2257 383 2276 culn
407 2248 485 2277 inter
505 2249 577 2278 deos
602 2250 741 2283 refertur,
763 2250 872 2278 habeat
896 2254 926 2279 te

223 2290 377 2321 auctorem,
391 2287 618 2322 moderatorem,
640 2289 764 2317 tutelam
781 2288 928 2326 agricola-

225 2324 330 2361 tionis3
359 2325 396 2353 ad
418 2326 539 2354 eandem
564 2327 623 2355 sere
645 2327 796 2355 notionem
812 2330 929 2364 spectat

220 2368 339 2402 polens:
361 2363 412 2401 qui
426 2364 453 2394 in
465 2367 613 2402 potestate
630 2365 729 2399 habet,
748 2365 929 2400 moderatur,

224 2401 421 2440 regit.—Jam
433 2403 564 2432 debebat
574 2404 657 2442 sequi
670 2415 675 2432 z
698 2408 724 2432 te
736 2403 857 2433 cinctam
868 2414 928 2432 ma-

227 2445 309 2469 terna
324 2444 451 2479 tempora
465 2446 575 2479 myrto,·
597 2452 673 2471 nunc
687 2442 768 2471 idem
783 2442 860 2471 orbis
870 2442 929 2470 cin-

224 2489 295 2516 yens
313 2488 351 2506 711.
365 2484 386 2508 t.
406 2479 524 2515 dictus3
552 2480 666 2510 scilicet
689 2490 796 2509 corona
814 2485 930 2518 myrtea

226 2518 376 2556 AugustO,
391 2527 468 2546 novo
483 2519 549 2551 deo,
563 2529 579 2548 a
594 2519 708 2548 Venere
720 2519 929 2557 dea,cuimyr-

227 2561 276 2585 tus
292 2565 386 2589 sacra,
399 2555 524 2585 oriundo
538 2557 765 2595 imposita.-27
779 2562 928 2595 tempesta-

226 2598 296 2629 tum,
309 2594 410 2623 malim
424 2595 461 2622 de
475 2594 544 2623 coeli
565 2596 703 2634 acrisque
718 2596 928 2625 mutationibus

228 2638 259 2663 et
273 2633 339 2663 anni
352 2633 548 2671 temporibus,
563 2636 696 2672 quamde
732 2634 864 2669 rocellis,
880 2645 927 2663 ac-

228 2673 337 2711 cipere,
359 2672 427 2709 quia
447 2681 513 2700 oum
529 2672 666 2711 frugibus
692 2674 711 2702 il
726 2684 741 2702 a
756 2673 844 2711 jungi
864 2683 927 2702 mos

226 2718 292 2748 est,
313 2714 488 2749 tempestates
498 2721 552 2750 pro
568 2712 750 2750 temporibus
765 2712 828 2741 sive
842 2712 928 2742 statis

963 1059 1026 1088 sive
1042 1059 1267 1096 quibuscunque
1283 1059 1347 1088 aliis
1364 1059 1412 1087 vel
1425 1058 1669 1088 Lucretiiexem-

961 1096 1013 1134 plo
1040 1098 1116 1126 bene
1138 1097 1287 1131 dicuntur,
1312 1097 1362 1126 ubi
1383 1098 1420 1126 ad
1443 1097 1509 1126 anni
1538 1097 1669 1135 coelique

962 1135 1137 1174 temperiem
1152 1136 1287 1174 aerisque
1302 1136 1502 1170 mutationem,
1519 1146 1586 1173 quae
1602 1145 1670 1165 cum

962 1174 1037 1212 ipsis
1049 1174 1192 1212 temporis
1206 1175 1323 1203 vicibus
1337 1174 1482 1208 succedit,
1498 1174 1670 1213 respicitur.

1003 1214 1042 1241 29
1062 1213 1107 1241 An
1131 1217 1163 1241 tu
1186 1213 1261 1242 inter
1284 1214 1355 1242 deos
1381 1213 1508 1241 marinos
1556 1213 1670 1252 rineeps

966 1251 1127 1289 recipiaris.
1164 1252 1271 1286 venias,
1292 1252 1410 1280 futurus
1422 1224 1603 1280 sis—Jllmle
1619 1262 1670 1282 au-

966 1293 1025 1317 tem
1048 1289 1155 1318 serm're
1174 1290 1281 1318 dicitur
1303 1291 1358 1319 deo
1380 1290 1501 1323 marino,
1527 1293 1671 1333 quatenus

967 1329 1030 1365 ejus
1056 1328 1185 1366 potentia
1209 1332 1239 1357 et
1262 1338 1366 1357 numen
1388 1338 1441 1366 per
1466 1338 1561 1357 omma
1579 1338 1671 1357 marra

986 1370 1055 1401 atet,
1077 1377 1143 1404 quw
1157 1377 1210 1405 per
1223 1367 1344 1401 insulas,
1365 1366 1394 1395 in
1408 1366 1522 1405 primis,
1538 1366 1676 1402 ultimasr

963 1376 1036 1434 liene
1054 1405 1403 1434 declarantum—numina
1423 1405 1495 1440 sola,
1517 1405 1670 1443 potentius

963 1453 1030 1476 voc,
1053 1454 1151 1481 quam,
1170 1444 1354 1482 praecipuum
1369 1445 1560 1473 nu1nen.—-31
1576 1443 1672 1482 Teque

963 1482 1019 1509 sibi
1031 1493 1166 1520 ymerum
1183 1483 1288 1520 Tethys
1301 1486 1387 1517 emat,
1409 1486 1438 1510 et
1454 1492 1509 1511 una
1524 1493 1561 1511 ex
1576 1483 1671 1511 Ocea·

964 1520 1103 1549 nitidibus
1114 1521 1167 1549 tibi
1180 1522 1279 1549 nubat.
1310 1522 1381 1556 Eos,
1397 1521 1447 1558 qui
1458 1521 1533 1549 inter
1541 1521 1611 1549 deos
1623 1531 1670 1550 as—

964 1559 1051 1596 cripti
1074 1564 1182 1594 essent,
1208 1560 1320 1588 deabus
1344 1560 1430 1597 jungi
1452 1560 1495 1587 fas
1519 1564 1601 1594 erat,
1628 1560 1672 1589 sic

965 1596 1112 1626 Hercules
1123 1598 1229 1626 Hebae.
1252 1598 1358 1636 Itaque
1368 1600 1506 1637 Augusto
1516 1597 1605 1626 maris
1615 1598 1672 1627 deo

964 1645 1020 1664 lma
1026 1636 1052 1664 N
1055 1647 1072 1674 y
1077 1636 1238 1674 inpharuin,
1246 1636 1370 1666 filiarum
1376 1636 1485 1665 Oceani
1492 1637 1601 1665 etTeth
1604 1647 1671 1674 yos,

964 1674 1093 1709 dabitur,
1106 1675 1175 1704 dote
1187 1679 1347 1709 numerata,
1359 1675 1433 1703 unde
1442 1679 1517 1703 emat
1526 1674 1603 1703 dixit
1613 1685 1620 1710 3
1632 1686 1671 1704 ex

964 1722 1043 1741 more
1057 1714 1177 1742 heroum
1192 1713 1273 1742 vitae.
1312 1714 1392 1742 Nota
1405 1718 1472 1741 sunt
1485 1723 1523 1741 ex
1537 1713 1672 1743 Homero

964 1754 997 1778 τὰ
1010 1753 1071 1778 Eam
1081 1756 1232 1788 parentum
1244 1756 1344 1789 nuptae
1356 1761 1463 1790 sponso
1471 1752 1615 1789 promissa
1625 1752 1672 1780 vel

963 1788 1039 1816 data.
1079 1790 1236 1826 splendide
1249 1791 1395 1826 adjectum
1409 1801 1414 1817 τ
1438 1790 1564 1818 omnibus
1578 1790 1671 1819 andis.

1001 1827 1115 1855 32—35
1137 1828 1184 1855 An
1206 1837 1314 1855 novum
1336 1828 1428 1862 sidus,
1454 1832 1484 1856 et
1505 1828 1622 1866 quidem
1643 1829 1673 1857 in

964 1865 1093 1898 zodiaco,
1123 1866 1199 1893 coelo
1224 1875 1395 1894 accessurus
1418 1866 1470 1895 sis.
1510 1867 1671 1902 Annorum,

964 1903 1117 1938 mensimn,
1145 1914 1178 1932 ac
1205 1903 1318 1932 dierum
1347 1914 1512 1932 mensuram
1543 1904 1671 1933 siderum

965 1941 1108 1970 decursus
1134 1941 1220 1973 facit:
1249 1942 1348 1979 itaquo
1377 1952 1484 1970 menses
1519 1947 1672 1972 memorat.

964 1979 1062 2008 tardos
1081 1980 1158 2008 dixit
1174 1980 1291 2018 poetico
1307 1990 1398 2014 more,
1420 1984 1453 2009 ut
1472 1980 1602 2018 epitheto
1624 1991 1670 2009 or-

964 2022 1056 2047 naret.
1096 2018 1173 2047 Nam
1188 2018 1263 2051 anni,
1284 2018 1358 2053 dies,
1380 2029 1494 2047 menses
1511 2019 1597 2047 modo
1612 2022 1671 2048 tar-

965 2057 995 2084 di
1010 2057 1096 2085 modo
1117 2057 1237 2090 celeres,
1257 2057 1346 2094 longi,
1366 2057 1483 2091 breves,
1503 2067 1558 2100 pro
1576 2058 1671 2087 consi-

964 2094 1003 2123 lio
1014 2097 1122 2133 poetae,
1138 2095 1278 2134 appellari
1291 2099 1426 2132 possunt.
1460 2095 1521 2124 Alii
1533 2095 1672 2125 subtilius

965 2133 1002 2161 de
1035 2134 1142 2162 (estivis
1175 2134 1325 2162 mensibus
1355 2133 1574 2171 cogitant—33
1604 2133 1671 2170 Qua

965 2171 1052 2206 Iocus,
1069 2173 1097 2201 h.
1113 2173 1187 2201 inter
1198 2172 1349 2210 Virginem
1361 2175 1392 2200 et
1405 2172 1562 2209 Scorpium
1578 2172 1670 2211 signa,

966 2220 1024 2248 qua
1038 2221 1113 2238 nunc
1128 2211 1218 2239 Libra
1232 2214 1288 2244 est,
1309 2220 1375 2248 quae
1390 2210 1550 2248 antiquitus
1564 2221 1580 2239 a
1590 2211 1671 2240 nullo

967 2249 1115 2287 astrologo
1145 2249 1219 2278 inter
1254 2249 1336 2287 signa
1368 2249 1541 2284 habebatur,
1572 2249 1671 2278 locum

966 2297 1035 2316 vero
1058 2289 1122 2324 ejus
1145 2287 1256 2322 Chelae,
1277 2298 1330 2316 seu
1351 2287 1420 2315 Scor
1448 2287 1520 2315 ionis
1544 2287 1672 2323 brachia,

966 2327 1166 2363 occupabant3
1188 2336 1247 2364 quo
1264 2326 1396 2364 respexit
1415 2298 1506 2355 gvid.
1526 2325 1602 2354 Met.
1622 2326 1670 2360 ΙΙ,

969 2366 1130 2393 195-197.
1151 2364 1209 2393 Est
1228 2364 1315 2397 Iocus,
1335 2364 1365 2392 in
1386 2364 1511 2402 yeminos
1533 2363 1582 2392 ubi
1604 2363 1670 2392 bra-

967 2402 1032 2431 chia
1043 2408 1177 2431 concavat
1188 2412 1272 2431 arcus
1285 2403 1432 2440 Scorpios,
1450 2407 1478 2431 et
1495 2402 1585 2431 cauda
1594 2403 1670 2439 flex-

966 2441 1047 2479 isque
1061 2441 1201 2481 utrimque
1213 2441 1327 2470 lacertis>
1346 2441 1482 2480 Porriyit
1500 2441 1529 2469 in
1546 2441 1670 2479 spatium

965 2479 1113 2517 siynorzmn
1134 2480 1260 2509 membra
1277 2481 1408 2509 duorum.
1449 2479 1562 2508 Deinde
1580 2479 1672 2508 Libra

967 2528 1072 2547 vacans
1092 2519 1219 2557 spatium
1240 2519 1408 2557 occupavit,
1430 2518 1482 2546 sed
1502 2517 1553 2551 ita,
1579 2521 1612 2546 ut
1633 2518 1670 2546 ab

966 2556 1088 2595 Scorpio
1110 2562 1266 2592 teneretur,
1287 2562 1321 2586 ut
1341 2557 1429 2586 etiam
1448 2565 1623 2593 expressum
1640 2556 1670 2584 in

966 2595 1113 2624 Marmore
1129 2596 1268 2625 Farnesio
1281 2595 1468 2633 conspicitur.
1500 2594 1598 2623 Librae
1614 2594 1670 2623 ita-

966 2644 1022 2672 que
1043 2634 1141 2663 locum
1167 2635 1296 2673 assignat
1316 2632 1609 2673 Augusta—Chelas
1625 2643 1669 2661 se-

965 2677 1094 2710 quentes,
1117 2683 1270 2712 sequaces,
1291 2672 1405 2701 flexiles
1415 2681 1453 2700 ex
1467 2674 1570 2700 natura
1582 2673 1669 2700 §001⁴

968 2711 1161 2750 pit-ardens
1188 2711 1332 2750 scorpius,
1363 2714 1397 2740 ut
1425 2709 1520 2746 sidus,
1550 2710 1666 2747 lucens,·
