1796 3077
199 226 294 270 230

256 342 371 384 Tum
392 341 563 384 Venus:
596 342 728 383 Haud
748 344 943 398 equidem
962 341 1035 382 tali
1054 357 1119 384 me
1140 344 1291 397 dignor
1309 342 1468 384 honore
1487 357 1497 392 ς

635 221 678 260 Ρ.
702 195 939 259 ¹vmemn
969 221 1219 261 MARONis

1558 341 1642 382 335

201 399 450 454 Virginibus
472 400 612 453 Tyriis
634 414 723 439 mos
745 408 809 440 est
829 406 998 455 gestare
1018 398 1273 452 pharetram,

200 456 506 510 Purpureoque
527 456 608 496 alte
630 470 747 497 suras
767 457 921 498 vincire
944 455 1165 498 cothurno.

201 513 362 554 Punica
382 527 513 567 regna
532 512 663 562 vides,
686 512 841 568 Tyrios
863 521 904 555 et
925 513 1137 567 Agenoris
1158 511 1332 562 urbem3

200 571 287 611 Sed
306 571 411 611 fines
433 570 594 623 Libyci,
617 584 749 624 genus
771 569 1033 612 intractabile
1053 569 1181 611 bello.

200 627 427 681 Imperium
452 626 566 667 Dido
588 626 720 680 Tyria
738 629 846 682 regit
865 628 970 668 urbe
990 626 1195 681 profecta,
1561 624 1645 665 340

201 677 458 724 Germanum
478 682 655 737 fugiens.

718 683 868 739 Longa
889 692 952 725 est
972 684 1134 737 injuria,
1156 683 1292 739 longae

203 739 415 795 Ambages
435 757 444 790 3
477 741 552 782 sed
574 755 732 781 summa
754 756 905 795 sequar
924 741 1090 795 fastigia
1111 756 1263 782 rerum.

201 797 314 837 Huic
337 798 521 851 conjunx
542 797 745 852 Sychaeus
766 806 867 847 erat,
890 798 1114 838 ditissimus
1135 799 1226 852 agri

201 853 464 904 Phoenicum,
486 862 528 895 et
548 870 699 909 magno
721 856 883 896 miserae
905 854 1082 896 dilectus
1102 869 1257 903 amore,

201 911 281 952 Cui
303 918 421 965 pater
441 912 638 952 intactam
658 912 848 960 dederat,
869 912 1095 966 primisque
1111 912 1282 965 jugarat

1563 907 1646 948 :345

202 967 450 1017 Ominibus3
483 969 557 1009 sed
577 983 708 1023 regna
729 969 834 1023 Tyri
854 983 1077 1023 germanus
1097 968 1284 1009 habebat

200 1024 462 1079 Pygmalion,
484 1025 639 1066 scelere
660 1032 756 1065 ante
776 1025 878 1065 alios
898 1025 1114 1065 immanior
1134 1038 1291 1065 omnes-

203 1082 323 1129 Quos
345 1083 454 1123 inter
472 1083 765 1123 medius'venit
785 1081 915 1123 furor.

201 1202 263 1230 nuit
285 1202 526 1241 approbationem.
553 1203 607 1231 Ge.
633 1201 699 1237 Ill,
727 1204 796 1233 338.
818 1202 905 1232 litora

203 1241 337 1280 alcyoneu
352 1247 497 1270 resonant.
516 1241 562 1270 W.
579 1241 737 1279 sanquinz's,
761 1252 776 1270 e
800 1251 906 1279 genere

202 1279 410 1318 Nympharum
423 1290 490 1308 una.
509 1279 651 1317 Sisselix,
660 1285 736 1314 χαῖρε
749 1283 808 1314 θεὰ,
818 1283 905 1316 ἵληθι,

205 1318 247 1346 sis
261 1319 401 1356 propitia.
418 1319 482 1347 Ecl.
496 1320 534 1353 V,
550 1319 597 1347 65.
628 1318 678 1346 Sis
692 1319 779 1347 bonus
793 1319 905 1356 oselix-

202 1366 257 1395 que
278 1358 345 1387 tuis.
380 1357 513 1386 Petitum
535 1358 571 1386 ab
593 1357 732 1394 auspiciis
755 1362 785 1386 et
800 1358 904 1386 omini-

203 1396 272 1424 bus.
311 1396 353 1429 (A
372 1397 479 1424 Graeco
494 1398 572 1430 χαῖρε
589 1395 618 1423 in
639 1396 757 1432 hymnis
771 1396 905 1425 usitatis-

204 1433 290 1469 simo,
312 1434 431 1462 Gallim.
453 1435 480 1462 in
502 1435 572 1464 Jov.
598 1435 646 1463 94.
667 1433 696 1462 in
717 1435 804 1463 Dian.
825 1436 905 1469 259„

204 1472 277 1500 hanc
292 1472 448 1501 formulam
462 1477 580 1512 repetes
594 1483 601 1509 ;
622 1473 738 1501 Latinis
750 1473 904 1511 proprium

202 1511 289 1539 salve.
316 1511 600 1550 lV.)—qu(ecuuque‚
621 1512 837 1549 qualiscunque
851 1512 907 1541 dea

205 1559 249 1583 es,
274 1551 384 1578 nostris
411 1550 496 1586 malis
518 1559 658 1578 succurre
680 1551 827 1583 docendo,
851 1551 906 1579 sub

205 1598 264 1626 qua
278 1593 361 1627 parte
376 1589 444 1617 coeli
457 1589 663 1627 etc.jaclemnr
674 1598 727 1626 pro
738 1599 907 1625 vei-semum

205 1637 276 1665 ergo
291 1632 318 1655 et
334 1628 389 1655 hoc
405 1628 514 1655 exilius
530 1631 604 1655 erat.
646 1627 686 1655 Et
698 1637 767 1655 mox
780 1637 909 1655 erramus

205 1675 261 1703 pro
278 1676 389 1695 sumus.
430 1666 509 1695 Haec
524 1670 553 1695 et
567 1666 675 1695 similia
695 1666 752 1694 uisi
767 1667 908 1695 observa-

205 1704 297 1737 veris,
319 1705 472 1742 poeticum
492 1714 658 1733 sermonem
673 1705 723 1732 vix
741 1715 909 1742 assequare.

205 1744 301 1772 *334
327 1744 440 1782 Odyss.
463 1757 493 1778 π,
519 1744 584 1771 1ὅ3.
608 1753 673 1780 sqq.
713 1743 908 1771 Telemachus

208 1781 359 1819 Ulyssem,
384 1792 400 1810 a
425 1782 561 1810 Minerva
581 1781 751 1818 augustiore
766 1781 859 1808 forma
874 1791 907 1809 ac

206 1821 340 1858 eorporis
362 1820 462 1858 specie
484 1820 533 1848 dei
552 1819 647 1847 instar
667 1823 814 1852 ornatum,
835 1819 907 1847 allo-

207 1859 308 1896 quitur
329 1858 418 1886 simili
439 1858 501 1886 fere
517 1857 657 1886 oratioue.
697 1857 804 1895 Neque
818 1857 905 1885 dissi-

207 1897 276 1925 mile
290 1897 407 1925 Alcinoi
418 1896 529 1924 dictum
538 1895 720 1933 Ulyssisque
731 1905 907 1933 responsum

209 1935 270 1963 Od.
287 1949 313 1968 η,
329 1937 394 1963 199.
409 1945 475 1972 sqq.
488 1936 555 1969 205,
573 1944 638 1972 sqq.

245 1974 304 2001 335
331 1973 396 2001 Tali
422 1973 537 2007 honore,
568 1983 605 2001 ex
634 1983 663 2000 v.
691 1973 826 2001 anteced.
854 1973 907 2001 int.

208 2011 327 2047 divino3
351 2012 416 2040 vult
440 2012 517 2040 enim
538 2011 672 2039 mortalis
694 2012 777 2049 virgo
801 2011 906 2046 videri,

207 2059 264 2078 non
279 2051 441 2079 dem—337
455 2050 503 2079 Ad
515 2050 682 2079 venantium
694 2050 826 2078 habitum
839 2060 907 2088 per-

207 2089 321 2118 tinebat
341 2090 522 2126 cothurnus3
546 2099 581 2118 ne
603 2099 619 2117 a
641 2088 773 2117 sentibus
794 2093 825 2117 et
845 2089 907 2117 sili-

207 2127 294 2156 cibus
308 2128 488 2156 laederentur
503 2137 599 2156 erura.
639 2127 755 2155 Versus
769 2137 806 2155 ex
820 2127 908 2156 Livio

208 2166 379 2195 Andronico
396 2167 588 2195 adumbratus
603 2176 608 2193 :
624 2166 750 2203 Sacljam
762 2176 908 2205 purpureo

208 2215 292 2233 suras
306 2205 414 2234 include
435 2206 581 2234 cothurno.
603 2206 641 2234 cf.
665 2215 731 2243 sup.
751 2205 817 2234 Ecl.
833 2206 910 2239 VII,

208 2244 356 2272 32.—338
388 2244 413 2272 A
419 2244 535 2281 yenoris
566 2243 683 2279 urbem‚·
718 2253 734 2272 a
767 2244 910 2283 progenie

208 2282 355 2319 Agenoris
365 2283 525 2318 conditam,
535 2293 621 2321 quem
632 2284 805 2311 Graecorum
817 2283 910 2320 mythi

209 2321 257 2358 (v.
272 2320 414 2358 Apollod.
428 2321 474 2355 II,
492 2323 560 2350 LA.
576 2322 641 2356 ΙΙΙ,
658 2323 684 2356 1,
700 2321 745 2359 l.)
787 2321 909 2350 Phoeni-

210 2369 278 2387 cum
305 2360 496 2394 conditorem,
520 2370 558 2388 ex
579 2361 714 2398 ‚ngypto
739 2360 910 2395 oriundum,

210 2401 240 2425 et
253 2398 317 2434 ejus
332 2404 467 2435 posteros
481 2398 601 2427 Sidonis
616 2398 705 2435 reges
721 2398 840 2433 faciunt,
853 2408 910 2427 non

210 2436 293 2473 Tyri,
308 2446 375 2474 quse
389 2437 481 2465 multo
493 2438 588 2466 serius
603 2442 632 2466 et
646 2437 747 2466 floruit
755 2441 785 2465 et
796 2438 910 2466 Graecis

207 2474 343 2502 innotuit.
364 2476 619 2515 Sidonii—Tyron
644 2475 741 2504 urbem
770 2480 836 2504 ante
858 2487 910 2504 an-

209 2523 277 2541 num
310 2512 442 2549 Trojanoe
470 2515 558 2543 cladis
581 2515 776 2549 condiderunt,
798 2515 813 2544 J
821 2515 908 2543 nstin.

208 2551 339 2580 XVIII.
360 2553 388 2580 3.
427 2553 531 2589 (Unde
550 2553 670 2582 Sidonia
692 2553 769 2581 Dido
791 2554 818 2588 l,
839 2554 907 2582 446.

213 2589 278 2627 W.)
316 2590 424 2656 Ιὶῗὶμιε
452 2591 552 2620 mirari
576 2593 647 2626 noli,
676 2592 826 2626 Sidonem,
848 2601 906 2620 non

207 2629 333 2666 Tyrum,
384 2640 483 2658 omero
493 2631 758 2660 memorari.—339
772 2631 907 2667 Sedfines

207 2666 311 2706 Libyci
331 2670 409 2702 sunt,
435 2668 463 2696 h.
486 2678 511 2696 e.
534 2673 612 2698 terra
631 2674 677 2698 est
694 2669 799 2707 Libyae
813 2679 904 2707 pars;

207 2707 298 2744 (fines
319 2715 400 2744 saepe
422 2716 474 2744 pro
497 2707 561 2744 ipsa
580 2709 699 2745 regione
712 2709 737 2745 3)
755 2708 902 2745 simulque

201 2746 275 2782 fines
288 2755 342 2785 pro
356 2745 471 2782 incolis,
490 2745 637 2784 Libybus,
651 2747 739 2779 dixit,
755 2747 805 2785 qui
821 2751 901 2777 erant

975 1081 1051 1122 Ille
1074 1081 1299 1135 Syehaeum

946 1202 1076 1241 populus
1091 1201 1266 1234 indomitus,
1283 1209 1370 1238 asper
1387 1203 1417 1228 et
1432 1199 1528 1228 sei-ox.
1569 1198 1648 1226 Nam

946 1241 983 1269 ad
999 1242 1121 1277 Libyes,
1136 1250 1191 1268 non
1206 1240 1243 1268 ad
1258 1239 1429 1272 Phoenices,
1444 1238 1500 1266 hoc
1511 1240 1646 1275 spectat:

944 1290 1033 1317 floreus
1054 1278 1233 1307 intractabile
1256 1277 1336 1311 bello,
1361 1275 1510 1308 indomiti,
1532 1275 1648 1304 invicti.

944 1319 1020 1347 Mox
1052 1317 1201 1356 imperium
1235 1317 1309 1354 reyit
1343 1315 1525 1353 exquisitius
1559 1324 1647 1351 quam

944 1361 1031 1386 tenet·
1050 1356 1094 1384 H.
1112 1358 1186 1393 fines
1208 1355 1320 1393 Libyci,
1336 1364 1436 1392 glenus.
1477 1353 1511 1381 In
1526 1352 1647 1390 apposi—

944 1396 1024 1424 tione
1038 1404 1093 1422 non
1109 1399 1263 1423 accuratus
1278 1393 1374 1426 Maro,
1390 1392 1452 1420 vid.
1466 1391 1522 1420 Ge.
1534 1391 1581 1424 II,
1595 1391 1646 1420 97.

944 1434 1013 1462 infr.
1027 1434 1055 1467 Ι,
1069 1434 1135 1462 533.
1148 1442 1237 1471 yemis
1252 1432 1282 1461 h.
1296 1431 1316 1459 l.
1330 1440 1388 1459 non
1400 1431 1437 1459 ad
1445 1431 1530 1466 fines,
1542 1430 1595 1458 sed
1610 1429 1649 1458 ad

945 1472 1048 1511 Libyci
1076 1476 1199 1510 spectat.
1242 1470 1409 1499 Dicendum
1432 1468 1554 1507 proprie
1573 1469 1650 1505 fines

945 1511 1145 1540 inhabitantur
1166 1521 1182 1538 a
1202 1510 1348 1547 Libybus,
1372 1518 1474 1546 genere
1495 1507 1578 1541 intr„
1597 1506 1648 1535 vel

947 1550 1021 1578 fines
1032 1550 1195 1578 inhabitant
1206 1548 1328 1586 Libyes,
1342 1557 1430 1584 yemis
1445 1546 1464 1575 ἱ.
1480 1545 1507 1574 I».
1547 1545 1650 1574 Simil-

946 1588 1016 1616 lima
1037 1587 1213 1626 negligentia
1227 1587 1297 1616 AEn.
1320 1586 1376 1620 lv,
1396 1587 1445 1614 40.
1484 1584 1564 1613 Hinc
1578 1584 1649 1613 Gae-

947 1627 1015 1655 tulae
1032 1627 1128 1661 urbes,
1147 1635 1232 1662 qenus
1253 1624 1442 1663 insuperabile
1469 1622 1550 1657 bello,
1570 1623 1595 1651 h.
1621 1633 1649 1652 e.

949 1666 1038 1694 urbes
1068 1659 1268 1698 Gaetulorum,
1294 1663 1408 1703 ρεπεν-ὼ·
1432 1661 1651 1700 imae—Mira

949 1704 1082 1733 brevitas
1097 1704 1126 1732 in
1142 1704 1235 1742 priori
1249 1713 1338 1731 versu
1359 1712 1415 1740 pro
1434 1701 1519 1730 vides
1536 1700 1650 1730 Punica

949 1753 1050 1779 regna,
1074 1743 1126 1771 ubi
1147 1742 1233 1780 Tyrii
1258 1745 1326 1770 sunt
1346 1745 1375 1769 et
1395 1741 1469 1769 urbs
1490 1739 1650 1775 Agenoris.

948 1781 1025 1809 Nam
1042 1782 1147 1809 urbem
1164 1781 1258 1819 ipsam
1272 1781 1394 1813 AEneas,
1411 1780 1461 1808 cui
1473 1778 1564 1807 media
1577 1777 1652 1806 silva

948 1824 1119 1848 occurrerat
1138 1824 1235 1848 mater
1255 1820 1335 1853 314„
1350 1819 1454 1847 videre
1469 1827 1525 1846 non
1541 1817 1650 1855 potuit.
1704 1842 1711 1847 .

948 1857 990 1885 Et
1003 1857 1070 1885 infr.
1085 1859 1153 1885 365.
1167 1867 1264 1886 cernes
1274 1857 1394 1886 dicitur.
1408 1856 1650 1886 W.—341—-344

946 1895 983 1923 In
1001 1905 1091 1932 prosa
1109 1896 1230 1923 dicunt:
1255 1895 1341 1932 longa
1361 1899 1406 1923 est
1421 1895 1566 1929 narratio3
1585 1903 1648 1922 rem

947 1934 1115 1962 summatim
1141 1943 1300 1971 exponam.
1350 1934 1449 1961 Etiam
1478 1933 1506 1960 in
1536 1931 1648 1960 talibus

946 1972 1095 2010 poeticam
1108 1971 1167 1999 vim
1182 1972 1451 2010 agnosce.fltsti9ia
1466 1974 1533 1999 sunt
1547 1980 1648 1999 rerum

947 2011 1053 2049 capita.
1094 2011 1310 2044 Nar-rationem,
1334 2020 1400 2047 quae
1414 2009 1561 2048 sequitur,
1575 2009 1648 2038 Jus-

947 2050 1025 2078 tinus
1049 2049 1243 2087 persequitur
1266 2049 1399 2083 XVIII,
1416 2050 1446 2077 4.
1463 2050 1491 2076 5.
1513 2049 1648 2086 (sequar,

949 2098 1107 2126 exponam.
1120 2089 1174 2116 Ge.
1188 2089 1235 2122 II,
1246 2089 1314 2116 434.
1324 2087 1394 2126 quid
1405 2087 1516 2124 mqjora
1524 2085 1650 2124 sequar?

952 2127 999 2156 W.
1006 2128 1116 2165 )—-344
1127 2127 1272 2164 Sychaeus
1284 2127 1452 2155 ditissimus
1466 2126 1542 2154 inter
1555 2125 1650 2154 Phoe-

947 2166 1028 2194 uices
1042 2166 1120 2205 agris
1131 2176 1154 2194 S.
1169 2175 1307 2204 agrorum
1323 2165 1522 2203 possessione.
1535 2163 1649 2193 miserae

949 2204 1076 2239 dilectas,
1091 2208 1125 2243 τῇ
1139 2208 1266 2243 σχετλίᾳ,
1289 2214 1343 2242 pro
1358 2215 1374 2232 a
1388 2204 1503 2238 misera,
1519 2203 1627 2232 Graece
1640 2213 1649 2239 ;

949 2247 979 2272 et
994 2244 1048 2271 hoe
1060 2253 1115 2281 pro
1127 2243 1162 2271 ab
1175 2254 1218 2277 ea,
1230 2247 1344 2271 ornate.
1356 2243 1399 2271 H.
1420 2242 1533 2271 Misera
1544 2241 1650 2280 appel-

949 2282 1038 2316 latur,
1054 2286 1157 2320 utpote
1175 2283 1278 2310 orbata
1298 2282 1403 2310 marito
1423 2286 1482 2310 tam
1502 2290 1581 2309 caro-
1602 2279 1648 2309 W.

948 2322 1043 2350 —345
1060 2321 1214 2355 Imm-tam,
1227 2321 1422 2349 Homericum
1434 2323 1564 2353 κουριδίην
1578 2322 1647 2346 ἅλο-

950 2372 999 2393 χον
1013 2359 1137 2397 pulchre
1152 2370 1343 2397 expressum,
1359 2358 1648 2397 primisquejuyarat

952 2398 1111 2432 Ominibus,
1130 2399 1158 2426 h.
1180 2409 1206 2427 e.
1230 2398 1353 2436 nuptiis,
1373 2408 1427 2436 pro
1447 2396 1554 2435 quibus
1578 2404 1648 2423 aus—

949 2437 1030 2474 picia
1050 2437 1193 2473 nuptialia
1217 2437 1275 2465 dici
1298 2437 1412 2472 solent3
1440 2435 1519 2464 unde
1541 2434 1649 2462 sumsit

948 2476 1053 2504 omina.
1075 2476 1216 2514 Propert.
1237 2476 1303 2509 ΙΙΙ,
1316 2476 1364 2510 20,
1385 2475 1433 2503 24.
1475 2472 1649 2514 Contineant

947 2514 1028 2542 nobis
1037 2514 1129 2542 omina
1139 2514 1236 2553 prima
1244 2515 1330 2551 fidem
1343 2523 1398 2552 pro
1410 2521 1517 2541 amore.
1530 2511 1648 2549 (ommi-

947 2552 998 2581 bus
1018 2558 1156 2582 notantur
1177 2554 1206 2582 h.
1227 2553 1248 2581 l.
1266 2554 1363 2582 fausta
1386 2550 1528 2593 auspicia.
1568 2550 1647 2578 Nam

945 2602 1006 2620 cum
1040 2592 1112 2620 bona
1145 2596 1259 2621 tantum
1289 2591 1370 2620 nubit
1400 2588 1468 2617 alite
1492 2597 1583 2625 vzryo,
1613 2593 1648 2616 ut

945 2630 1085 2660 Catullus
1112 2631 1152 2659 ait
1175 2632 1225 2664 61,
1251 2631 1297 2659 19.
1329 2627 1393 2665 W.)
1426 2628 1519 2656 Pater
1547 2631 1645 2656 autem

944 2670 1050 2703 Belus,
1071 2680 1109 2698 ex
1132 2671 1230 2708 poe'tae
1249 2667 1415 2697 narratione
1428 2677 1456 2695 v.
1478 2666 1646 2695 ezr—346

943 2708 1118 2742 Germanum,
1142 2709 1194 2737 int.
1215 2708 1292 2744 ejus,
1308 2706 1416 2739 Didus,
1437 2715 1503 2734 nam
1518 2704 1646 2747 tid-Huic

944 2758 972 2777 v.
988 2749 1055 2778 343.
1077 2748 1141 2777 haec
1164 2745 1319 2778 reserenda
1341 2749 1421 2775 sunt.
1460 2744 1540 2779 Quos
1556 2747 1643 2777 mter,
