1796 3077
613 213 883 253 AENEIDOS.
939 215 1039 253 LIB.
1069 218 1100 255 Ι.

148 332 467 391 Magnanimum
487 336 681 387 AEnean3
702 352 839 392 neque
855 352 921 378 me
942 338 1148 379 sententia
1162 341 1297 382 vertit.

146 390 232 433 Hic
252 394 344 447 (tibi
363 394 483 435 fabor
502 396 623 445 enim,
643 396 813 449 quando
834 395 926 436 haec
946 402 987 436 te
1006 410 1108 436 cura
1121 400 1344 449 remordet,

147 448 336 504 Longius
356 459 398 492 et
419 452 587 493 volvens
606 452 787 493 fatorum
802 466 955 493 arcana
973 453 1168 506 movebo)

146 505 312 548 Bellum
328 509 475 562 ingens
494 517 614 564 geret
634 510 769 559 Italia,
791 508 1055 564 populosque
1075 509 1238 552 feroces

143 561 389 606 contundet
405 583 414 615 3
437 581 657 620 moresque
672 567 770 608 viris
789 575 832 609 et
851 568 1006 607 moenia
1021 575 1163 622 ponet,

142 618 292 662 Tertia
312 622 413 663 dum
434 623 559 665 Latio
579 632 826 679 regnantem
844 625 996 666 viderit
1014 632 1150 674 aestas,
1509 631 1593 672 265

143 675 373 733 Ternaque
394 682 633 723 transierint
652 681 824 723 Rutulis
845 682 1022 723 hiberna
1042 683 1240 724 subactis.

142 734 205 775 At
223 751 331 790 puer
350 737 567 788 Ascanius,
589 739 657 780 cui
676 754 787 781 nunc
807 754 1040 794 cognomen
1061 739 1162 780 Julo

142 791 374 844 *Additum
398 795 501 847 (llus
520 802 624 844 erat,
646 796 747 836 dum
765 811 833 837 res
855 798 971 837 stetit
990 796 1068 837 Ilia
1087 799 1264 851 regnofiss

141 848 337 904 Triginta
356 867 529 906 magnos
549 852 763 893 volvendis
781 854 995 894 mensibus
1016 855 1140 894 orbes

140 906 324 961 Imperio
342 909 543 962 explebit,
571 924 834 963 regnumque
859 910 914 950 ab
934 910 1034 950 sede
1058 909 1209 950 Lavini

140 963 404 1014 Transferet,
424 973 467 1007 et
486 965 655 1020 longam
670 966 802 1007 multa
822 967 863 1007 vi
878 967 1037 1007 muniet
1058 966 1228 1009 Albam.

138 1020 226 1062 Hic
239 1022 329 1076 jam
349 1030 415 1063 ter
434 1030 603 1063 centum
622 1030 733 1064 totos
753 1024 1000 1077 regnabitur
1016 1038 1147 1064 annos

139 1078 282 1120 Gente
302 1080 380 1120 sub
400 1079 630 1129 Hectorea,
651 1080 785 1121 donec
801 1081 946 1135 regina
960 1081 1171 1131 sacerdos,

137 1225 182 1244 me
195 1216 336 1245 sententia
350 1217 436 1245 vertit
446 1226 455 1244 :
471 1216 509 1245 ad
520 1226 550 1246 v.
560 1217 628 1246 237.
638 1227 703 1255 quae
716 1221 753 1251 te,
760 1217 842 1255 yeni-

137 1258 194 1289 tor,
205 1254 345 1283 sententia
356 1255 453 1285 vertit.
474 1255 616 1285 Ceterum
632 1257 842 1294 magnanimus,

138 1297 172 1321 ut
185 1293 279 1322 semel
291 1304 473 1328 moneamus,
487 1294 563 1323 male
573 1295 610 1324 de
623 1304 767 1333 generosa
781 1294 842 1324 ani-

138 1331 179 1360 mi
199 1332 297 1361 indole
321 1333 488 1371 accipiunt;
510 1337 557 1362 est
575 1334 669 1371 fortis
683 1334 842 1368 animosus,

137 1380 176 1399 ex
199 1375 366 1407 μεγάθυμος,
392 1374 566 1407 μεγαλὴτωρ,
593 1382 660 1410 quae
683 1373 780 1401 omnia
804 1373 842 1401 ad

137 1409 275 1439 bellicam
290 1411 433 1439 virtutem
446 1411 723 1439 referenda.—·262
738 1411 840 1448 Quan-

139 1448 302 1486 doquidem
324 1449 389 1478 haec
413 1459 486 1478 cura
508 1453 537 1478 te
562 1449 691 1484 mordet,
716 1450 841 1485 cruciat,

80 1486 84 1489 '
138 1496 202 1515 rem
217 1487 273 1516 tibi
288 1497 446 1526 exponam,
467 1492 498 1517 et
511 1489 572 1517 fata
585 1488 675 1517 altius
697 1493 841 1527 repetam.

137 1525 235 1555 Usum
249 1527 334 1556 verbi
347 1537 457 1556 movero
466 1527 613 1565 exemplis
622 1528 697 1556 bene
711 1528 841 1557 declara-

138 1564 184 1592 vit
200 1565 329 1594 Beutlei.
345 1566 382 1594 ad
401 1565 511 1595 Horat.
529 1566 606 1599 III„
626 1566 726 1594 Carm.
744 1568 773 1600 7,
792 1568 841 1595 20.

138 1603 230 1632 Ratio
245 1604 309 1633 haec
323 1608 380 1638 est,
395 1605 485 1643 quod,
496 1614 563 1643 quae
574 1604 765 1642 proferimus,
780 1615 841 1634 ma-

136 1641 244 1671 nifesta
266 1643 404 1677 facimus,
425 1643 622 1675 declaramus,
647 1643 760 1681 Iouyius
780 1643 840 1671 vol-

135 1690 214 1715 vens,
230 1681 381 1715 evolvens,
395 1685 547 1720 repetens.
585 1681 685 1714 Italia,
698 1682 726 1709 in
742 1682 839 1717 Italia,

136 1729 218 1749 more
240 1721 417 1749 Graecorum
443 1720 585 1758 adoptato
611 1730 628 1748 a
649 1720 788 1759 Virgilio,
811 1726 840 1750 et

137 1758 204 1786 hinc
233 1760 270 1787 ab
299 1759 377 1793 aliis,
395 1758 517 1797 populos
529 1761 645 1796 feroces
670 1760 838 1788 contundet:

137 1797 224 1825 vides
237 1797 343 1834 proelia
356 1807 422 1826 cum
439 1798 563 1827 Rutulis
585 1802 615 1826 et
631 1798 770 1826 Etruscis
788 1809 842 1836 per

136 1835 296 1864 victoriam
312 1836 470 1865 declarari.
509 1836 553 1865 H.
570 1836 618 1865 Cf.
639 1836 710 1864 Liv.
727 1838 777 1870 27,
795 1839 841 1866 12.

135 1873 306 1903 adhortatus
319 1875 424 1904 milites
438 1874 634 1913 (Hannibal),
646 1879 688 1908 ut,
702 1885 842 1904 memores

139 1912 304 1942 Trasimeui
325 1914 558 1952 Cannarumque,
572 1914 775 1942 contunderent
790 1916 839 1952 fe-

134 1951 244 1980 rociam
264 1951 364 1981 hostis.
391 1953 436 1982 W.
451 1953 668 1982 —261—2615
690 1963 840 1992 moresque

137 1989 210 2019 viris
228 1995 256 2019 et
269 1991 374 2019 moenia
388 1996 487 2030 ponet,
506 1992 610 2019 urbem
626 1991 735 2020 condet
750 1992 839 2021 Lavi-

134 2028 228 2063 nium,
239 2034 268 2059 et
280 2039 390 2058 novum
399 2030 560 2069 imperium
569 2030 708 2059 fundabit
721 2031 839 2069 legibus

134 2067 250 2103 (mores
264 2070 374 2108 ponet)
396 2080 452 2108 per
479 2069 555 2098 illud
584 2069 755 2103 triennium,
779 2080 838 2108 quo

135 2115 261 2146 regnum
275 2108 397 2137 tenebit.
425 2110 503 2138 Haec
519 2112 602 2136 ornat
616 2119 622 2137 z
648 2109 747 2137 Tertia
761 2109 837 2143 dum,

135 2145 165 2173 h.
182 2157 209 2175 e.
222 2146 318 2174 donec.
334 2151 416 2176 lerna
431 2147 560 2181 hiberna,
575 2157 630 2185 pro
646 2147 839 2176 hibernorum

136 2184 252 2223 (malim
274 2185 418 2214 hibernis.
443 2186 511 2225 W.)
533 2187 731 2224 temporibus,
757 2186 786 2214 h.
812 2196 839 2214 e.

136 2226 199 2252 tres
212 2223 334 2256 hiemes,
349 2223 468 2253 Rutulis
481 2223 617 2258 subactis,
640 2226 739 2254 Turno
757 2225 838 2253 victo

137 2271 172 2290 ac
185 2272 277 2290 caeso.
298 2261 342 2290 H.
364 2262 481 2291 Rutulis
493 2263 629 2296 subactis,
651 2273 723 2292 casu
747 2264 838 2293 tertio

135 2310 191 2339 pro
207 2305 274 2340 post
292 2299 424 2330 Rutulos
444 2303 605 2337 subactos3
628 2312 695 2340 quae
711 2303 739 2331 in
762 2307 838 2331 tem·

136 2349 212 2379 pore
227 2338 354 2369 notando
369 2340 489 2378 elegans
513 2344 663 2369 structura
684 2346 732 2370 est
758 2341 839 2379 apud

140 2379 302 2408 Demostll·
325 2376 354 2405 in
382 2379 460 2408 lssid.
493 2382 677 2414 μαρτυροῦμεν
708 2383 756 2413 ἤδη
793 2382 839 2419 τῇ,

137 2424 221 2454 κρίσει
250 2421 337 2456 ἐκείνῃ
358 2422 535 2452 διαγεγονότα
558 2420 605 2449 ἔτη
631 2421 701 2458 brt-:145
731 2429 758 2447 c.
789 2420 840 2448 24.

137 2467 168 2496 p.
181 2458 231 2486 44.
244 2468 283 2486 ex
297 2457 430 2488 editione
452 2455 633 2495 Spaldingii,
649 2458 700 2495 qui
714 2468 749 2486 ea
762 2458 838 2487 male

137 2496 269 2526 offensus
283 2502 331 2526 est
347 2496 389 2525 ibi
405 2498 566 2524 structura.
605 2495 687 2524 Add.
701 2497 840 2535 Thucyd.

138 2536 167 2569 1,
189 2537 218 2565 3.
239 2536 319 2565 med.
349 2534 582 2565 W--Mox-v-
605 2533 665 2562 268
690 2540 840 2573 suspectae

137 2573 208 2603 fidei
227 2574 393 2609 habendus,
413 2573 479 2602 dum
496 2582 544 2600 res
565 2571 645 2599 stetit
662 2572 722 2601 Ilia
743 2583 841 2612 reyuo,

139 2612 211 2641 dum
240 2623 364 2653 regnum
397 2613 556 2650 Trojanum
588 2609 647 2637 fuit
685 2611 842 2641 incolume.

136 2659 235 2688 reqma,
251 2653 306 2681 sub
320 2652 457 2691 regibus.
478 2649 522 2679 H.
543 2647 622 2676 Vide
645 2657 679 2676 an
701 2649 844 2680 Latinita-

140 2692 202 2717 tem
213 2699 261 2718 res
276 2691 356 2719 stetit
370 2700 458 2729 reyno
469 2687 614 2718 defendas
630 2696 668 2715 ex
690 2688 756 2719 Liv.
771 2690 800 2722 l,
815 2691 845 2718 3.

142 2726 243 2756 Tutela
269 2728 403 2759 muliebri
428 2739 474 2758 res
504 2726 741 2757 Latina—stetit.
772 2728 843 2758 Tae.

883 1218 961 1246 Ann.
972 1218 1000 1251 Ι,
1015 1218 1044 1246 9.
1064 1217 1304 1247 W.—269—271
1321 1219 1490 1259 Trigesimo
1504 1223 1594 1261 regni

882 1265 958 1284 anno
974 1257 1122 1285 Ascanius
1136 1256 1244 1286 Albam
1261 1258 1395 1296 Longam
1408 1261 1591 1296 condidisse,

883 1296 1047 1334 sedemque
1059 1296 1144 1334 regni
1156 1306 1173 1324 a
1183 1296 1309 1324 Lavinio
1322 1298 1352 1325 in
1366 1307 1474 1327 novam
1486 1300 1592 1328 urbem

882 1334 1074 1363 transtulisse
1108 1334 1248 1364 traditur.
1302 1335 1403 1371 Quem
1434 1337 1459 1366 si
1486 1339 1591 1367 verbis

883 1382 1004 1401 sensum
1021 1373 1120 1402 inesse
1135 1373 1240 1407 voluit,
1266 1375 1385 1411 antique
1408 1376 1528 1405 locutus
1545 1382 1593 1406 est.

882 1413 971 1449 poeta
981 1421 1036 1449 pro
1050 1422 1057 1440 ;
1080 1412 1229 1440 Ascanius
1241 1411 1349 1441 XXX
1359 1423 1450 1442 annos
1464 1415 1591 1453 imperio

882 1450 1027 1488 explebit,
1042 1460 1103 1478 cum
1114 1460 1236 1489 regnum
1251 1452 1423 1481 transferet.
1447 1453 1479 1481 Si
1493 1456 1591 1483 tamen

883 1490 919 1517 ad
935 1498 1121 1518 communem
1132 1489 1356 1527 grammaticam
1365 1491 1510 1520 rationem
1522 1502 1591 1521 ver-

882 1528 920 1556 ba
937 1528 1059 1565 accipi&
1079 1528 1152 1556 nihil
1174 1528 1280 1556 definit
1297 1529 1399 1566 poeta,
1423 1530 1476 1558 sed
1491 1530 1590 1559 Asca-

882 1566 966 1594 nium
982 1566 1087 1594 XXX
1102 1576 1192 1595 annos
1217 1576 1283 1594 esse
1297 1571 1504 1604 regnaturum,
1517 1572 1547 1597 et
1562 1569 1591 1598 in

882 1604 937 1633 hoc
950 1605 1036 1643 regni
1049 1608 1183 1642 tempore
1202 1605 1307 1633 urbem
1327 1615 1435 1634 novam
1451 1607 1590 1636 conditu-

880 1653 945 1671 rum
962 1644 1012 1671 ait.
1053 1643 1112 1671 Sed
1124 1643 1208 1681 prins
1220 1653 1287 1671 cum
1301 1645 1401 1681 poe'tae
1419 1645 1588 1675 rationibus

879 1682 1019 1710 convenit
1032 1692 1039 1717 ;
1052 1682 1128 1710 conf.
1140 1682 1193 1710 inf.
1206 1682 1304 1716 VIII,
1314 1682 1362 1710 42.
1377 1684 1426 1712 47.
1435 1684 1483 1712 48.
1495 1684 1589 1719 orbes,

879 1730 980 1755 annos,
1006 1730 1135 1759 maynos,
1156 1721 1273 1759 longos,
1296 1725 1330 1749 ut
1349 1721 1430 1757 alibi,
1454 1722 1590 1760 epitheto

879 1769 917 1787 ex
932 1765 1040 1788 natura
1064 1759 1128 1787 anni
1150 1759 1323 1796 depromto,
1348 1765 1494 1798 quatenus
1520 1762 1589 1800 plu-

882 1797 957 1826 rium
972 1797 1117 1826 mensium
1143 1798 1241 1836 spatia
1255 1799 1487 1835 comprehendit.
1528 1801 1588 1829 Ar-

883 1840 1006 1871 gutatur
1014 1836 1156 1864 macrob.
1170 1837 1199 1864 in
1215 1837 1315 1865 Somn.
1331 1837 1413 1875 Scip.
1427 1837 1478 1871 II,
1492 1839 1541 1868 11.
1558 1843 1589 1868 et

881 1875 967 1904 Serv.
982 1885 1050 1903 cnm
1071 1875 1138 1903 aliis
1159 1875 1374 1913 interpretibus
1389 1876 1418 1904 in
1438 1877 1467 1904 h.
1480 1887 1510 1905 v.
1550 1877 1588 1906 In

882 1913 950 1943 Ecl.
979 1914 1036 1948 IV,
1061 1914 1108 1942 12.
1135 1914 1232 1951 mayui
1257 1924 1368 1942 menses
1389 1915 1450 1943 vim
1475 1915 1589 1945 habere

880 1956 1007 1991 possunt
1020 1963 1035 1980 e
1048 1952 1166 1990 reliqua
1178 1953 1323 1985 oratione,
1343 1957 1378 1981 ut
1393 1963 1514 1991 magnus
1534 1963 1590 1982 cm-

880 2002 944 2024 uus.
957 1991 1057 2029 ‘magyni
1067 1991 1139 2026 dies,
1159 1992 1229 2029 quia
1242 1991 1346 2019 multis
1363 1993 1500 2029 partibus
1515 2003 1587 2021 con-

881 2035 971 2064 stant,
991 2029 1085 2058 multa
1100 2040 1222 2058 numero
1241 2031 1507 2068 comprehendunt.
1527 2032 1588 2060 vol-

878 2069 976 2097 vendis
990 2067 1141 2102 mensibus,
1155 2068 1209 2106 qui
1219 2068 1391 2103 volvuntur,
1406 2069 1530 2097 volvunt
1543 2080 1588 2098 se.

878 2107 984 2136 muniet
999 2107 1181 2147 exquisitius
1197 2116 1286 2144 quam
1298 2111 1435 2135 exstruet.
1445 2107 1535 2135 multet
1545 2108 1586 2143 vi,

878 2145 994 2185 magnis
1009 2146 1130 2183 opibus,
1140 2154 1245 2183 magno
1257 2144 1410 2172 hominum
1424 2155 1586 2184 rerumque

879 2179 1133 2223 apparatu.——272
1159 2184 1220 2212 Per
1244 2183 1323 2212 CCC
1347 2192 1438 2211 annos
1460 2193 1545 2223 reges
1568 2195 1586 2213 e

879 2225 1007 2261 Trojana
1015 2222 1107 2260 stirpe
1117 2222 1203 2251 Alhae
1214 2222 1324 2260 Longae
1336 2231 1403 2250 esse
1411 2227 1586 2260 regnaturos

879 2263 920 2292 ait
939 2263 976 2291 ad
999 2261 1163 2290 Romulum
1189 2270 1295 2297 usque.
1337 2259 1417 2288 Gens
1438 2260 1587 2290 Hectorea

878 2306 925 2330 est
948 2301 1075 2338 Trojana
1099 2297 1208 2337 simpL,
1229 2302 1262 2327 ut
1285 2299 1325 2334 V,
1349 2299 1417 2328 190.
1446 2299 1589 2328 Hectorei

878 2339 959 2369 socii.
1000 2340 1049 2368 Ex
1069 2338 1198 2375 Trojana
1220 2337 1326 2366 saltem
1348 2337 1454 2376 stirpe,
1478 2338 1503 2367 si
1529 2348 1586 2367 non

879 2388 981 2407 omnes
996 2388 1034 2407 ex
1048 2377 1152 2406 AEneae
1168 2376 1319 2414 prosapia,
1331 2376 1450 2405 oriundi
1463 2376 1587 2406 fuerunt

879 2427 979 2456 regeS,
988 2416 1040 2455 qui
1050 2416 1136 2445 Albae
1147 2415 1258 2454 Longae
1272 2415 1466 2453 imperarunt,
1479 2425 1585 2454 quam-

879 2466 967 2495 quam
983 2455 1035 2484 illa
1048 2465 1105 2483 non
1127 2454 1215 2482 modo
1237 2454 1394 2492 Trojanos,
1416 2454 1471 2483 sed
1494 2455 1587 2483 etiam

880 2495 1001 2525 Latinos
1020 2493 1200 2531 Aborigines
1216 2492 1322 2521 habuit
1342 2492 1464 2522 incolas.
1481 2503 1586 2531 reyna-

880 2535 956 2563 bitar
969 2531 1020 2561 sub
1032 2535 1115 2570 yeme
1128 2531 1284 2564 Hectorea,
1298 2541 1422 2569 regnum
1435 2532 1587 2560 tenebitur

882 2583 898 2602 a
913 2572 1036 2609 regibus
1049 2570 1186 2608 Trojanae
1199 2569 1315 2607 stirpis,
1335 2569 1420 2606 XII,
1431 2571 1500 2600 826.
1536 2569 1586 2598 Sit

882 2611 997 2641 Latium
1011 2619 1022 2646 ‚·
1043 2609 1100 2637 sint
1112 2607 1223 2638 Albam·
1231 2617 1284 2646 per
1298 2608 1404 2637 saecula
1422 2619 1505 2648 reyes
1525 2612 1586 2636 etc.

884 2650 928 2688 (Si
940 2649 1012 2688 quid
1029 2647 1127 2682 video,
1148 2647 1177 2676 h.
1190 2647 1212 2675 l.
1223 2646 1388 2686 improprie
1403 2646 1523 2676 locutus
1538 2649 1588 2689 est

885 2690 983 2718 Maro.
1025 2686 1161 2724 Namque
1185 2695 1242 2714 non
1263 2686 1363 2723 agitur
1388 2687 1425 2715 de
1448 2685 1586 2722 Trojams

887 2728 932 2758 vel
955 2725 1111 2761 Romanis,
1131 2724 1182 2764 qui
1195 2735 1265 2767 qens
1278 2725 1424 2755 Hectorea
1437 2721 1588 2762 appellan-

1284 2779 1370 2818 Gg
