1796 3077
176 227 267 273 204
599 221 643 258 P.
673 218 905 258 VIRGILH
937 218 1188 257 MARoms

177 342 265 390 Qui
283 343 358 384 tibi
378 357 488 384 nunc
508 342 649 383 viridis
670 341 905 395 depascunt
926 353 1085 379 summa
1107 338 1264 393 Lycaei,

174 399 342 455 Delige‚
364 408 405 441 et
425 401 578 441 intacta
599 398 775 438 totidem
795 397 954 438 cervice
969 396 1186 449 juvencas.
1539 393 1624 434 540

174 455 371 504 Quatuor
389 457 452 497 his
473 471 566 497 aras
587 454 671 495 alta
691 454 746 494 ad
766 453 942 494 delubra
965 453 1139 493 dearum

175 513 406 563 Constitue,
428 521 469 554 et
491 526 655 553 sacrum
668 510 828 566 jugulis
849 510 1021 550 demitte
1042 523 1254 558 cruorem3

175 570 450 625 Corporaque
470 570 561 623 ipsa
580 569 709 610 boum
729 567 930 608 frondoso
950 566 1096 607 desere
1116 564 1226 606 luco.

172 626 289 676 Post,
315 627 387 667 ubi
408 641 517 667 nona
537 640 634 667 suos
655 624 825 666 Aurora
846 623 1076 664 ostenderit
1096 630 1227 671 ortus,

172 683 348 724 Inferias
371 682 537 737 Orphei
558 681 737 723 Lethaea
757 694 968 735 papavera
988 680 1139 728 mittes,
1540 677 1625 717 545

173 740 387 781 Placatam
409 739 654 794 Eurydicen
675 738 803 779 vitula
823 737 1077 778 venerabere
1098 750 1219 785 caesa,

171 796 232 841 ,Et
252 797 413 851 nigram
434 797 635 838 mactabis
656 810 785 844 ovem,
806 793 1030 847 lucumque
1050 793 1218 833 revises.

229 853 361 894 Haud
381 869 498 894 mora
515 871 524 902 3
547 853 746 894 continuo
767 851 909 892 matris
930 858 1144 904 praecepta
1165 848 1347 890 facessit.

177 910 244 951 Ad
267 910 443 951 delubra
462 910 598 959 venit3
621 916 871 950 monstratas
893 908 1047 947 excitat
1069 921 1180 955 aras3

173 967 369 1014 Quattuor
389 968 562 1008 eximios
582 965 799 1020 praestanti
819 978 995 1017 corpore
1017 971 1160 1003 tauros
1542 959 1627 999 550

177 1024 319 1074 Ducit,
341 1032 383 1065 et
401 1025 557 1065 intacta
577 1023 752 1063 totidem
772 1021 933 1062 cervice
948 1020 1164 1073 juvencas.

174 1080 290 1130 Post,
311 1082 384 1122 ubi
405 1095 515 1121 nona
537 1094 634 1120 suos
653 1078 823 1120 Aurora
844 1076 1069 1117 induxerat
1091 1084 1220 1124 ortuS,

175 1137 348 1178 Inferias
371 1137 538 1191 Orphei
558 1136 696 1184 mittit,
717 1135 942 1186 lucumque
964 1133 1117 1173 revisit.

174 1192 259 1235 Hic
280 1209 379 1235 vero
401 1194 584 1234 subitum
606 1207 654 1234 ac
675 1192 791 1232 dictu
811 1189 998 1230 mirabile
1018 1195 1248 1229 monstrum

178 1251 411 1305 Aspiciunt,
433 1249 657 1303 liquefacta
677 1250 805 1289 boum
826 1260 902 1301 per
922 1246 1080 1286 viscera
1102 1253 1191 1286 toto
1547 1243 1628 1282 555

175 1307 363 1348 Sti-idere
383 1321 484 1361 apes
506 1313 639 1355 utero,
661 1312 703 1346 et
723 1304 858 1358 ruptis
880 1301 1082 1344 effervere
1102 1301 1249 1349 costis;

178 1362 487 1417 Immensasque
509 1363 619 1403 trahi
639 1362 796 1409 nubes3
821 1360 992 1414 jamque
1013 1360 1163 1400 arbore
1184 1371 1343 1399 summa

175 1420 413 1469 Confluere,
433 1428 475 1461 et
495 1418 616 1461 lentis
637 1432 760 1458 svam
781 1416 1000 1457 demittere
1022 1415 1160 1455 ramis.

231 1477 340 1519 Haec
361 1491 488 1531 super
508 1490 702 1517 arvorum
720 1472 836 1516 cultu
854 1487 1139 1528 pecorumque
1159 1471 1373 1520 canebam,

176 1533 237 1574 Et
257 1549 383 1588 super
404 1533 639 1582 arboribus,
662 1531 805 1572 Caesar
826 1530 925 1571 dum
947 1544 1122 1583 magnus
1144 1529 1199 1570 ad
1219 1527 1348 1569 altum
1548 1525 1631 1565 060

176 1589 385 1631 Fulminat
408 1589 662 1644 Euphraten
677 1587 803 1637 bello,
823 1602 838 1626 x
851 1593 1040 1639 retorque
1059 1585 1245 1626 volentes

176 1647 260 1688 Per
281 1646 459 1702 populos
482 1647 555 1687 dat
571 1647 681 1701 jura,
704 1645 896 1698 viamque
918 1642 1089 1684 affectat
1111 1641 1311 1697 Olympo.

175 1704 252 1745 Illo
272 1704 498 1759 Virgilium
517 1718 583 1744 me
604 1710 793 1757 tempore
817 1700 950 1742 dulcis
973 1698 1113 1741 alebat

920 1819 1008 1849 alteri
1023 1819 1177 1848 Placatam
1193 1817 1373 1856 Eurydicen.
1414 1816 1472 1846 Cui
1489 1817 1586 1846 ordini
1600 1818 1630 1846 in

920 1857 1047 1886 lectione
1063 1857 1183 1895 vulgata
1199 1865 1267 1884 cum
1284 1856 1315 1884 id
1334 1856 1446 1890 obstet,
1469 1857 1550 1894 quod
1566 1861 1631 1884 tum

921 1896 1013 1923 verba
1028 1895 1145 1928 revises,
1159 1893 1330 1922 venerabere
1350 1894 1547 1931 nullojuncta
1562 1899 1631 1922 sunt

922 1933 1054 1968 vinculo,
1083 1934 1154 1961 hanc
1179 1932 1387 1960 difficultatem
1416 1931 1458 1959 H.
1488 1932 1630 1966 vossius,

921 1972 1049 2000 lectione
1061 1972 1149 2000 unius
1160 1970 1207 1999 vel
1219 1970 1348 1998 duorum
1356 1969 1492 1998 codicum
1504 1970 1631 1998 revisens

920 2015 1054 2048 recepta,
1070 2009 1239 2047 expedivit.
1251 2008 1402 2046 Equidem
1416 2008 1549 2036 ordinem
1563 2019 1630 2037 ver-

921 2059 1007 2077 suum
1019 2049 1061 2077 ita
1072 2048 1236 2077 faciendum
1249 2057 1316 2076 esse
1329 2047 1444 2085 conjeci
1457 2057 1463 2075 2
1475 2046 1630 2075 Placalam

919 2085 1258 2125 Eurydicen—Inferias
1273 2085 1466 2123 Orphei—Et
1481 2085 1605 2124 nigram.

174 1825 232 1853 539
244 1824 280 1853 In
293 1824 407 1861 Lycoeo.
429 1821 567 1851 Aroadiae
582 1824 652 1849 noto
666 1824 777 1852 monte,
794 1819 879 1848 Aris-

175 1866 252 1891 taeus
267 1867 396 1891 armenta
409 1871 485 1889 nunc
497 1861 608 1889 habere
622 1863 770 1892 narratur,
787 1861 818 1886 ut
831 1867 880 1886 su-

174 1911 229 1938 pra
236 1900 397 1929 Arcadium
408 1900 527 1928 heroem
537 1898 670 1927 ediderat
677 1907 705 1925 v.
713 1897 880 1926 283.—540

174 1940 282 1967 intacta
292 1938 407 1972 cervice,
413 1939 498 1976 jugo,
506 1942 540 1966 ut
548 1936 745 1965 toties—541
753 1935 881 1969 dearum,

175 1978 384 2016 Nympharum
402 1987 430 2005 v.
445 1978 513 2005 532.
554 1975 664 2004 Omnia
679 1974 709 2002 in
724 1974 779 2002 hoc
791 1982 881 2001 versu

175 2016 297 2055 proprie
314 2015 482 2044 diota—ad
491 2014 609 2043 delubra
622 2016 795 2042 statuuntur
810 2021 880 2046 arae,

176 2060 243 2084 ante
259 2054 413 2092 templum,
427 2055 456 2082 in
473 2057 580 2092 προνάῳ
592 2062 631 2081 ex
645 2061 727 2080 more
739 2060 746 2085 ς
762 2049 881 2079 delubra

174 2093 249 2129 ulta,
259 2093 328 2131 quia
335 2092 478 2131 gradibus
488 2091 704 2120 ascendebatur
713 2089 750 2118 ad
759 2088 880 2127 templa.

176 2142 290 2161 ——nonu
302 2131 434 2161 Aurora.
474 2131 567 2160 Haud
577 2130 639 2158 scio
653 2138 689 2158 an
703 2128 882 2166 cogitaverit

176 2173 267 2209 polita
291 2171 328 2199 de
352 2180 435 2198 sacro
458 2168 639 2202 novemdiali,
661 2167 723 2196 vid.
745 2167 817 2196 Not.
841 2166 881 2195 ad

179 2210 248 2239 [Eu.
269 2209 310 2237 V.
324 2209 372 2237 54.
394 2208 438 2237 Η.
461 2208 560 2236 Graeci
581 2210 690 2235 vocant
710 2209 745 2234 τὰ
771 2208 879 2234 {vva-m.

182 2247 229 2276 Hs.
268 2248 325 2275 545
339 2247 446 2276 Mittes
463 2245 577 2285 Orphei
591 2245 744 2283 (Orphio)
766 2244 886 2272 inferias

176 2297 192 2314 e
208 2285 340 2314 Lethaeis
353 2286 566 2323 papaveribus.
576 2284 710 2312 „su—546
720 2282 884 2316 Placatam,

177 2335 245 2363 quae
265 2334 301 2352 eo
321 2325 408 2352 modo
423 2324 479 2353 erit
497 2323 622 2361 placata.
643 2322 687 2352 H.
733 2321 797 2351 Alii
816 2321 884 2359 pla-

175 2368 267 2391 catam
276 2363 511 2400 interpretantur
518 2362 570 2390 illo
580 2361 789 2400 Nympharum
797 2369 882 2388 sacro

177 2401 265 2430 simul
278 2401 436 2439 placatam,
458 2400 680 2439 camplacatam
691 2409 747 2438 pro
761 2399 880 2437 placan-

176 2441 242 2468 dam
257 2440 447 2478 grammatica
456 2444 590 2477 respuat.
616 2438 761 2468 W.—547
772 2437 881 2466 lucum-

175 2490 229 2517 que
244 2477 360 2507 revise&
410 2479 488 2507 Nam
500 2488 539 2507 ex
554 2488 607 2516 seq
631 2498 638 2505 .
653 2481 789 2515 apparet,
805 2475 880 2504 iufe-

176 2518 236 2546 rias
250 2516 401 2545 faciendas
413 2516 505 2545 fuisse
518 2517 584 2545 loco
627 2516 675 2552 io3
690 2521 753 2544 tum
766 2521 879 2547 autem,

175 2556 288 2585 inferiis
313 2555 411 2587 factis,
441 2555 492 2584 ille
512 2555 611 2583 revisit
632 2554 735 2588 lucum,
762 2554 793 2582 in
819 2562 879 2591 quo

175 2595 273 2623 sanum
287 2594 499 2632 Nympharum
512 2599 586 2626 erat,
604 2593 640 2622 ad
653 2593 732 2631 qnod
746 2591 879 2621 victimae

176 2643 264 2662 caesae
277 2633 392 2661 fuerant
404 2632 527 2660 relictae.
559 2632 708 2669 Displicet
720 2631 877 2669 Orpheum

177 2681 234 2700 nou
247 2671 303 2700 nisi
315 2680 463 2710 papavere
476 2670 598 2707 placari.
619 2670 791 2708 Eurydicen
805 2678 876 2697 vero

176 2720 189 2737 ι
199 2710 272 2738 itula
286 2714 315 2738 et
326 2719 392 2739 ove.
422 2709 463 2737 Et
475 2708 591 2736 variant
604 2709 736 2743 codices,
751 2717 874 2746 quorum

175 2758 244 2785 pars
267 2749 360 2786 major
383 2756 504 2776 versum
526 2746 568 2775 Et
588 2747 700 2785 niqram
727 2746 876 2785 praeponit

958 2128 1016 2155 550
1030 2136 1075 2164 sq.
1092 2125 1205 2154 Iisdem
1223 2124 1325 2152 verbis
1339 2125 1425 2153 Maro
1438 2123 1545 2158 utitur,
1563 2124 1629 2162 qui-

918 2164 976 2193 bus
990 2164 1093 2203 paullo
1105 2168 1182 2198 ante,
1198 2162 1359 2191 Homerico
1372 2173 1454 2191 mure
1464 2173 1471 2199 ;
1483 2164 1570 2200 cujus
1581 2173 1629 2191 ra-

919 2203 962 2232 tio
976 2203 1040 2232 haec
1055 2202 1185 2232 tenenda
1200 2206 1258 2235 est,
1271 2212 1306 2230 ne
1320 2201 1412 2230 semel
1428 2202 1504 2230 bene
1517 2205 1546 2230 et
1558 2211 1628 2239 pro-

925 2242 990 2280 prie
1004 2241 1156 2270 enuntiata
1164 2241 1205 2278 jej
1212 2250 1267 2269 une
1281 2245 1333 2269 aut
1347 2249 1399 2278 per
1424 2249 1503 2268 eram
1514 2245 1629 2268 muten-

926 2285 984 2314 tur,
1007 2281 1044 2309 οἵ.
1067 2279 1166 2309 Bentl.
1186 2280 1223 2308 ad
1244 2279 1365 2307 Milton.
1389 2303 1402 2307 -
1426 2301 1434 2312 ,
1457 2279 1628 2307 losa—H.

924 2320 982 2348 549
992 2319 1117 2348 excitare
1128 2327 1182 2355 pro
1194 2318 1310 2356 erigere
1320 2322 1367 2346 est
1375 2317 1464 2346 etiam
1476 2317 1629 2355 pedestre.

925 2358 1041 2386 Callim-
1057 2357 1086 2386 in
1098 2357 1187 2386 DIan.
1202 2358 1267 2386 199.
1280 2358 1464 2390 ἀνεστήσαντο
1475 2358 1505 2384 δὲ
1517 2359 1628 2391 βωμούς

928 2396 974 2426 W.
988 2397 1045 2425 554
1059 2400 1228 2430 monstrum,
1241 2405 1295 2434 pro
1307 2405 1339 2424 re
1352 2399 1530 2427 monstrosa,
1542 2393 1628 2421 mira.

920 2437 1016 2464 -555
1038 2434 1192 2473 liquefacta
1207 2445 1263 2472 per
1282 2433 1404 2467 viscera,
1425 2433 1503 2466 tabe,
1525 2435 1626 2469 putre-

921 2474 1000 2508 dine,
1012 2474 1172 2502 dissoluta.
1187 2473 1250 2502 ΠΗ.
1266 2483 1334 2510 sup.
1350 2483 1378 2501 v.
1392 2471 1459 2500 308.
1480 2470 1626 2507 effervere,

919 2515 1036 2547 ἐκζέσαι,
1059 2522 1127 2541 voc.
1150 2512 1362 2541 Lucretianum
1386 2509 1432 2543 11,
1457 2509 1625 2537 &zv—557

916 2551 1005 2580 nubes
1030 2551 1118 2585 trahi,
1139 2561 1214 2579 nova
1239 2549 1386 2580 examina.
1410 2547 1488 2576 conf.
1510 2547 1548 2575 ad
1569 2547 1624 2575 hos

918 2599 1024 2619 versus
1046 2590 1191 2618 Nicandr.
1213 2587 1355 2626 Alexiph.
1376 2586 1446 2620 443,
1469 2596 1548 2623 sqq.,
1572 2585 1625 2614 ubi

916 2630 953 2658 de
966 2629 1215 2667 papavere—558
1231 2630 1360 2662 Βοτρυὸὸν
1375 2625 1442 2663 (ΙΙ.
1456 2629 1490 2661 β,
1501 2625 1556 2662 89)
1573 2625 1623 2652 ad-

917 2668 1042 2696 haesisse
1057 2667 1168 2696 arbori.

955 2708 1013 2735 559
1024 2715 1224 2744 pecorumque,
1245 2704 1273 2732 in
1292 2703 1338 2731 his
1361 2702 1398 2730 de
1419 2700 1503 2729 cultu
1523 2711 1623 2739 apum.

916 2746 1092 2774 7221.—561.
1102 2746 1158 2773 562
1168 2743 1289 2771 volentes
1296 2739 1486 2779 perpopulos,
1497 2749 1624 2778 quorum
