1796 3077
213 199 303 244 106

672 197 714 235 Ρ.
744 197 976 235 VIRGILII
1008 197 1257 235 MARONIS

269 316 430 371 Sponte
451 331 522 358 sua
545 331 640 371 quae
661 331 704 358 se
723 317 872 357 tollunt
891 317 933 357 in
952 317 1115 358 luminis
1132 332 1238 368 oras,

211 371 444 416 Infecunda
463 374 643 428 quidem,
675 374 750 414 sed
771 373 867 414 laeta
886 380 928 414 et
948 373 1073 414 fortia
1093 381 1295 429 surgunt3

213 431 386 486 Quippe
406 430 493 471 solo
514 437 663 470 natura
684 430 842 471 subest.

903 429 1068 472 Tamen
1088 430 1180 472 haec
1201 447 1382 486 quoque,
1414 433 1447 473 si
1468 434 1560 487 quis

211 487 387 536 Inserat,
417 494 489 527 aut
505 487 723 527 scrobibus
743 487 913 528 mandet
931 495 1092 528 mutata
1112 489 1308 538 subactis,
1606 489 1662 529 50

212 544 422 586 Exuerint
442 543 671 585 silvestrem
691 544 884 593 animum,
915 544 1115 598 cultuque
1135 544 1343 598 frequenti

211 601 262 642 In
277 615 560 655 quascumque
576 615 698 641 voces
715 608 825 642 artes
844 601 961 642 haud
980 602 1102 642 tarda
1123 610 1364 655 sequentur.

210 658 306 701 Nec
322 673 405 698 non
420 664 462 698 et
477 656 639 707 sterilis,
669 672 764 711 quae
781 658 980 712 stirpibus
999 658 1086 698 exit
1107 659 1159 698 ab
1181 659 1285 709 imis,

212 715 309 755 Hoc
332 714 467 764 faciet,
498 729 653 755 vacuos
675 715 708 754 si
729 715 782 755 sit
799 715 963 769 digesta
981 729 1057 769 per
1076 729 1224 769 agros3

210 771 338 812 Nunc
359 770 454 812 altae
474 770 644 812 frondes
660 778 702 812 et
722 772 825 812 rami
844 772 987 812 matris
1008 779 1200 825 opacant,

1613 774 1644 811 :51

1642 773 1664 812 ⁵5(

211 828 510 882 Crescentique
529 828 717 869 adimunt
737 828 861 877 fetus,
892 836 1102 881 uruntque
1124 828 1340 869 ferentem.

210 885 320 934 Jam,
351 900 446 939 quae
466 885 693 926 seminibus
704 885 830 939 jactis
849 900 893 925 se
915 885 1081 925 sustulit
1101 885 1240 933 arbos,

209 941 358 984 Tarda
372 942 496 991 venit,
527 942 628 982 seris
647 941 808 982 factura
827 942 1051 996 nepotibus
1070 942 1286 991 umbram3

213 998 430 1053 Pomaque
452 999 723 1053 degenerant,
755 1013 902 1039 succos
923 997 1051 1039 oblita
1071 998 1256 1051 priores3

211 1055 270 1096 Et
291 1063 436 1111 turpes
458 1056 603 1098 avibus
623 1055 812 1110 praedam
832 1054 913 1096 fert
934 1069 1016 1096 uva
1031 1069 1233 1098 racemos.

249 1174 287 1202 47
307 1172 374 1202 Jam
391 1172 428 1201 ad
443 1172 588 1202 culturam
607 1173 744 1202 arborum
764 1171 919 1211 progredi-

211 1214 271 1240 tur.
313 1210 355 1241 Et.
383 1211 511 1250 primum
539 1211 657 1250 quidem
685 1223 714 1240 v.
741 1213 858 1241 47-—00
883 1213 919 1241 de

211 1250 415 1279 emendatione
426 1250 563 1278 arborum
576 1250 759 1279 silvestrium
769 1251 840 1286 agit,
851 1261 917 1280 cun]

209 1292 348 1326 respectu
374 1289 410 1317 ad
434 1288 584 1317 naturales
608 1290 723 1323 modos,
745 1283 853 1328 quibus
874 1300 919 1318 ar-

211 1327 299 1356 bores
314 1330 481 1356 nascuntur.
515 1327 602 1356 Nune
614 1328 712 1365 primo
723 1327 788 1356 loco
801 1328 919 1364 attingit

208 1365 346 1404 primum.
367 1367 413 1404 (v.
432 1366 558 1403 9—13.)
585 1366 661 1402 Qum
677 1366 705 1395 in
720 1377 792 1403 agro
805 1367 919 1396 inculto

209 1407 315 1442 sponte
341 1404 439 1434 enasci
466 1404 574 1438 solent,
605 1404 750 1434 rn'tiorcni
782 1409 916 1434 naturam

209 1446 335 1481 possunt
347 1444 488 1481 consequi
502 1443 641 1472 insitione
660 1443 784 1482 aliisque
801 1445 896 1473 modis
909 1455 916 1482 3

209 1482 249 1510 cf.
270 1482 356 1510 Varr.
377 1482 405 1515 Ι,
427 1483 471 1511 39.
502 1482 551 1510 40.
576 1481 693 1510 luminis
720 1492 804 1511 oras:
831 1483 917 1517 lucis,

209 1519 289 1554 eoeli,
313 1524 457 1548 extrema.
498 1520 562 1548 Nec
584 1525 680 1549 tamen
701 1521 833 1549 damnari
855 1531 918 1550 om-

209 1558 277 1587 nino
290 1562 391 1597 potest
405 1559 497 1588 altera
510 1558 599 1587 lectio
611 1558 724 1587 luminis
741 1569 838 1593 (utrm,
862 1569 918 1597 pro

209 1596 331 1631 lumine,
353 1601 497 1636 quatenus
512 1597 584 1626 illud
604 1607 675 1626 aura
689 1599 725 1626 ad
746 1608 798 1626 nos
820 1598 918 1626 deser-

210 1638 269 1670 tur,
300 1636 419 1674 proprie
446 1646 516 1665 aura
545 1635 700 1664 luminosa.
744 1637 919 1665 Lucretiana

211 1679 308 1703 autem
321 1679 365 1704 est
380 1674 482 1703 forma.
516 1674 564 1702 Ex
580 1675 632 1702 Gr.
644 1678 728 1709 φάεος
742 1675 829 1709 hiim),
840 1676 920 1712 apud

213 1712 329 1741 Gallim.
351 1713 379 1741 in
393 1713 444 1741 Di.
461 1714 516 1741 117
532 1716 560 1740 et
574 1712 612 1739 al.
645 1713 695 1740 Sic
709 1713 824 1741 (etheris
837 1722 921 1741 (tura.

212 1752 290 1780 -49
311 1750 421 1788 Quippe
434 1750 493 1778 solo
507 1755 613 1778 natura
627 1750 731 1778 subest.
774 1751 921 1786 Quinctil.

212 1788 278 1819 loco
293 1800 309 1818 a
329 1791 498 1818 Burmanno
516 1788 648 1819 laudato,
668 1788 744 1817 Inst.
766 1789 852 1817 Orat.
874 1789 920 1822 X,

212 1828 242 1861 2,
264 1829 310 1857 ll.
343 1827 475 1865 Namque
488 1826 536 1861 iis,
550 1837 614 1864 quoe
628 1826 658 1854 in
670 1826 823 1864 &ternplum
837 1837 918 1855 assu-

213 1865 324 1900 mimus,
351 1865 445 1894 subest
470 1869 574 1893 natura
596 1869 624 1893 et
646 1875 713 1893 vera
735 1865 797 1893 vis.-
818 1870 918 1893 contra

213 1904 303 1933 omnis
321 1904 445 1932 imitatio
455 1905 527 1940 ficta
543 1908 596 1932 est.
615 1904 714 1941 itaque
735 1903 795 1931 solo
813 1908 919 1932 natura

211 1942 318 1977 subest,
339 1943 417 1972 inest
430 1942 570 1971 naturalis
586 1942 631 1970 vis
646 1952 678 1971 ac
695 1942 790 1970 virtus
812 1942 917 1978 (sales,

213 1981 303 2015 calor,
323 1981 440 2016 humor,
460 1981 646 2019 temperies),
667 1981 779 2009 scilicet
793 1981 829 2009 ad
850 1991 918 2018 pro-

213 2020 356 2049 creandas
371 2020 435 2048 illas
449 2020 568 2049 arbores
579 2019 743 2048 necessaria
754 2030 787 2047 ac
800 2019 920 2057 propria

212 2059 250 2087 cf.
279 2060 367 2088 Lucr.
395 2058 460 2092 ΙΙΙ,
487 2059 643 2087 274.-49.
670 2059 709 2086 50
737 2062 829 2086 tamen
861 2058 919 2086 hoec

213 2107 333 2137 quoque,
353 2096 379 2125 si
391 2096 456 2164 (fuis
470 2100 526 2126 etc.
543 2097 644 2126 suavis
659 2097 793 2130 formula,
810 2107 839 2125 ν.
854 2096 920 2125 Ecl.

214 2135 273 2171 VI,
294 2137 324 2165 9.
363 2135 395 2165 Si
409 2139 522 2164 vestres
537 2136 656 2165 arbores
669 2135 858 2165 fecundarum
870 2144 921 2164 na-

215 2178 311 2203 turam
333 2174 469 2209 induunt,
491 2174 517 2203 si
539 2174 576 2203 iis
599 2174 665 2203 aliae
687 2175 810 2203 arbores
834 2174 921 2202 mites

214 2213 389 2247 inserantur,
421 2217 471 2241 aut
497 2213 522 2241 si
549 2223 594 2242 eze
621 2213 922 2242 transferantur.—-—5O

215 2255 324 2280 mulata
337 2252 464 2280 debetur
478 2251 603 2289 po'eticae
624 2253 720 2290 copiae
739 2255 769 2280 et
789 2251 920 2279 ornatui:

216 2289 280 2318 solo
293 2293 423 2326 mutat03
443 2300 510 2318 nam
527 2289 589 2318 sola
608 2289 797 2319 translatione
818 2293 922 2318 natura

215 2327 396 2357 silvestrium
413 2328 553 2362 mitescit,
565 2328 636 2361 solo,
651 2328 746 2364 cultam
767 2329 804 2357 de
819 2338 877 2366 qua
890 2338 923 2356 rc

216 2377 232 2395 e
255 2367 279 2395 it
292 2367 441 2404 Theophr.
461 2367 498 2396 de
513 2367 621 2396 Causs.
641 2366 738 2396 Plant.
754 2367 819 2401 ΙΙΙ,
833 2368 921 2396 23.-

217 2377 261 2434 li.
298 2405 340 2434 At
352 2415 407 2433 non
420 2407 534 2440 credes,
549 2406 675 2435 Veteres
690 2409 812 2444 putasse
827 2409 921 2434 trans-

212 2444 320 2473 latione
334 2444 487 2473 silvestres
500 2445 619 2473 arbores
632 2444 661 2473 in
674 2442 812 2473 secundas
828 2448 922 2472 muta-

215 2482 252 2511 ri.
291 2482 373 2511 Hinc
394 2483 523 2511 nonnulli
546 2487 587 2517 at,
608 2483 762 2512 lectionem
786 2483 922 2512 codicum

216 2521 410 2559 quorundam,
431 2521 638 2560 praetulerunt,
667 2522 724 2551 sibi
743 2522 921 2558 persuaden-

217 2562 273 2593 tes,
294 2562 325 2587 ut
344 2569 398 2597 pro
418 2564 445 2587 et
459 2570 539 2598 saepe
552 2560 700 2598 usurpari.
742 2560 844 2589 Donec
859 2560 922 2588 hmo

216 2598 315 2637 opinio
334 2597 505 2626 confirmata
522 2598 571 2632 sit,
586 2603 695 2627 nudata
713 2598 854 2636 accipiam
867 2607 922 2635 pro

219 2641 329 2666 mutata
341 2646 393 2674 per
402 2636 578 2668 insitionem,
593 2637 690 2671 insita,
707 2647 765 2675 qua
775 2636 920 2675 signitica-

217 2676 296 2704 tione
308 2685 366 2704 vox
378 2676 425 2704 33.
434 2674 550 2713 legitur.
565 2675 713 2713 Opposita
721 2685 774 2703 non
784 2678 921 2703 accurate

217 2715 354 2743 elocutus
367 2718 413 2743 est
425 2714 526 2742 Maro:
546 2714 665 2742 arbores
676 2719 743 2751 post
757 2713 921 2744 insitionem

1608 1058 1664 1098 60

959 1176 1007 1201 aut
1019 1172 1081 1201 solo
1091 1182 1145 1201 suo
1160 1176 1284 1210 possunt
1296 1173 1366 1201 relin
1390 1173 1418 1201 ui
1433 1174 1550 1202 autalio
1568 1178 1665 1203 trans-

959 1212 1039 1245 ferri,
1056 1212 1084 1239 h.
1097 1211 1264 1240 e.m(mcl<1ri
1277 1212 1371 1239 sfrobi
1391 1222 1421 1239 ἰς
1435 1212 1570 1247 subactis,
1591 1214 1665 1242 mol-

958 1250 1031 1278 litis.
1046 1250 1108 1279 Cic.
1123 1251 1161 1278 de
1183 1250 1284 1278 Senec.
1302 1252 1348 1279 15.
1363 1251 1388 1281 Q.
1407 1252 1442 1279 51
1462 1256 1541 1279 terra
1554 1253 1666 1289 yremio

958 1289 1228 1317 ⁷11‹›llitoacszcbacto
1249 1290 1468 1327 semenexwpil.
1492 1290 1668 1326 Porcellini,

959 1338 990 1356 se
1001 1328 1155 1366 «Ηυξ-1536,
1172 1328 1227 1356 sub
1242 1338 1270 1355 v.
1285 1333 1409 1356 mutabis
1425 1332 1562 1357 testatur.
1589 1329 1665 1358 W—

956 1366 1193 1399 scrobem-abacti,
1202 1370 1234 1394 ut
1241 1369 1318 1395 terra
1328 1368 1459 1400 subacta,
1469 1377 1535 1405 quae
1544 1368 1667 1397 foditur.

959 1405 1031 1434 Mox
1055 1406 1165 1434 animus
1185 1405 1333 1442 eleganter
1348 1416 1401 1443 pro
1414 1410 1527 1439 natura,
1548 1407 1666 1445 ingenio

957 1445 1185 1472 arborum-52
1206 1444 1353 1472 Suaviter.
1386 1444 1599 1482 Quascumque
1620 1456 1665 1474 ar-

956 1486 1001 1511 tes
1027 1483 1064 1511 ad
1090 1484 1233 1520 majorem
1254 1492 1353 1510 earum
1376 1483 1488 1511 cultum
1513 1484 1666 1520 adhibeas,

957 1521 1084 1549 feliciter
1100 1521 1151 1549 tibi
1167 1520 1323 1549 succedere
1337 1521 1464 1550 videbis.

995 1560 1112 1587 53—56
1132 1560 1179 1587 Ad
1195 1560 1324 1588 stolones
1346 1561 1381 1588 ab
1402 1560 1499 1589 radice
1519 1561 1666 1599 pullulan-

959 1600 1004 1626 tes
1019 1600 1064 1636 (v.
1087 1598 1218 1634 17—19)
1239 1598 1387 1635 procedit,
1410 1599 1460 1636 qui
1479 1599 1507 1627 in
1527 1610 1664 1638 campum

958 1647 1086 1664 vacuum
1103 1640 1134 1665 et
1147 1636 1176 1664 in
1193 1636 1285 1665 solem
1298 1638 1490 1666 transferendi
1504 1642 1581 1672 sunt,
1598 1649 1666 1667 cum

959 1674 1033 1712 ipsis
1055 1685 1129 1703 nunc
1150 1675 1254 1703 umbra
1273 1676 1376 1703 matris
1392 1680 1503 1710 noceat,
1525 1681 1557 1705 ut
1571 1678 1668 1706 adulti

960 1718 1010 1741 aut
1026 1714 1121 1742 nullos
1136 1714 1249 1741 fructus
1266 1714 1360 1742 ferant
1375 1718 1425 1742 aut
1435 1715 1578 1753 maligne',
1598 1727 1666 1754 quae

960 1752 1062 1779 eadem
1078 1762 1125 1780 res
1140 1752 1239 1779 docuit
1255 1752 1400 1790 plantaria
1415 1756 1443 1782 et
1457 1754 1612 1783 seminaria
1623 1754 1667 1783 in-

961 1789 1095 1818 stituere.
1135 1790 1253 1817 Slerilis
1282 1792 1368 1820 deest
1394 1791 1500 1820 arbor:
1531 1793 1666 1831 sequitur

961 1831 1059 1856 tamen
1084 1837 1142 1855 vox
1170 1837 1215 1855 vs.
1236 1829 1285 1856 57.
1306 1829 1349 1857 Η.
1392 1830 1562 1859 Relationes
1589 1832 1668 1870 ejus-

960 1865 1039 1893 modi
1066 1866 1280 1903 adjectivorum
1313 1867 1360 1895 vel
1392 1869 1597 1905 pronominum
1632 1871 1668 1899 ad

960 1904 1145 1932 substantiva
1160 1903 1186 1931 in
1201 1904 1351 1941 prioribus
1366 1915 1421 1933 non
1435 1907 1533 1943 posita
1547 1918 1601 1935 non
1619 1918 1666 1937 ra-

959 1952 1001 1970 rae
1029 1943 1107 1980 apud
1133 1941 1269 1976 Veteres,
1298 1953 1350 1971 nec
1377 1947 1472 1972 tamen
1499 1945 1667 1975 laudanda—-

962 1980 1010 2009 W.
1032 1982 1071 2009 56
1083 1982 1176 2018 seme,
1198 1981 1335 2010 arborum
1360 1982 1487 2017 fructus,
1515 1993 1606 2021 swpe,
1634 1989 1667 2013 ut

959 2028 1050 2057 supra
1068 2019 1094 2053 l,
1116 2021 1153 2047 55
1175 2022 1205 2046 et
1226 2019 1277 2047 inf.
1296 2021 1489 2053 429,—urere
1508 2032 1580 2051 vero
1599 2033 1669 2061 per-

958 2067 1046 2096 quam
1061 2057 1278 2086 accommodate
1293 2059 1329 2087 de
1344 2060 1490 2088 subducto
1504 2071 1603 2090 succo.

998 2097 1113 2125 57-62
1142 2096 1285 2134 Sequitur
1309 2097 1402 2126 altera
1428 2099 1502 2128 ratio
1527 2101 1668 2130 naturalis

982 2135 1205 2164 rocreandarum
1222 2136 1370 2169 arborum,
1392 2146 1428 2164 ex
1445 2138 1555 2167 semine
1570 2139 1599 2167 in
1620 2149 1668 2168 so-

959 2145 1020 2202 rum
1036 2173 1145 2206 delato,
1163 2174 1271 2211 (supra
1299 2185 1328 2202 v.
1357 2176 1487 2211 14—16)
1516 2187 1572 2205 una
1598 2187 1665 2206 cum

961 2212 1056 2241 modis
1081 2222 1143 2240 eam
1168 2215 1230 2239 arte
1254 2213 1425 2242 emendandi
1448 2219 1478 2243 et
1498 2216 1670 2252 adjuvandi.

962 2251 1011 2279 Ex
1031 2251 1059 2280 h.
1075 2251 1095 2279 l.
1116 2249 1321 2279 dilucidandas
1343 2252 1422 2281 Plin.
1444 2253 1555 2287 XVII,
1572 2256 1619 2283 10.
1642 2265 1666 2284 S.

962 2291 1008 2317 10.
1049 2289 1160 2327 Egerat
1174 2289 1210 2316 de
1231 2290 1488 2319 semine-Omnia
1506 2292 1565 2321 lzoec
1583 2293 1669 2322 tarda

957 2332 1097 2366 proventu
1113 2336 1145 2355 (ιο
1160 2326 1361 2364 defleam-antia
1375 2334 1401 2357 et
1418 2330 1502 2359 insito
1515 2331 1666 2360 restituen-

959 2366 1084 2395 ‹Im—57
1099 2365 1250 2394 senn'nibzcs
1266 2367 1364 2403 jactis,
1379 2377 1430 2397 seu
1441 2373 1550 2398 temere
1561 2371 1667 2398 caden-

961 2405 1054 2438 tibus,
1075 2414 1126 2433 seu
1143 2414 1228 2432 manu
1246 2406 1353 2443 jaetis3
1374 2408 1491 2446 utrique
1514 2408 1590 2436 enim
1612 2418 1667 2446 par

961 2443 1316 2477 eventus—tardavenit,
1339 2447 1420 2474 tarde
1435 2446 1580 2484 provenit.
1601 2447 1669 2485 (Sic

960 2481 1048 2510 arbor
1062 2481 1162 2510 crescit
1177 2481 1242 2510 ltela.
1263 2493 1353 2520 supra
1369 2484 1485 2513 dicitur.
1511 2483 1578 2521 W.)
1619 2485 1666 2515 Ad

960 2530 1041 2549 seros
1061 2524 1174 2558 nepotes
1196 2523 1271 2550 cons.
1298 2522 1363 2550 Ecl.
1385 2523 1446 2555 IX,
1467 2524 1513 2550 50.
1554 2523 1668 2561 Insere,
1699 2536 1703 2540 ‘

962 2559 1092 2597 Daphni,
1109 2558 1208 2596 piros‚·
1231 2565 1349 2598 carpent
1372 2565 1421 2588 {ua
1436 2571 1522 2598 poma
1543 2566 1667 2599 nepotes.

962 2602 990 2625 et
1007 2599 1144 2626 Senecam
1161 2607 1208 2635 ep.
1229 2599 1393 2627 Sti-oblita
1407 2599 1536 2627 suaviter
1558 2605 1587 2628 ct
1610 2601 1666 2630 hoc

959 2647 976 2664 e
989 2636 1120 2665 sollemni
1136 2637 1290 2673 poetarum
1304 2647 1394 2670 ruore,
1416 2647 1475 2675 quo
1494 2639 1583 2666 rebus
1603 2639 1666 2668 ina-

960 2675 1076 2703 nimatis
1090 2675 1175 2703 aliam
1193 2680 1325 2704 naturam
1337 2676 1469 2704 induruit.
1490 2678 1527 2705 of.
1549 2677 1666 2706 Gallim.

961 2713 989 2742 in
1008 2714 1073 2742 Del.
1095 2715 1143 2748 31,
1164 2718 1191 2742 et
1208 2714 1247 2743 ibi
1265 2714 1411 2745 Ernfflsso
1432 2719 1528 2754 turpes
1546 2717 1664 2750 raremi,
