1796 3077
146 334 422 392 Arrectaeque
440 336 615 379 horrore
635 353 779 388 comae,
802 346 845 380 et
862 353 944 380 vox
963 338 1154 380 faucibus
1172 338 1309 381 haesit.

147 393 287 435 Ardet
308 395 423 436 abire
446 395 562 449 fuga,
585 395 815 450 dulcesque
837 396 1073 450 relinquere
1095 403 1243 446 terras,

149 449 367 492 Attonitus
388 458 504 493 tanto
524 453 685 493 monitu
705 453 965 508 imperioque
986 453 1173 494 deorum.

148 506 250 548 Heu
270 508 373 561 quid
394 510 522 563 agat?
545 524 629 563 quo
649 524 760 551 nunc
780 510 967 564 reginam
988 510 1145 551 ambire
1166 509 1375 551 furentem

146 562 320 605 Audeat
340 564 501 606 affatu?
525 581 620 619 quae
640 567 774 620 prima
793 567 969 608 exordia
990 574 1126 607 sumat
1144 568 1160 607 2

147 618 293 674 Atque
314 622 495 663 animum
515 637 626 663 nunc
646 623 730 665 huc
750 622 940 672 celerem,
962 638 1072 664 nunc
1093 623 1242 664 dividit
1262 622 1374 672 illuc,

147 675 198 717 In
218 685 444 732 partesque
465 680 576 733 rapit
595 680 743 729 varias,
766 695 929 734 perque
953 681 1091 721 omnia
1111 688 1262 721 versat.

147 732 255 775 Haec
277 734 499 776 alternanti
518 736 658 790 potior
679 738 884 777 sententia
904 738 991 777 visa
1012 744 1100 778 est:

148 847 335 888 Classem
357 855 502 902 aptent
522 849 650 897 taciti,
672 850 807 890 socios
829 849 883 889 ad
902 849 1026 890 litora
1045 857 1213 904 cogant,

147 903 283 959 Arma
300 912 463 958 parent,
492 913 546 955 et,
569 920 663 959 quae
687 905 739 946 sit
757 906 884 947 rebus
906 921 1032 947 causa
1052 907 1270 956 novandis,

149 960 450 1002 Dissimulent:
474 976 564 1003 sese
584 963 757 1012 interea,
778 963 948 1016 quando
969 963 1126 1017 optima
1144 963 1259 1004 Dido

147 1017 336 1066 Nesciat,
357 1026 399 1058 et
419 1025 557 1060 tantos
577 1020 717 1074 rumpi
735 1034 819 1061 non
840 1027 981 1073 speret
1002 1034 1180 1067 amores,

148 1073 431 1115 Tentaturum
451 1076 602 1124 aditus,
625 1083 668 1117 et
687 1091 782 1130 quae
801 1075 1040 1117 mollissima
1060 1076 1176 1117 fandi

147 1129 374 1184 Tempora,
397 1133 489 1185 quis
510 1133 635 1174 rebus
655 1133 806 1173 dexter
825 1133 988 1173 modus.

150 1186 333 1240 Imperio
353 1187 438 1228 laeti
456 1196 620 1242 parent,
642 1203 690 1230 ac
705 1190 823 1243 jussa
844 1188 1069 1230 facessunt.

201 1243 262 1284 At
283 1245 426 1298 regina
447 1245 566 1286 dolos
588 1246 697 1299 (quis
718 1245 863 1286 fallere
882 1246 1015 1299 possit
1037 1245 1280 1298 amantem&

152 1299 390 1350 Praesensit,
411 1309 634 1356 motusque
655 1303 823 1356 excepit
842 1303 976 1356 prima
995 1302 1173 1350 futuros,

151 1356 305 1398 Omnia
325 1365 417 1398 tuta
436 1359 597 1399 timens.

592 216 861 256 AENEIDOS.
918 217 1017 257 LIB.
1048 219 1118 257 IV.
1507 224 1603 269 343

1517 340 1601 381 280

1516 622 1600 663 285

149 790 377 832 Mnesthea
398 792 727 846 Sergestumque
747 800 868 834 vocat
888 793 1124 847 fortemque
1147 793 1401 834 Cloanthum
1420 808 1429 834 ε

1514 907 1598 949 290

1050 1133 1181 1174 Ocius
1202 1146 1344 1173 omnes

1514 1189 1598 1229 295

659 1358 825 1399 Eadem
845 1359 971 1413 impia
990 1358 1120 1399 Fama
1140 1358 1296 1399 furenti

1511 1469 1596 1510 300

149 1413 328 1462 Detulit,
349 1416 499 1455 armari
522 1415 710 1464 classem,
732 1429 984 1468 cursumque
1003 1415 1156 1469 parari.

148 1469 278 1510 Saevit
297 1471 417 1525 inops
438 1472 575 1521 animi,
599 1479 813 1525 totamque
834 1472 1004 1512 incensa
1023 1486 1100 1525 per
1119 1471 1266 1512 urbem

149 1525 413 1567 Bacchatur:
436 1528 568 1581 qualis
590 1529 805 1570 commotis
825 1529 962 1568 excita
984 1528 1111 1568 sacris

148 1582 325 1637 Thyias,
347 1585 420 1625 ubi
440 1584 585 1625 audito
607 1584 818 1625 stimulant
838 1584 1048 1625 trieterica
1064 1583 1237 1625 Baccho

148 1640 296 1694 Orgia,
318 1648 631 1696 nocturnusque
651 1649 773 1682 vocat
794 1640 972 1682 clamore
994 1640 1223 1681 Cithaeron.

146 1696 343 1738 Tandem
360 1697 426 1738 his
442 1697 612 1740 AEnean
632 1697 853 1752 compellat
869 1698 1040 1740 vocibus
1062 1697 1172 1738 ultro
1189 1712 1198 1737 ε

152 1842 243 1875 Ὀρθαὶ
261 1844 290 1869 δὲ
308 1842 396 1875 τρίχες
412 1844 648 1877 ἔσταν.-θαλερὴ
666 1845 695 1871 δὲ
709 1844 734 1870 οἱ
753 1844 853 1875 ἔσχετο

148 1881 232 1915 φωνή.
248 1879 286 1908 cf.
303 1880 392 1909 Iliad.
407 1894 438 1912 ω,
461 1882 519 1909 358
540 1891 605 1919 sqq.
628 1885 754 1920 aspectu,
776 1890 830 1918 pro
846 1891 851 1908 :

149 1917 205 1946 hoc
213 1918 484 1948 vis0.--281—284
497 1919 620 1958 Egregii
634 1929 741 1948 versus
752 1928 853 1948 rerum

148 1956 276 1985 veritate
294 1961 324 1986 et
346 1959 503 1987 verborum
518 1958 641 1987 dilectu.
674 1958 761 1987 Heu!
781 1957 851 1996 quid

148 1999 229 2033 ayat,
241 1998 275 2023 ut
289 1995 355 2030 IX,
369 1997 427 2026 399
442 2000 474 2025 et
488 1996 526 2025 al.
567 1997 717 2035 (Explica
730 2007 736 2024 :
753 1996 850 2025 incer-

149 2036 200 2062 tus
214 2037 272 2069 est,
306 2034 358 2063 uid
373 2039 463 2074 agat,
480 2035 520 2064 cf.
534 2035 628 2064 Obss.
642 2036 679 2064 ad
695 2035 808 2064 Tibull.
821 2035 849 2068 Ι,

148 2071 179 2106 9,
202 2073 252 2101 39.
322 2073 369 2102 ide
391 2084 457 2112 quae
479 2073 671 2103 Hermannus
692 2074 730 2102 ad
745 2074 851 2112 Viget.

149 2119 182 2147 p.
194 2111 263 2141 742.
277 2111 315 2140 de
330 2112 438 2141 Graeco
454 2116 481 2141 τί
501 2116 573 2147 λέγω
588 2112 773 2151 explanavit.
793 2113 850 2141 285

150 2149 246 2177 oratio
260 2149 302 2178 ita
316 2160 372 2188 per
389 2151 566 2189 particulam
580 2151 680 2189 Atque
696 2151 850 2180 continua-

148 2189 198 2215 tur
212 2188 298 2225 quasi
322 2189 516 2226 praecesserit
534 2189 659 2218 incertus
679 2194 732 2225 est,
754 2201 783 2228 q.
803 2200 850 2228 ay.

154 2224 224 2264 W.)
234 2226 386 2255 —ambire
418 2238 486 2257 cum
520 2228 635 2258 dilectu
668 2239 723 2267 pro
758 2228 851 2257 adire.

151 2263 280 2302 (Horat.
300 2264 358 2293 Od.
380 2265 408 2300 1,
430 2267 480 2300 35,
500 2268 530 2296 5.
571 2266 610 2296 Te
629 2277 741 2306 pauper
764 2267 851 2296 ambit

147 2312 244 2369 pli-ece.
268 2302 315 2331 W.
325 2304 443 2340 )—285.
465 2306 524 2334 286
544 2310 651 2343 putant
672 2316 851 2344 expressum

183 2341 343 2370 omericum
365 2345 488 2377 διάνδιχα
508 2346 680 2378 μερμήριξεν.
695 2349 726 2373 et
742 2355 771 2373 v.
790 2345 847 2373 287

145 2381 222 2408 τΩιδε
244 2384 273 2409 δὲ
295 2383 320 2408 οἱ
339 2384 478 2417 φρονέοντι
498 2385 637 2411 δοάσσατο
651 2387 753 2417 κέρδιον
768 2382 847 2417 εἶναι,

151 2422 185 2446 ut
199 2418 238 2447 Il.
254 2422 279 2453 ξ,
300 2420 356 2447 23;
379 2433 409 2454 π,
431 2420 585 2450 647—652
609 2425 639 2450 et
660 2431 742 2460 saepe
767 2422 849 2451 alibi.

151 2456 190 2485 cf.
204 2457 264 2486 Od.
280 2463 308 2491 λ,
323 2459 392 2487 230.
406 2458 506 2487 dividit
521 2459 669 2489 efficacius
681 2470 768 2498 quam
782 2470 850 2489 ver-

153 2494 200 2530 tit,
223 2496 330 2531 volvit,
353 2500 387 2526 ut
400 2496 440 2531 V,
455 2498 602 2526 701.702.
620 2498 787 2533 alternanti,
811 2498 854 2528 al-

151 2534 244 2563 ternis
263 2535 360 2564 animo
381 2535 515 2564 versanti
532 2536 606 2565 haec.
626 2536 671 2566 H.
684 2537 854 2572 alternanti,

151 2573 241 2601 modo
255 2573 312 2602 hoc
326 2574 416 2602 modo
430 2574 506 2603 illud
521 2574 655 2613 agitanti,
675 2579 850 2605 neutrorum

151 2619 233 2639 more
247 2611 372 2647 dictum,
394 2612 436 2641 ita
448 2617 481 2641 ut
495 2612 555 2641 haec
571 2613 608 2641 ad
620 2614 761 2642 sententia
774 2615 850 2643 refe-

152 2649 279 2678 rendum
300 2650 349 2679 sit.
368 2650 513 2680 W.-288
527 2661 570 2690 sq.
586 2651 695 2680 Forma
709 2652 851 2681 orationis

152 2688 274 2724 poetam
286 2689 385 2725 decet,
399 2700 454 2728 pro
470 2700 475 2718 :
492 2690 648 2729 Optimum
662 2691 743 2720 factu
755 2690 853 2721 visum

894 1843 951 1873 est,
971 1844 1004 1869 ut
1017 1844 1141 1869 vocaret
1154 1840 1498 1878 Mnestheum-eosque
1507 1841 1597 1878 jube-

893 1883 941 1907 ret
952 1889 1036 1907 naves
1048 1880 1120 1908 clam
1136 1878 1287 1913 instruere,
1302 1879 1395 1908 socios
1405 1879 1520 1908 navales
1530 1889 1596 1908 con-

893 1928 993 1946 vocare
1014 1918 1070 1955 (cf.
1088 1917 1136 1946 Od
1161 1928 1202 1946 SS.
1226 1921 1251 1952 ξ,
1272 1918 1370 1955 332),
1396 1918 1527 1956 expedire
1548 1928 1597 1947 ar-

888 1961 1033 1985 mamenta
1058 1967 1133 1985 nava
1146 1956 1185 1991 ia,
1209 1960 1237 1985 et
1258 1956 1451 1991 dissimulare,
1477 1965 1535 1995 qua
1558 1957 1595 1986 de

889 2005 978 2024 causa
1010 1995 1075 2024 haec
1100 1999 1212 2032 praeter
1239 1995 1493 2033 exspectationem
1516 1995 1595 2024 face-

889 2038 967 2063 rent.
981 2033 1024 2062 H.
1040 2038 1133 2068 υοειιι,
1148 2033 1225 2062 inest
1240 2034 1322 2062 notio
1337 2043 1463 2062 monens.
1503 2033 1593 2062 Libe-

891 2072 951 2101 rior
973 2072 1002 2101 in
1024 2072 1109 2101 initio
1123 2072 1264 2100 orationis
1279 2072 1410 2110 obliquae
1433 2072 1594 2100 verborum

891 2111 1166 2150 compositio.—-res
1189 2120 1293 2138 novare
1315 2110 1345 2138 h.
1367 2110 1387 2138 l.
1407 2113 1455 2138 est
1478 2109 1594 2148 aliquid

888 2150 957 2179 novi
980 2149 1085 2178 moliri.
1110 2149 1282 2178 W.--293.
1300 2149 1358 2177 294
1381 2157 1447 2185 pro,
1471 2151 1595 2176 tentatu-

889 2199 954 2218 rum
979 2188 1309 2226 aditus—tempora—et
1334 2186 1455 2220 modum,
1479 2186 1529 2225 qui
1554 2186 1595 2215 sit

889 2229 979 2257 rebus
998 2227 1121 2265 agendis
1136 2230 1166 2255 et
1179 2225 1315 2254 consiliis
1338 2225 1595 2254 accommodatus.

890 2267 1009 2300 Aditus,
1025 2270 1057 2294 ut
1070 2265 1122 2293 inf.
1136 2265 1194 2293 423
1209 2265 1246 2293 de
1261 2263 1402 2302 alloquio.
1417 2262 1591 2298 mollissima,

891 2315 949 2344 quo
963 2309 1097 2342 tempore
1113 2304 1150 2332 de
1165 2303 1302 2332 discessu
1323 2301 1480 2331 consilium
1495 2302 1524 2331 ei
1538 2311 1593 2330 ex-

888 2344 958 2383 poni
974 2343 1070 2381 possit
1084 2341 1269 2376 mollissime,
1292 2351 1358 2370 cum
1381 2340 1504 2369 minimo
1525 2341 1592 2378 ejus

888 2383 1015 2416 dolore3
1037 2384 1067 2410 et
1093 2380 1241 2419 quomodo
1265 2380 1297 2408 id
1320 2379 1514 2413 dexterrime,
1538 2389 1593 2417 op-

888 2420 1099 2460 portunissime
1116 2419 1178 2448 fiat.
1198 2418 1241 2447 H.
1255 2422 1384 2457 tempora
1397 2417 1496 2455 fandi,
1516 2421 1592 2447 tem-

889 2470 946 2498 pus
961 2458 1179 2496 prosectionem
1194 2457 1356 2495 aperiendi.
1382 2456 1430 2486 W.

931 2498 1083 2527 297—301
1111 2495 1218 2534 excepit
1239 2495 1372 2530 auribus,
1398 2504 1507 2524 sensu:
1531 2493 1591 2522 ani-

894 2536 1053 2565 madvertit
1084 2539 1205 2572 paratus
1232 2532 1507 2572 itineris—furenti
1535 2541 1590 2570 pro

889 2576 926 2605 ei.
942 2574 1031 2612 impc'a
1044 2572 1140 2602 Fama
1157 2574 1187 2604 h.
1200 2573 1221 2602 l.
1235 2582 1327 2607 saeva,
1346 2571 1593 2601 dira.-Baccha-

890 2619 938 2644 tm·
953 2621 1068 2641 summa
1083 2622 1152 2640 cum
1164 2612 1195 2641 vi
1209 2611 1323 2640 dictum
1336 2621 1393 2649 pro
1406 2609 1592 2651 discursitat.

891 2651 1116 2680 *301-303
1144 2651 1222 2680 Haec
1249 2654 1319 2679 sunt
1346 2649 1514 2678 vetustiora
1540 2646 1592 2690 illa

893 2689 1007 2722 Bacchi
1031 2689 1115 2727 orgia
1139 2699 1174 2719 ac
1200 2699 1285 2719 sacra
1305 2690 1469 2723 τριετηρικὰ,
1499 2688 1590 2714 tertio
