<?xml version="1.0" encoding="UTF-8"?>
<!DOCTYPE html PUBLIC "-//W3C//DTD XHTML 1.0 Transitional//EN"
    "http://www.w3.org/TR/xhtml1/DTD/xhtml1-transitional.dtd">
<html xmlns="http://www.w3.org/1999/xhtml" xml:lang="en" lang="en">
 <head>
  <title>
</title>
<meta http-equiv="Content-Type" content="text/html;charset=utf-8" />
  <meta name='ocr-system' content='tesseract 3.04.00' />
  <meta name='ocr-capabilities' content='ocr_page ocr_carea ocr_par ocr_line ocrx_word'/>
</head>
<body>
  <div class='ocr_page' id='page_1' title='image "./operahey00virguoft_0015.png"; bbox 0 0 1796 3077; ppageno 0'>
   <div class='ocr_carea' id='block_1_1' title="bbox 552 178 839 217">
    <p class='ocr_par' dir='ltr' id='par_1_1' title="bbox 552 178 839 217">
     <span class='ocr_line' id='line_1_1' title="bbox 552 178 839 217; baseline -0.003 -1"><span class='ocrx_word' id='word_1_1' title='bbox 552 178 839 217; x_wconf 76' lang='lat' dir='ltr'>BUCOLICA.</span> 
     </span>
    </p>
   </div>
   <div class='ocr_carea' id='block_1_2' title="bbox 898 178 1535 228">
    <p class='ocr_par' dir='ltr' id='par_1_2' title="bbox 898 178 1535 228">
     <span class='ocr_line' id='line_1_2' title="bbox 898 178 1535 228; baseline 0 -13"><span class='ocrx_word' id='word_1_2' title='bbox 898 178 1013 216; x_wconf 85' lang='lat' dir='ltr'>ECL.</span> <span class='ocrx_word' id='word_1_3' title='bbox 1046 180 1077 216; x_wconf 92' lang='lat'>1.</span> <span class='ocrx_word' id='word_1_4' title='bbox 1509 187 1535 228; x_wconf 83' lang='lat'>7</span> 
     </span>
    </p>
   </div>
   <div class='ocr_carea' id='block_1_3' title="bbox 80 298 1059 354">
    <p class='ocr_par' dir='ltr' id='par_1_3' title="bbox 80 298 1059 354">
     <span class='ocr_line' id='line_1_3' title="bbox 80 298 1059 354; baseline -0.001 -12"><span class='ocrx_word' id='word_1_5' title='bbox 80 300 222 348; x_wconf 83' lang='lat' dir='ltr'>Quam</span> <span class='ocrx_word' id='word_1_6' title='bbox 238 309 381 342; x_wconf 90' lang='lat' dir='ltr'>nostro</span> <span class='ocrx_word' id='word_1_7' title='bbox 403 300 509 342; x_wconf 87' lang='lat' dir='ltr'>illius</span> <span class='ocrx_word' id='word_1_8' title='bbox 530 300 695 342; x_wconf 83' lang='lat' dir='ltr'>labatur</span> <span class='ocrx_word' id='word_1_9' title='bbox 715 306 886 354; x_wconf 84' lang='lat' dir='ltr'>pectore</span> <span class='ocrx_word' id='word_1_10' title='bbox 907 298 1059 341; x_wconf 87' lang='lat' dir='ltr'>vultus.</span> 
     </span>
    </p>
   </div>
   <div class='ocr_carea' id='block_1_4' title="bbox 135 356 1194 406">
    <p class='ocr_par' dir='ltr' id='par_1_4' title="bbox 135 356 1194 406">
     <span class='ocr_line' id='line_1_4' title="bbox 135 356 1194 406; baseline -0.001 -8"><span class='ocrx_word' id='word_1_11' title='bbox 135 359 256 399; x_wconf 74' lang='lat' dir='ltr'>MEL.</span> <span class='ocrx_word' id='word_1_12' title='bbox 288 357 350 399; x_wconf 80' lang='lat' dir='ltr'>At</span> <span class='ocrx_word' id='word_1_13' title='bbox 370 373 445 399; x_wconf 85' lang='lat' dir='ltr'>nos</span> <span class='ocrx_word' id='word_1_14' title='bbox 466 358 563 399; x_wconf 89' lang='lat' dir='ltr'>hinc</span> <span class='ocrx_word' id='word_1_15' title='bbox 585 358 653 399; x_wconf 82' lang='lat' dir='ltr'>alii</span> <span class='ocrx_word' id='word_1_16' title='bbox 674 357 860 398; x_wconf 72' lang='lat' dir='ltr'>sitientes</span> <span class='ocrx_word' id='word_1_17' title='bbox 879 357 1030 398; x_wconf 86' lang='lat' dir='ltr'>ibimus</span> <span class='ocrx_word' id='word_1_18' title='bbox 1053 356 1194 406; x_wconf 84' lang='lat' dir='ltr'>Afros,</span> 
     </span>
    </p>
   </div>
   <div class='ocr_carea' id='block_1_5' title="bbox 76 414 1280 640">
    <p class='ocr_par' dir='ltr' id='par_1_5' title="bbox 77 414 1280 526">
     <span class='ocr_line' id='line_1_5' title="bbox 77 414 1280 469; baseline -0.001 -14"><span class='ocrx_word' id='word_1_19' title='bbox 77 414 182 456; x_wconf 86' lang='lat' dir='ltr'>Pars</span> <span class='ocrx_word' id='word_1_20' title='bbox 203 415 416 469; x_wconf 85' lang='lat' dir='ltr'>Scythiam</span> <span class='ocrx_word' id='word_1_21' title='bbox 438 423 480 456; x_wconf 87' lang='lat' dir='ltr'>et</span> <span class='ocrx_word' id='word_1_22' title='bbox 500 415 692 469; x_wconf 82' lang='lat' dir='ltr'>rapidum</span> <span class='ocrx_word' id='word_1_23' title='bbox 714 414 854 454; x_wconf 86' lang='lat' dir='ltr'>Cretae</span> <span class='ocrx_word' id='word_1_24' title='bbox 869 414 1081 455; x_wconf 81' lang='lat' dir='ltr'>veniemus</span> <span class='ocrx_word' id='word_1_25' title='bbox 1102 414 1280 463; x_wconf 86' lang='lat' dir='ltr'>Oaxem,</span> 
     </span>
     <span class='ocr_line' id='line_1_6' title="bbox 77 470 987 526; baseline -0.003 -14"><span class='ocrx_word' id='word_1_26' title='bbox 77 470 137 513; x_wconf 87' lang='lat' dir='ltr'>Et</span> <span class='ocrx_word' id='word_1_27' title='bbox 154 472 320 526; x_wconf 84' lang='lat' dir='ltr'>penitus</span> <span class='ocrx_word' id='word_1_28' title='bbox 340 479 430 512; x_wconf 85' lang='lat' dir='ltr'>toto</span> <span class='ocrx_word' id='word_1_29' title='bbox 450 472 604 512; x_wconf 84' lang='lat' dir='ltr'>divisos</span> <span class='ocrx_word' id='word_1_30' title='bbox 624 472 726 512; x_wconf 89' lang='lat' dir='ltr'>orbe</span> <span class='ocrx_word' id='word_1_31' title='bbox 747 470 987 510; x_wconf 79' lang='lat' dir='ltr'><strong>Britannos.</strong></span> 
     </span>
    </p>

    <p class='ocr_par' dir='ltr' id='par_1_6' title="bbox 76 526 1144 640">
     <span class='ocr_line' id='line_1_7' title="bbox 77 526 1144 583; baseline -0.002 -14"><span class='ocrx_word' id='word_1_32' title='bbox 77 528 147 569; x_wconf 85' lang='lat' dir='ltr'>En</span> <span class='ocrx_word' id='word_1_33' title='bbox 166 544 350 582; x_wconf 85' lang='lat' dir='ltr'>unquam</span> <span class='ocrx_word' id='word_1_34' title='bbox 371 530 529 583; x_wconf 79' lang='lat' dir='ltr'>patrios</span> <span class='ocrx_word' id='word_1_35' title='bbox 549 527 676 582; x_wconf 81' lang='lat' dir='ltr'>longo</span> <span class='ocrx_word' id='word_1_36' title='bbox 696 534 794 581; x_wconf 89' lang='lat' dir='ltr'>post</span> <span class='ocrx_word' id='word_1_37' title='bbox 814 533 1003 581; x_wconf 86' lang='lat' dir='ltr'>tempore</span> <span class='ocrx_word' id='word_1_38' title='bbox 1025 526 1144 575; x_wconf 88' lang='lat' dir='ltr'>fines,</span> 
     </span>
     <span class='ocr_line' id='line_1_8' title="bbox 76 583 1144 640; baseline 0 -15"><span class='ocrx_word' id='word_1_39' title='bbox 76 584 282 640; x_wconf 80' lang='lat' dir='ltr'>Pauperis</span> <span class='ocrx_word' id='word_1_40' title='bbox 302 593 344 626; x_wconf 90' lang='lat' dir='ltr'>et</span> <span class='ocrx_word' id='word_1_41' title='bbox 364 586 506 640; x_wconf 82' lang='lat' dir='ltr'>tuguri</span> <span class='ocrx_word' id='word_1_42' title='bbox 525 592 770 639; x_wconf 83' lang='lat' dir='ltr'>congestum</span> <span class='ocrx_word' id='word_1_43' title='bbox 789 584 947 637; x_wconf 69' lang='lat' dir='ltr'>cespite</span> <span class='ocrx_word' id='word_1_44' title='bbox 968 583 1144 633; x_wconf 88' lang='lat' dir='ltr'>culmen,</span> 
     </span>
    </p>
   </div>
   <div class='ocr_carea' id='block_1_6' title="bbox 76 640 1253 696">
    <p class='ocr_par' dir='ltr' id='par_1_7' title="bbox 76 640 1253 696">
     <span class='ocr_line' id='line_1_9' title="bbox 76 640 1253 696; baseline -0.003 -13"><span class='ocrx_word' id='word_1_45' title='bbox 76 641 181 683; x_wconf 85' lang='lat' dir='ltr'>Post</span> <span class='ocrx_word' id='word_1_46' title='bbox 200 642 370 696; x_wconf 83' lang='lat' dir='ltr'>aliquot,</span> <span class='ocrx_word' id='word_1_47' title='bbox 401 657 495 683; x_wconf 85' lang='lat' dir='ltr'>mea</span> <span class='ocrx_word' id='word_1_48' title='bbox 514 656 657 696; x_wconf 83' lang='lat' dir='ltr'>regna,</span> <span class='ocrx_word' id='word_1_49' title='bbox 687 640 845 689; x_wconf 85' lang='lat' dir='ltr'>videns,</span> <span class='ocrx_word' id='word_1_50' title='bbox 875 642 1058 681; x_wconf 85' lang='lat' dir='ltr'>mirabor</span> <span class='ocrx_word' id='word_1_51' title='bbox 1077 642 1253 682; x_wconf 71' lang='lat' dir='ltr'>aristas?</span> 
     </span>
    </p>
   </div>
   <div class='ocr_carea' id='block_1_7' title="bbox 1483 641 1538 680">
    <p class='ocr_par' dir='ltr' id='par_1_8' title="bbox 1483 641 1538 680">
     <span class='ocr_line' id='line_1_10' title="bbox 1483 641 1538 680; baseline 0 0"><span class='ocrx_word' id='word_1_52' title='bbox 1483 641 1538 680; x_wconf 83' lang='lat'>70</span> 
     </span>
    </p>
   </div>
   <div class='ocr_carea' id='block_1_8' title="bbox 74 696 1186 923">
    <p class='ocr_par' dir='ltr' id='par_1_9' title="bbox 74 696 1186 923">
     <span class='ocr_line' id='line_1_11' title="bbox 74 696 1127 754; baseline -0.002 -14"><span class='ocrx_word' id='word_1_53' title='bbox 74 698 234 754; x_wconf 84' lang='lat' dir='ltr'>Impius</span> <span class='ocrx_word' id='word_1_54' title='bbox 253 699 345 740; x_wconf 88' lang='lat' dir='ltr'>haec</span> <span class='ocrx_word' id='word_1_55' title='bbox 366 708 450 740; x_wconf 85' lang='lat' dir='ltr'>tam</span> <span class='ocrx_word' id='word_1_56' title='bbox 471 698 581 740; x_wconf 84' lang='lat' dir='ltr'>culta</span> <span class='ocrx_word' id='word_1_57' title='bbox 601 697 764 739; x_wconf 82' lang='lat' dir='ltr'>novalia</span> <span class='ocrx_word' id='word_1_58' title='bbox 786 696 903 738; x_wconf 86' lang='lat' dir='ltr'>miles</span> <span class='ocrx_word' id='word_1_59' title='bbox 923 698 1127 738; x_wconf 74' lang='lat' dir='ltr'>habebit?</span> 
     </span>
     <span class='ocr_line' id='line_1_12' title="bbox 76 753 1154 810; baseline -0.001 -14"><span class='ocrx_word' id='word_1_60' title='bbox 76 755 291 796; x_wconf 86' lang='lat' dir='ltr'>Barbarus</span> <span class='ocrx_word' id='word_1_61' title='bbox 311 755 388 796; x_wconf 87' lang='lat' dir='ltr'>has</span> <span class='ocrx_word' id='word_1_62' title='bbox 405 757 597 810; x_wconf 75' lang='lat' dir='ltr'>segetes?</span> <span class='ocrx_word' id='word_1_63' title='bbox 628 769 692 802; x_wconf 86' lang='lat' dir='ltr'>en,</span> <span class='ocrx_word' id='word_1_64' title='bbox 714 768 798 807; x_wconf 88' lang='lat' dir='ltr'>quo</span> <span class='ocrx_word' id='word_1_65' title='bbox 816 753 1025 794; x_wconf 84' lang='lat' dir='ltr'>discordia</span> <span class='ocrx_word' id='word_1_66' title='bbox 1045 756 1154 795; x_wconf 82' lang='lat' dir='ltr'>cives</span> 
     </span>
     <span class='ocr_line' id='line_1_13' title="bbox 75 811 1183 864; baseline -0.002 -11"><span class='ocrx_word' id='word_1_67' title='bbox 75 812 285 853; x_wconf 88' lang='lat' dir='ltr'>Produxit</span> <span class='ocrx_word' id='word_1_68' title='bbox 304 813 475 853; x_wconf 88' lang='lat' dir='ltr'>miseros</span> <span class='ocrx_word' id='word_1_69' title='bbox 494 814 502 852; x_wconf 68' lang='grc' dir='ltr'>ἰ</span> <span class='ocrx_word' id='word_1_70' title='bbox 535 826 600 861; x_wconf 89' lang='lat' dir='ltr'>en,</span> <span class='ocrx_word' id='word_1_71' title='bbox 618 811 735 864; x_wconf 86' lang='lat' dir='ltr'>queis</span> <span class='ocrx_word' id='word_1_72' title='bbox 757 811 1016 850; x_wconf 84' lang='lat' dir='ltr'>consevimus</span> <span class='ocrx_word' id='word_1_73' title='bbox 1037 814 1183 864; x_wconf 76' lang='lat' dir='ltr'>agros!</span> 
     </span>
     <span class='ocr_line' id='line_1_14' title="bbox 76 867 1186 923; baseline -0.001 -14"><span class='ocrx_word' id='word_1_74' title='bbox 76 869 217 910; x_wconf 88' lang='lat' dir='ltr'>Insere</span> <span class='ocrx_word' id='word_1_75' title='bbox 231 883 355 918; x_wconf 89' lang='lat' dir='ltr'>nunc,</span> <span class='ocrx_word' id='word_1_76' title='bbox 375 868 591 917; x_wconf 85' lang='lat' dir='ltr'>Meliboee,</span> <span class='ocrx_word' id='word_1_77' title='bbox 611 868 739 923; x_wconf 86' lang='lat' dir='ltr'>piros,</span> <span class='ocrx_word' id='word_1_78' title='bbox 760 880 871 920; x_wconf 91' lang='lat' dir='ltr'>pone</span> <span class='ocrx_word' id='word_1_79' title='bbox 891 867 1037 908; x_wconf 86' lang='lat' dir='ltr'>ordine</span> <span class='ocrx_word' id='word_1_80' title='bbox 1058 868 1160 908; x_wconf 83' lang='lat' dir='ltr'>vites</span> <span class='ocrx_word' id='word_1_81' title='bbox 1178 884 1186 908; x_wconf 90' lang='lat'>:</span> 
     </span>
    </p>
   </div>
   <div class='ocr_carea' id='block_1_9' title="bbox 74 922 1060 980">
    <p class='ocr_par' dir='ltr' id='par_1_10' title="bbox 74 922 1060 980">
     <span class='ocr_line' id='line_1_15' title="bbox 74 922 1060 980; baseline -0.002 -13"><span class='ocrx_word' id='word_1_82' title='bbox 74 925 138 967; x_wconf 90' lang='lat' dir='ltr'>Ite</span> <span class='ocrx_word' id='word_1_83' title='bbox 158 941 274 976; x_wconf 89' lang='lat' dir='ltr'>meae,</span> <span class='ocrx_word' id='word_1_84' title='bbox 288 925 388 967; x_wconf 85' lang='lat' dir='ltr'>felix</span> <span class='ocrx_word' id='word_1_85' title='bbox 408 926 620 980; x_wconf 85' lang='lat' dir='ltr'>quondam</span> <span class='ocrx_word' id='word_1_86' title='bbox 641 938 785 979; x_wconf 77' lang='lat' dir='ltr'>pchS,</span> <span class='ocrx_word' id='word_1_87' title='bbox 801 923 858 964; x_wconf 91' lang='lat' dir='ltr'>ite</span> <span class='ocrx_word' id='word_1_88' title='bbox 875 922 1060 978; x_wconf 85' lang='lat' dir='ltr'>capellae.</span> 
     </span>
    </p>
   </div>
   <div class='ocr_carea' id='block_1_10' title="bbox 1513 925 1537 963">
    <p class='ocr_par' dir='ltr' id='par_1_11' title="bbox 1513 925 1537 963">
     <span class='ocr_line' id='line_1_16' title="bbox 1513 925 1537 963; textangle 90"><span class='ocrx_word' id='word_1_89' title='bbox 1513 925 1537 963; x_wconf 67' lang='lat' dir='ltr'>Cr</span> 
     </span>
    </p>
   </div>
   <div class='ocr_carea' id='block_1_11' title="bbox 74 980 1168 1038">
    <p class='ocr_par' dir='ltr' id='par_1_12' title="bbox 74 980 1168 1038">
     <span class='ocr_line' id='line_1_17' title="bbox 74 980 1168 1038; baseline -0.001 -15"><span class='ocrx_word' id='word_1_90' title='bbox 74 982 177 1024; x_wconf 84' lang='lat' dir='ltr'>Non</span> <span class='ocrx_word' id='word_1_91' title='bbox 196 998 276 1038; x_wconf 84' lang='lat' dir='ltr'>ego</span> <span class='ocrx_word' id='word_1_92' title='bbox 297 998 372 1025; x_wconf 84' lang='lat' dir='ltr'>vos</span> <span class='ocrx_word' id='word_1_93' title='bbox 391 983 583 1038; x_wconf 75' lang='lat' dir='ltr'>posthac,</span> <span class='ocrx_word' id='word_1_94' title='bbox 606 981 725 1022; x_wconf 85' lang='lat' dir='ltr'>viridi</span> <span class='ocrx_word' id='word_1_95' title='bbox 745 980 959 1035; x_wconf 86' lang='lat' dir='ltr'>projectus</span> <span class='ocrx_word' id='word_1_96' title='bbox 978 981 1020 1021; x_wconf 92' lang='lat' dir='ltr'>in</span> <span class='ocrx_word' id='word_1_97' title='bbox 1036 988 1168 1030; x_wconf 87' lang='lat' dir='ltr'>antro,</span> 
     </span>
    </p>
   </div>
   <div class='ocr_carea' id='block_1_12' title="bbox 65 1088 786 2756">
    <p class='ocr_par' dir='ltr' id='par_1_13' title="bbox 72 1088 784 1362">
     <span class='ocr_line' id='line_1_18' title="bbox 73 1088 783 1130; baseline -0.004 -11"><span class='ocrx_word' id='word_1_98' title='bbox 73 1094 105 1120; x_wconf 89' lang='lat' dir='ltr'>et</span> <span class='ocrx_word' id='word_1_99' title='bbox 131 1091 216 1120; x_wconf 83' lang='lat' dir='ltr'>Arar</span> <span class='ocrx_word' id='word_1_100' title='bbox 241 1090 299 1121; x_wconf 90' lang='lat' dir='ltr'>sibi</span> <span class='ocrx_word' id='word_1_101' title='bbox 324 1091 513 1130; x_wconf 86' lang='lat' dir='ltr'>respondere</span> <span class='ocrx_word' id='word_1_102' title='bbox 541 1091 709 1125; x_wconf 89' lang='lat' dir='ltr'>debebant;</span> <span class='ocrx_word' id='word_1_103' title='bbox 733 1088 783 1117; x_wconf 90' lang='lat' dir='ltr'>hic</span> 
     </span>
     <span class='ocr_line' id='line_1_19' title="bbox 73 1128 782 1168; baseline -0.003 -9"><span class='ocrx_word' id='word_1_104' title='bbox 73 1134 174 1159; x_wconf 85' lang='lat' dir='ltr'>autem</span> <span class='ocrx_word' id='word_1_105' title='bbox 188 1129 297 1160; x_wconf 76' lang='lat' dir='ltr'>Galliae</span> <span class='ocrx_word' id='word_1_106' title='bbox 320 1131 431 1159; x_wconf 85' lang='lat' dir='ltr'>fluvius</span> <span class='ocrx_word' id='word_1_107' title='bbox 446 1134 504 1163; x_wconf 88' lang='lat' dir='ltr'>est,</span> <span class='ocrx_word' id='word_1_108' title='bbox 528 1130 580 1168; x_wconf 87' lang='lat' dir='ltr'>qui</span> <span class='ocrx_word' id='word_1_109' title='bbox 603 1129 632 1157; x_wconf 91' lang='lat' dir='ltr'>in</span> <span class='ocrx_word' id='word_1_110' title='bbox 656 1128 782 1158; x_wconf 88' lang='lat' dir='ltr'>Rhoda·</span> 
     </span>
     <span class='ocr_line' id='line_1_20' title="bbox 72 1167 782 1207; baseline -0.003 -9"><span class='ocrx_word' id='word_1_111' title='bbox 72 1178 143 1198; x_wconf 88' lang='lat' dir='ltr'>num</span> <span class='ocrx_word' id='word_1_112' title='bbox 156 1179 190 1198; x_wconf 83' lang='lat' dir='ltr'>se</span> <span class='ocrx_word' id='word_1_113' title='bbox 204 1168 350 1198; x_wconf 78' lang='lat' dir='ltr'>immittit.</span> <span class='ocrx_word' id='word_1_114' title='bbox 392 1170 504 1198; x_wconf 68' lang='lat' dir='ltr'>Verum</span> <span class='ocrx_word' id='word_1_115' title='bbox 523 1168 654 1207; x_wconf 86' lang='lat' dir='ltr'>populos</span> <span class='ocrx_word' id='word_1_116' title='bbox 678 1167 782 1196; x_wconf 86' lang='lat' dir='ltr'>Gallos</span> 
     </span>
     <span class='ocr_line' id='line_1_21' title="bbox 72 1206 784 1245; baseline -0.001 -9"><span class='ocrx_word' id='word_1_117' title='bbox 72 1211 104 1237; x_wconf 82' lang='lat' dir='ltr'>et</span> <span class='ocrx_word' id='word_1_118' title='bbox 117 1208 284 1237; x_wconf 89' lang='lat' dir='ltr'>Germanos</span> <span class='ocrx_word' id='word_1_119' title='bbox 299 1208 418 1245; x_wconf 69' lang='lat' dir='ltr'>vulgari</span> <span class='ocrx_word' id='word_1_120' title='bbox 431 1218 569 1237; x_wconf 83' lang='lat' dir='ltr'>sermone</span> <span class='ocrx_word' id='word_1_121' title='bbox 583 1207 647 1236; x_wconf 84' lang='lat' dir='ltr'>fere</span> <span class='ocrx_word' id='word_1_122' title='bbox 659 1206 784 1235; x_wconf 82' lang='lat' dir='ltr'>confun-</span> 
     </span>
     <span class='ocr_line' id='line_1_22' title="bbox 72 1246 784 1276; baseline -0.001 -1"><span class='ocrx_word' id='word_1_123' title='bbox 72 1246 105 1275; x_wconf 82' lang='lat' dir='ltr'>di</span> <span class='ocrx_word' id='word_1_124' title='bbox 119 1247 195 1275; x_wconf 82' lang='lat' dir='ltr'>satis</span> <span class='ocrx_word' id='word_1_125' title='bbox 210 1250 339 1276; x_wconf 88' lang='lat' dir='ltr'>constat.</span> <span class='ocrx_word' id='word_1_126' title='bbox 352 1247 392 1275; x_wconf 91' lang='lat' dir='ltr'>Et</span> <span class='ocrx_word' id='word_1_127' title='bbox 407 1247 440 1275; x_wconf 85' lang='lat' dir='ltr'>fit</span> <span class='ocrx_word' id='word_1_128' title='bbox 454 1247 511 1275; x_wconf 90' lang='lat' dir='ltr'>hoc</span> <span class='ocrx_word' id='word_1_129' title='bbox 521 1246 627 1275; x_wconf 79' lang='lat' dir='ltr'>eadem</span> <span class='ocrx_word' id='word_1_130' title='bbox 648 1246 713 1275; x_wconf 84' lang='lat' dir='ltr'>fere</span> <span class='ocrx_word' id='word_1_131' title='bbox 736 1255 784 1274; x_wconf 88' lang='lat' dir='ltr'>ra-</span> 
     </span>
     <span class='ocr_line' id='line_1_23' title="bbox 72 1285 783 1325; baseline -0.001 -11"><span class='ocrx_word' id='word_1_132' title='bbox 72 1285 166 1320; x_wconf 77' lang='lat' dir='ltr'>tione,</span> <span class='ocrx_word' id='word_1_133' title='bbox 181 1295 241 1324; x_wconf 89' lang='lat' dir='ltr'>qua</span> <span class='ocrx_word' id='word_1_134' title='bbox 251 1285 364 1325; x_wconf 87' lang='lat' dir='ltr'>Tigris,</span> <span class='ocrx_word' id='word_1_135' title='bbox 384 1285 436 1323; x_wconf 89' lang='lat' dir='ltr'>qui</span> <span class='ocrx_word' id='word_1_136' title='bbox 451 1286 634 1314; x_wconf 81' lang='lat' dir='ltr'>Parthorum</span> <span class='ocrx_word' id='word_1_137' title='bbox 649 1285 725 1314; x_wconf 82' lang='lat' dir='ltr'>fines</span> <span class='ocrx_word' id='word_1_138' title='bbox 739 1285 783 1313; x_wconf 84' lang='lat' dir='ltr'>fa-</span> 
     </span>
     <span class='ocr_line' id='line_1_24' title="bbox 72 1324 648 1362; baseline -0.002 -10"><span class='ocrx_word' id='word_1_139' title='bbox 72 1324 126 1357; x_wconf 89' lang='lat' dir='ltr'>cit,</span> <span class='ocrx_word' id='word_1_140' title='bbox 142 1324 325 1353; x_wconf 80' lang='lat' dir='ltr'>Parthorum</span> <span class='ocrx_word' id='word_1_141' title='bbox 340 1324 451 1353; x_wconf 86' lang='lat' dir='ltr'>fluvius</span> <span class='ocrx_word' id='word_1_142' title='bbox 466 1324 648 1362; x_wconf 85' lang='lat' dir='ltr'>appellatur.</span> 
     </span>
    </p>

    <p class='ocr_par' dir='ltr' id='par_1_14' title="bbox 65 1363 786 2756">
     <span class='ocr_line' id='line_1_25' title="bbox 110 1363 783 1402; baseline -0.004 -10"><span class='ocrx_word' id='word_1_143' title='bbox 110 1365 148 1392; x_wconf 83' lang='lat'>65</span> <span class='ocrx_word' id='word_1_144' title='bbox 176 1363 244 1402; x_wconf 83' lang='lat' dir='ltr'>Ego</span> <span class='ocrx_word' id='word_1_145' title='bbox 267 1363 417 1402; x_wconf 85' lang='lat' dir='ltr'>expquus</span> <span class='ocrx_word' id='word_1_146' title='bbox 445 1373 518 1392; x_wconf 89' lang='lat' dir='ltr'>rura</span> <span class='ocrx_word' id='word_1_147' title='bbox 539 1373 607 1392; x_wconf 89' lang='lat' dir='ltr'>mea</span> <span class='ocrx_word' id='word_1_148' title='bbox 632 1372 783 1400; x_wconf 88' lang='lat' dir='ltr'>nunquam</span> 
     </span>
     <span class='ocr_line' id='line_1_26' title="bbox 71 1401 783 1440; baseline 0 -10"><span class='ocrx_word' id='word_1_149' title='bbox 71 1401 226 1440; x_wconf 85' lang='lat' dir='ltr'>aspiciam.</span> <span class='ocrx_word' id='word_1_150' title='bbox 259 1401 457 1431; x_wconf 78' lang='lat' dir='ltr'>lV.-—-Ibimus</span> <span class='ocrx_word' id='word_1_151' title='bbox 474 1402 581 1439; x_wconf 84' lang='lat' dir='ltr'>Afros,</span> <span class='ocrx_word' id='word_1_152' title='bbox 602 1401 709 1430; x_wconf 90' lang='lat' dir='ltr'>durius</span> <span class='ocrx_word' id='word_1_153' title='bbox 729 1401 783 1430; x_wconf 91' lang='lat' dir='ltr'>eli-</span> 
     </span>
     <span class='ocr_line' id='line_1_27' title="bbox 72 1440 784 1480; baseline 0 -12"><span class='ocrx_word' id='word_1_154' title='bbox 72 1440 185 1475; x_wconf 84' lang='lat' dir='ltr'>sumin,</span> <span class='ocrx_word' id='word_1_155' title='bbox 194 1441 249 1470; x_wconf 87' lang='lat' dir='ltr'>sed</span> <span class='ocrx_word' id='word_1_156' title='bbox 257 1441 295 1470; x_wconf 83' lang='lat' dir='ltr'>ad</span> <span class='ocrx_word' id='word_1_157' title='bbox 303 1445 486 1480; x_wconf 86' lang='lat' dir='ltr'>perpetuum</span> <span class='ocrx_word' id='word_1_158' title='bbox 494 1440 622 1470; x_wconf 86' lang='lat' dir='ltr'>Homeri</span> <span class='ocrx_word' id='word_1_159' title='bbox 631 1450 784 1469; x_wconf 89' lang='lat' dir='ltr'>morem—</span> 
     </span>
     <span class='ocr_line' id='line_1_28' title="bbox 69 1478 785 1518; baseline 0 -11"><span class='ocrx_word' id='word_1_160' title='bbox 69 1478 216 1518; x_wconf 69' lang='grc' dir='ltr'><em>αΙὶἱ-ρανε,</em></span> <span class='ocrx_word' id='word_1_161' title='bbox 245 1489 302 1518; x_wconf 91' lang='lat' dir='ltr'>pro</span> <span class='ocrx_word' id='word_1_162' title='bbox 334 1480 462 1509; x_wconf 85' lang='lat' dir='ltr'>alii-alii.</span> <span class='ocrx_word' id='word_1_163' title='bbox 492 1480 536 1509; x_wconf 90' lang='lat' dir='ltr'>H.</span> <span class='ocrx_word' id='word_1_164' title='bbox 576 1480 621 1508; x_wconf 77' lang='lat' dir='ltr'>At</span> <span class='ocrx_word' id='word_1_165' title='bbox 653 1478 785 1508; x_wconf 81' lang='lat' dir='ltr'>nos-alii-</span> 
     </span>
     <span class='ocr_line' id='line_1_29' title="bbox 65 1518 783 1557; baseline 0 -11"><span class='ocrx_word' id='word_1_166' title='bbox 65 1527 141 1556; x_wconf 82' lang='lat' dir='ltr'>pars</span> <span class='ocrx_word' id='word_1_167' title='bbox 166 1518 278 1548; x_wconf 87' lang='lat' dir='ltr'>usitata</span> <span class='ocrx_word' id='word_1_168' title='bbox 305 1522 336 1547; x_wconf 90' lang='lat' dir='ltr'>et</span> <span class='ocrx_word' id='word_1_169' title='bbox 358 1518 557 1557; x_wconf 86' lang='lat' dir='ltr'>pedestribus</span> <span class='ocrx_word' id='word_1_170' title='bbox 582 1518 783 1556; x_wconf 83' lang='lat' dir='ltr'>scriptoribus</span> 
     </span>
     <span class='ocr_line' id='line_1_30' title="bbox 70 1556 784 1598; baseline -0.001 -13"><span class='ocrx_word' id='word_1_171' title='bbox 70 1557 252 1595; x_wconf 78' lang='lat' dir='ltr'>compositio</span> <span class='ocrx_word' id='word_1_172' title='bbox 283 1566 355 1595; x_wconf 84' lang='lat' dir='ltr'>pro:</span> <span class='ocrx_word' id='word_1_173' title='bbox 389 1561 526 1586; x_wconf 86' lang='lat' dir='ltr'>nostrum</span> <span class='ocrx_word' id='word_1_174' title='bbox 557 1556 711 1598; x_wconf 86' lang='lat' dir='ltr'>alii—pars:</span> <span class='ocrx_word' id='word_1_175' title='bbox 744 1556 784 1584; x_wconf 90' lang='lat' dir='ltr'>cs.</span> 
     </span>
     <span class='ocr_line' id='line_1_31' title="bbox 71 1595 784 1625; baseline -0.003 -1"><span class='ocrx_word' id='word_1_176' title='bbox 71 1595 153 1624; x_wconf 88' lang='lat' dir='ltr'>Caes.</span> <span class='ocrx_word' id='word_1_177' title='bbox 179 1595 219 1624; x_wconf 86' lang='lat' dir='ltr'>B.</span> <span class='ocrx_word' id='word_1_178' title='bbox 248 1596 286 1625; x_wconf 89' lang='lat' dir='ltr'>G.</span> <span class='ocrx_word' id='word_1_179' title='bbox 307 1596 334 1624; x_wconf 92' lang='grc' dir='ltr'><strong>Ι.</strong></span> <span class='ocrx_word' id='word_1_180' title='bbox 354 1597 403 1624; x_wconf 84' lang='grc'><strong>53.</strong></span> <span class='ocrx_word' id='word_1_181' title='bbox 424 1596 490 1625; x_wconf 86' lang='lat' dir='ltr'>Liv.</span> <span class='ocrx_word' id='word_1_182' title='bbox 512 1595 639 1624; x_wconf 46' lang='lat' dir='ltr'>XXIX.</span> <span class='ocrx_word' id='word_1_183' title='bbox 660 1595 709 1623; x_wconf 81' lang='lat'>20.</span> <span class='ocrx_word' id='word_1_184' title='bbox 734 1595 784 1622; x_wconf 86' lang='lat' dir='ltr'>Ita</span> 
     </span>
     <span class='ocr_line' id='line_1_32' title="bbox 72 1632 784 1672; baseline -0.004 -9"><span class='ocrx_word' id='word_1_185' title='bbox 72 1634 173 1663; x_wconf 81' lang='lat' dir='ltr'>Graeei</span> <span class='ocrx_word' id='word_1_186' title='bbox 197 1644 318 1672; x_wconf 88' lang='lat' dir='ltr'>quoque</span> <span class='ocrx_word' id='word_1_187' title='bbox 343 1634 520 1672; x_wconf 85' lang='lat' dir='ltr'>loquuntur.</span> <span class='ocrx_word' id='word_1_188' title='bbox 549 1633 675 1662; x_wconf 79' lang='lat' dir='ltr'>W.—66</span> <span class='ocrx_word' id='word_1_189' title='bbox 705 1632 784 1670; x_wconf 77' lang='lat' dir='ltr'>rapi-</span> 
     </span>
     <span class='ocr_line' id='line_1_33' title="bbox 70 1671 785 1701; baseline -0.001 -1"><span class='ocrx_word' id='word_1_190' title='bbox 70 1672 136 1700; x_wconf 84' lang='lat' dir='ltr'>dum</span> <span class='ocrx_word' id='word_1_191' title='bbox 150 1672 246 1701; x_wconf 82' lang='lat' dir='ltr'>Cretae</span> <span class='ocrx_word' id='word_1_192' title='bbox 258 1672 402 1701; x_wconf 77' lang='lat' dir='ltr'>veniemus</span> <span class='ocrx_word' id='word_1_193' title='bbox 415 1672 533 1701; x_wconf 80' lang='lat' dir='ltr'>Oaxem.</span> <span class='ocrx_word' id='word_1_194' title='bbox 576 1671 672 1700; x_wconf 78' lang='lat' dir='ltr'>Oaxes</span> <span class='ocrx_word' id='word_1_195' title='bbox 684 1671 785 1700; x_wconf 86' lang='lat' dir='ltr'>Cretae</span> 
     </span>
     <span class='ocr_line' id='line_1_34' title="bbox 72 1710 784 1749; baseline 0 -11"><span class='ocrx_word' id='word_1_196' title='bbox 72 1710 102 1738; x_wconf 82' lang='lat' dir='ltr'>ss.</span> <span class='ocrx_word' id='word_1_197' title='bbox 124 1710 235 1739; x_wconf 90' lang='lat' dir='ltr'>nemini</span> <span class='ocrx_word' id='word_1_198' title='bbox 248 1715 443 1745; x_wconf 83' lang='lat' dir='ltr'>memoratus,</span> <span class='ocrx_word' id='word_1_199' title='bbox 462 1714 576 1749; x_wconf 84' lang='lat' dir='ltr'>praeter</span> <span class='ocrx_word' id='word_1_200' title='bbox 590 1710 711 1739; x_wconf 84' lang='lat' dir='ltr'>Vibium</span> <span class='ocrx_word' id='word_1_201' title='bbox 728 1710 784 1738; x_wconf 89' lang='lat' dir='ltr'>Se-</span> 
     </span>
     <span class='ocr_line' id='line_1_35' title="bbox 71 1749 783 1787; baseline 0 -10"><span class='ocrx_word' id='word_1_202' title='bbox 71 1753 240 1787; x_wconf 90' lang='lat' dir='ltr'>questrem,</span> <span class='ocrx_word' id='word_1_203' title='bbox 260 1749 391 1779; x_wconf 86' lang='lat' dir='ltr'>fortasse</span> <span class='ocrx_word' id='word_1_204' title='bbox 413 1760 453 1778; x_wconf 82' lang='lat' dir='ltr'>ex</span> <span class='ocrx_word' id='word_1_205' title='bbox 473 1750 530 1778; x_wconf 90' lang='lat' dir='ltr'>hoc</span> <span class='ocrx_word' id='word_1_206' title='bbox 549 1750 617 1787; x_wconf 92' lang='lat' dir='ltr'>ipso</span> <span class='ocrx_word' id='word_1_207' title='bbox 638 1749 724 1785; x_wconf 69' lang='lat' dir='ltr'>loco,</span> <span class='ocrx_word' id='word_1_208' title='bbox 745 1749 783 1777; x_wconf 89' lang='lat' dir='ltr'>de</span> 
     </span>
     <span class='ocr_line' id='line_1_36' title="bbox 71 1787 782 1822; baseline -0.001 -6"><span class='ocrx_word' id='word_1_209' title='bbox 71 1788 148 1816; x_wconf 90' lang='lat' dir='ltr'>urbe</span> <span class='ocrx_word' id='word_1_210' title='bbox 163 1791 263 1817; x_wconf 84' lang='lat' dir='ltr'>tamen</span> <span class='ocrx_word' id='word_1_211' title='bbox 283 1789 396 1822; x_wconf 86' lang='lat' dir='ltr'>Cretae,</span> <span class='ocrx_word' id='word_1_212' title='bbox 420 1787 514 1821; x_wconf 75' lang='lat' dir='ltr'>Oaxo,</span> <span class='ocrx_word' id='word_1_213' title='bbox 536 1798 593 1816; x_wconf 90' lang='lat' dir='ltr'>non</span> <span class='ocrx_word' id='word_1_214' title='bbox 616 1787 782 1822; x_wconf 86' lang='lat' dir='ltr'>dubitatur,</span> 
     </span>
     <span class='ocr_line' id='line_1_37' title="bbox 70 1825 784 1866; baseline 0 -12"><span class='ocrx_word' id='word_1_215' title='bbox 70 1836 168 1864; x_wconf 82' lang='lat' dir='ltr'>neque</span> <span class='ocrx_word' id='word_1_216' title='bbox 181 1826 258 1855; x_wconf 92' lang='lat' dir='ltr'>illud</span> <span class='ocrx_word' id='word_1_217' title='bbox 271 1826 418 1866; x_wconf 87' lang='lat' dir='ltr'>ignotum,</span> <span class='ocrx_word' id='word_1_218' title='bbox 439 1826 563 1856; x_wconf 88' lang='lat' dir='ltr'>Cretam</span> <span class='ocrx_word' id='word_1_219' title='bbox 579 1825 709 1855; x_wconf 74' lang='lat' dir='ltr'>OEaxida</span> <span class='ocrx_word' id='word_1_220' title='bbox 720 1826 784 1855; x_wconf 89' lang='lat' dir='ltr'>dic-</span> 
     </span>
     <span class='ocr_line' id='line_1_38' title="bbox 69 1865 786 1903; baseline 0 -10"><span class='ocrx_word' id='word_1_221' title='bbox 69 1869 131 1893; x_wconf 84' lang='lat' dir='ltr'>tam</span> <span class='ocrx_word' id='word_1_222' title='bbox 144 1874 225 1894; x_wconf 76' lang='lat' dir='ltr'>esse.</span> <span class='ocrx_word' id='word_1_223' title='bbox 246 1875 276 1893; x_wconf 92' lang='lat' dir='ltr'>v.</span> <span class='ocrx_word' id='word_1_224' title='bbox 296 1865 438 1903; x_wconf 87' lang='lat' dir='ltr'>Apollon.</span> <span class='ocrx_word' id='word_1_225' title='bbox 460 1865 488 1899; x_wconf 85' lang='grc' dir='ltr'>Ι,</span> <span class='ocrx_word' id='word_1_226' title='bbox 512 1866 600 1894; x_wconf 80' lang='grc'><strong>1131.</strong></span> <span class='ocrx_word' id='word_1_227' title='bbox 633 1865 786 1894; x_wconf 85' lang='lat' dir='ltr'>Mirantur</span> 
     </span>
     <span class='ocr_line' id='line_1_39' title="bbox 69 1904 785 1942; baseline 0 -10"><span class='ocrx_word' id='word_1_228' title='bbox 69 1913 161 1941; x_wconf 87' lang='lat' dir='ltr'>porro</span> <span class='ocrx_word' id='word_1_229' title='bbox 176 1904 363 1942; x_wconf 83' lang='lat' dir='ltr'>sagaciores,</span> <span class='ocrx_word' id='word_1_230' title='bbox 381 1914 436 1933; x_wconf 88' lang='lat' dir='ltr'>cur</span> <span class='ocrx_word' id='word_1_231' title='bbox 449 1908 510 1933; x_wconf 90' lang='lat' dir='ltr'>tam</span> <span class='ocrx_word' id='word_1_232' title='bbox 523 1904 646 1933; x_wconf 84' lang='lat' dir='ltr'>obscuri</span> <span class='ocrx_word' id='word_1_233' title='bbox 658 1904 785 1932; x_wconf 89' lang='lat' dir='ltr'>nominis</span> 
     </span>
     <span class='ocr_line' id='line_1_40' title="bbox 68 1942 785 1981; baseline 0.001 -11"><span class='ocrx_word' id='word_1_234' title='bbox 68 1942 179 1971; x_wconf 84' lang='lat' dir='ltr'>fluvius</span> <span class='ocrx_word' id='word_1_235' title='bbox 199 1943 229 1971; x_wconf 88' lang='lat' dir='ltr'>h.</span> <span class='ocrx_word' id='word_1_236' title='bbox 250 1944 278 1972; x_wconf 88' lang='lat'>1.</span> <span class='ocrx_word' id='word_1_237' title='bbox 297 1953 316 1971; x_wconf 91' lang='lat' dir='ltr'>a</span> <span class='ocrx_word' id='word_1_238' title='bbox 335 1947 458 1981; x_wconf 84' lang='lat' dir='ltr'>pastore</span> <span class='ocrx_word' id='word_1_239' title='bbox 478 1943 666 1978; x_wconf 84' lang='lat' dir='ltr'>nominetur;</span> <span class='ocrx_word' id='word_1_240' title='bbox 687 1953 785 1981; x_wconf 89' lang='lat' dir='ltr'>neque</span> 
     </span>
     <span class='ocr_line' id='line_1_41' title="bbox 68 1980 785 2020; baseline 0.001 -11"><span class='ocrx_word' id='word_1_241' title='bbox 68 1980 144 2010; x_wconf 89' lang='lat' dir='ltr'>illud</span> <span class='ocrx_word' id='word_1_242' title='bbox 179 1981 252 2010; x_wconf 88' lang='lat' dir='ltr'>satis</span> <span class='ocrx_word' id='word_1_243' title='bbox 286 1985 500 2020; x_wconf 88' lang='lat' dir='ltr'>assequuntur,</span> <span class='ocrx_word' id='word_1_244' title='bbox 533 1982 685 2020; x_wconf 86' lang='lat' dir='ltr'>quomodo</span> <span class='ocrx_word' id='word_1_245' title='bbox 715 1987 785 2020; x_wconf 86' lang='lat' dir='ltr'>post</span> 
     </span>
     <span class='ocr_line' id='line_1_42' title="bbox 68 2019 785 2058; baseline 0.001 -10"><span class='ocrx_word' id='word_1_246' title='bbox 68 2019 203 2049; x_wconf 79' lang='lat' dir='ltr'>Africam</span> <span class='ocrx_word' id='word_1_247' title='bbox 215 2024 246 2049; x_wconf 86' lang='lat' dir='ltr'>et</span> <span class='ocrx_word' id='word_1_248' title='bbox 255 2020 422 2058; x_wconf 75' lang='lat' dir='ltr'>Scythiam,</span> <span class='ocrx_word' id='word_1_249' title='bbox 437 2031 505 2049; x_wconf 87' lang='lat' dir='ltr'>cum</span> <span class='ocrx_word' id='word_1_250' title='bbox 517 2020 785 2050; x_wconf 85' lang='lat' dir='ltr'>remotissimorum</span> 
     </span>
     <span class='ocr_line' id='line_1_43' title="bbox 69 2058 784 2098; baseline 0.001 -11"><span class='ocrx_word' id='word_1_251' title='bbox 69 2058 172 2087; x_wconf 86' lang='lat' dir='ltr'>finium</span> <span class='ocrx_word' id='word_1_252' title='bbox 192 2062 275 2088; x_wconf 82' lang='lat' dir='ltr'>terra</span> <span class='ocrx_word' id='word_1_253' title='bbox 292 2063 538 2098; x_wconf 78' lang='lat' dir='ltr'>exspectaretur,</span> <span class='ocrx_word' id='word_1_254' title='bbox 565 2060 662 2088; x_wconf 76' lang='lat' dir='ltr'>Cretoe</span> <span class='ocrx_word' id='word_1_255' title='bbox 672 2060 784 2088; x_wconf 83' lang='lat' dir='ltr'>mentio</span> 
     </span>
     <span class='ocr_line' id='line_1_44' title="bbox 68 2097 784 2137; baseline 0.003 -12"><span class='ocrx_word' id='word_1_256' title='bbox 68 2097 152 2126; x_wconf 84' lang='lat' dir='ltr'>facta</span> <span class='ocrx_word' id='word_1_257' title='bbox 185 2097 234 2127; x_wconf 85' lang='lat' dir='ltr'>sit.</span> <span class='ocrx_word' id='word_1_258' title='bbox 281 2098 396 2133; x_wconf 87' lang='lat' dir='ltr'>Fuere,</span> <span class='ocrx_word' id='word_1_259' title='bbox 429 2098 481 2137; x_wconf 90' lang='lat' dir='ltr'>qui</span> <span class='ocrx_word' id='word_1_260' title='bbox 514 2098 646 2128; x_wconf 78' lang='lat' dir='ltr'>Araxem</span> <span class='ocrx_word' id='word_1_261' title='bbox 679 2099 784 2137; x_wconf 79' lang='lat' dir='ltr'>reponi</span> 
     </span>
     <span class='ocr_line' id='line_1_45' title="bbox 69 2135 783 2175; baseline 0.001 -11"><span class='ocrx_word' id='word_1_262' title='bbox 69 2135 205 2165; x_wconf 82' lang='lat' dir='ltr'>mallent.</span> <span class='ocrx_word' id='word_1_263' title='bbox 251 2136 358 2166; x_wconf 85' lang='lat' dir='ltr'>Manet</span> <span class='ocrx_word' id='word_1_264' title='bbox 389 2141 492 2166; x_wconf 88' lang='lat' dir='ltr'>tamen</span> <span class='ocrx_word' id='word_1_265' title='bbox 524 2137 666 2170; x_wconf 82' lang='lat' dir='ltr'>alterum,</span> <span class='ocrx_word' id='word_1_266' title='bbox 701 2139 783 2175; x_wconf 92' lang='lat' dir='ltr'>quod</span> 
     </span>
     <span class='ocr_line' id='line_1_46' title="bbox 69 2176 783 2214; baseline 0.003 -11"><span class='ocrx_word' id='word_1_267' title='bbox 69 2178 209 2212; x_wconf 78' lang='lat' dir='ltr'>pastores</span> <span class='ocrx_word' id='word_1_268' title='bbox 223 2185 298 2213; x_wconf 83' lang='lat' dir='ltr'>agro</span> <span class='ocrx_word' id='word_1_269' title='bbox 318 2176 486 2205; x_wconf 86' lang='lat' dir='ltr'>Mantuano</span> <span class='ocrx_word' id='word_1_270' title='bbox 508 2176 600 2214; x_wconf 83' lang='lat' dir='ltr'>ejecti</span> <span class='ocrx_word' id='word_1_271' title='bbox 619 2176 658 2205; x_wconf 89' lang='lat' dir='ltr'>de</span> <span class='ocrx_word' id='word_1_272' title='bbox 679 2176 783 2205; x_wconf 81' lang='lat' dir='ltr'>Africa</span> 
     </span>
     <span class='ocr_line' id='line_1_47' title="bbox 69 2213 782 2253; baseline 0.004 -12"><span class='ocrx_word' id='word_1_273' title='bbox 69 2213 206 2251; x_wconf 82' lang='lat' dir='ltr'>Scythia,</span> <span class='ocrx_word' id='word_1_274' title='bbox 225 2214 319 2243; x_wconf 86' lang='lat' dir='ltr'>Creta</span> <span class='ocrx_word' id='word_1_275' title='bbox 333 2218 364 2243; x_wconf 88' lang='lat' dir='ltr'>et</span> <span class='ocrx_word' id='word_1_276' title='bbox 377 2215 534 2244; x_wconf 87' lang='lat' dir='ltr'>Britannia</span> <span class='ocrx_word' id='word_1_277' title='bbox 546 2215 686 2244; x_wconf 88' lang='lat' dir='ltr'>adeunda</span> <span class='ocrx_word' id='word_1_278' title='bbox 698 2215 782 2253; x_wconf 82' lang='lat' dir='ltr'>cogi·</span> 
     </span>
     <span class='ocr_line' id='line_1_48' title="bbox 69 2252 780 2292; baseline 0.003 -12"><span class='ocrx_word' id='word_1_279' title='bbox 69 2255 146 2280; x_wconf 85' lang='lat' dir='ltr'>tant.</span> <span class='ocrx_word' id='word_1_280' title='bbox 168 2252 360 2282; x_wconf 86' lang='lat' dir='ltr'>Excusemus</span> <span class='ocrx_word' id='word_1_281' title='bbox 372 2255 506 2292; x_wconf 69' lang='lat' dir='ltr'>poetam,</span> <span class='ocrx_word' id='word_1_282' title='bbox 521 2263 611 2292; x_wconf 88' lang='lat' dir='ltr'>quem</span> <span class='ocrx_word' id='word_1_283' title='bbox 623 2258 780 2292; x_wconf 84' lang='lat' dir='ltr'>pastorum</span> 
     </span>
     <span class='ocr_line' id='line_1_49' title="bbox 68 2291 782 2331; baseline 0.004 -13"><span class='ocrx_word' id='word_1_284' title='bbox 68 2300 216 2329; x_wconf 87' lang='lat' dir='ltr'>personas</span> <span class='ocrx_word' id='word_1_285' title='bbox 227 2291 305 2321; x_wconf 85' lang='lat' dir='ltr'>male</span> <span class='ocrx_word' id='word_1_286' title='bbox 316 2296 451 2321; x_wconf 86' lang='lat' dir='ltr'>tuentem</span> <span class='ocrx_word' id='word_1_287' title='bbox 463 2292 629 2321; x_wconf 84' lang='lat' dir='ltr'>defendere</span> <span class='ocrx_word' id='word_1_288' title='bbox 641 2293 728 2331; x_wconf 85' lang='lat' dir='ltr'>equid</span> <span class='ocrx_word' id='word_1_289' title='bbox 735 2303 782 2322; x_wconf 88' lang='lat' dir='ltr'>em</span> 
     </span>
     <span class='ocr_line' id='line_1_50' title="bbox 68 2329 782 2370; baseline 0.004 -13"><span class='ocrx_word' id='word_1_290' title='bbox 68 2338 128 2357; x_wconf 88' lang='lat' dir='ltr'>non</span> <span class='ocrx_word' id='word_1_291' title='bbox 143 2329 324 2367; x_wconf 82' lang='lat' dir='ltr'>suscipiam3</span> <span class='ocrx_word' id='word_1_292' title='bbox 346 2331 551 2360; x_wconf 88' lang='lat' dir='ltr'>concedamus</span> <span class='ocrx_word' id='word_1_293' title='bbox 571 2341 705 2370; x_wconf 87' lang='lat' dir='ltr'>quoqne,</span> <span class='ocrx_word' id='word_1_294' title='bbox 726 2332 782 2360; x_wconf 84' lang='lat' dir='ltr'>tlu-</span> 
     </span>
     <span class='ocr_line' id='line_1_51' title="bbox 68 2367 782 2407; baseline 0.004 -11"><span class='ocrx_word' id='word_1_295' title='bbox 68 2367 152 2396; x_wconf 90' lang='lat' dir='ltr'>vium</span> <span class='ocrx_word' id='word_1_296' title='bbox 166 2368 258 2406; x_wconf 86' lang='lat' dir='ltr'>hujus</span> <span class='ocrx_word' id='word_1_297' title='bbox 272 2369 398 2399; x_wconf 84' lang='lat' dir='ltr'>nominis</span> <span class='ocrx_word' id='word_1_298' title='bbox 411 2370 440 2399; x_wconf 88' lang='lat' dir='ltr'>iu</span> <span class='ocrx_word' id='word_1_299' title='bbox 454 2370 553 2399; x_wconf 85' lang='lat' dir='ltr'>insula</span> <span class='ocrx_word' id='word_1_300' title='bbox 564 2370 657 2399; x_wconf 83' lang='lat' dir='ltr'>Creta</span> <span class='ocrx_word' id='word_1_301' title='bbox 669 2370 782 2407; x_wconf 82' lang='lat' dir='ltr'>fuisse3</span> 
     </span>
     <span class='ocr_line' id='line_1_52' title="bbox 67 2407 784 2451; baseline 0.006 -17"><span class='ocrx_word' id='word_1_302' title='bbox 67 2407 158 2451; x_wconf 72' lang='lat' dir='ltr'>cujus</span> <span class='ocrx_word' id='word_1_303' title='bbox 169 2407 350 2436; x_wconf 85' lang='lat' dir='ltr'>mentionem</span> <span class='ocrx_word' id='word_1_304' title='bbox 362 2408 410 2438; x_wconf 85' lang='lat' dir='ltr'>hic</span> <span class='ocrx_word' id='word_1_305' title='bbox 423 2409 499 2443; x_wconf 88' lang='lat' dir='ltr'>fieri,</span> <span class='ocrx_word' id='word_1_306' title='bbox 516 2409 613 2438; x_wconf 86' lang='lat' dir='ltr'>minus</span> <span class='ocrx_word' id='word_1_307' title='bbox 626 2409 784 2439; x_wconf 88' lang='lat' dir='ltr'>mirabitur</span> 
     </span>
     <span class='ocr_line' id='line_1_53' title="bbox 67 2445 783 2486; baseline 0.007 -13"><span class='ocrx_word' id='word_1_308' title='bbox 67 2455 130 2483; x_wconf 78' lang='lat' dir='ltr'>qui,</span> <span class='ocrx_word' id='word_1_309' title='bbox 152 2446 197 2474; x_wconf 91' lang='lat' dir='ltr'>uti</span> <span class='ocrx_word' id='word_1_310' title='bbox 209 2445 316 2484; x_wconf 69' lang='lat' dir='ltr'>Ast-05,</span> <span class='ocrx_word' id='word_1_311' title='bbox 339 2456 393 2476; x_wconf 88' lang='lat' dir='ltr'>seu</span> <span class='ocrx_word' id='word_1_312' title='bbox 408 2447 521 2486; x_wconf 75' lang='lat' dir='ltr'>Libyas</span> <span class='ocrx_word' id='word_1_313' title='bbox 537 2453 568 2477; x_wconf 86' lang='lat' dir='ltr'>et</span> <span class='ocrx_word' id='word_1_314' title='bbox 581 2448 718 2485; x_wconf 67' lang='lat' dir='ltr'>Scythas.</span> <span class='ocrx_word' id='word_1_315' title='bbox 739 2449 783 2478; x_wconf 89' lang='lat' dir='ltr'>sic</span> 
     </span>
     <span class='ocr_line' id='line_1_54' title="bbox 67 2483 783 2516; baseline 0.006 -4"><span class='ocrx_word' id='word_1_316' title='bbox 67 2483 183 2513; x_wconf 77' lang='lat' dir='ltr'>insulas</span> <span class='ocrx_word' id='word_1_317' title='bbox 202 2485 240 2513; x_wconf 86' lang='lat' dir='ltr'>ab</span> <span class='ocrx_word' id='word_1_318' title='bbox 262 2485 353 2514; x_wconf 86' lang='lat' dir='ltr'>Italia</span> <span class='ocrx_word' id='word_1_319' title='bbox 370 2491 502 2515; x_wconf 81' lang='lat' dir='ltr'>remotas</span> <span class='ocrx_word' id='word_1_320' title='bbox 524 2487 639 2516; x_wconf 82' lang='lat' dir='ltr'>Cretum</span> <span class='ocrx_word' id='word_1_321' title='bbox 661 2490 692 2516; x_wconf 89' lang='lat' dir='ltr'>et</span> <span class='ocrx_word' id='word_1_322' title='bbox 711 2487 783 2516; x_wconf 88' lang='lat' dir='ltr'>Bri-</span> 
     </span>
     <span class='ocr_line' id='line_1_55' title="bbox 67 2522 781 2568; baseline 0.006 -17"><span class='ocrx_word' id='word_1_323' title='bbox 67 2522 197 2552; x_wconf 71' lang='lat' dir='ltr'>tanniam</span> <span class='ocrx_word' id='word_1_324' title='bbox 219 2523 277 2552; x_wconf 88' lang='lat' dir='ltr'>sibi</span> <span class='ocrx_word' id='word_1_325' title='bbox 295 2524 420 2568; x_wconf 85' lang='lat' dir='ltr'>opponi,</span> <span class='ocrx_word' id='word_1_326' title='bbox 443 2525 595 2554; x_wconf 80' lang='lat' dir='ltr'>observet.</span> <span class='ocrx_word' id='word_1_327' title='bbox 636 2526 781 2556; x_wconf 82' lang='lat' dir='ltr'>Fortasse</span> 
     </span>
     <span class='ocr_line' id='line_1_56' title="bbox 67 2561 781 2603; baseline 0.006 -13"><span class='ocrx_word' id='word_1_328' title='bbox 67 2561 159 2590; x_wconf 85' lang='lat' dir='ltr'>etiam</span> <span class='ocrx_word' id='word_1_329' title='bbox 185 2562 341 2591; x_wconf 80' lang='lat' dir='ltr'>intercidit</span> <span class='ocrx_word' id='word_1_330' title='bbox 366 2564 458 2601; x_wconf 77' lang='lat' dir='ltr'>poe&#39;ta</span> <span class='ocrx_word' id='word_1_331' title='bbox 484 2563 593 2602; x_wconf 86' lang='lat' dir='ltr'>aliquis</span> <span class='ocrx_word' id='word_1_332' title='bbox 620 2565 781 2603; x_wconf 88' lang='lat' dir='ltr'>antiquior,</span> 
     </span>
     <span class='ocr_line' id='line_1_57' title="bbox 68 2601 782 2642; baseline 0.006 -13"><span class='ocrx_word' id='word_1_333' title='bbox 68 2609 158 2637; x_wconf 88' lang='lat' dir='ltr'>quem</span> <span class='ocrx_word' id='word_1_334' title='bbox 167 2601 314 2640; x_wconf 76' lang='lat' dir='ltr'>Virgilius</span> <span class='ocrx_word' id='word_1_335' title='bbox 327 2608 396 2631; x_wconf 88' lang='lat' dir='ltr'>ante</span> <span class='ocrx_word' id='word_1_336' title='bbox 408 2601 513 2631; x_wconf 87' lang='lat' dir='ltr'>oculos</span> <span class='ocrx_word' id='word_1_337' title='bbox 521 2602 624 2631; x_wconf 83' lang='lat' dir='ltr'>habuit</span> <span class='ocrx_word' id='word_1_338' title='bbox 636 2613 643 2639; x_wconf 79' lang='lat'>3</span> <span class='ocrx_word' id='word_1_339' title='bbox 657 2603 688 2632; x_wconf 80' lang='lat' dir='ltr'>id</span> <span class='ocrx_word' id='word_1_340' title='bbox 700 2605 782 2642; x_wconf 80' lang='lat' dir='ltr'>quod</span> 
     </span>
     <span class='ocr_line' id='line_1_58' title="bbox 68 2638 785 2672; baseline 0.007 -5"><span class='ocrx_word' id='word_1_341' title='bbox 68 2638 140 2668; x_wconf 88' lang='lat' dir='ltr'>mihi</span> <span class='ocrx_word' id='word_1_342' title='bbox 160 2639 411 2670; x_wconf 81' lang='lat' dir='ltr'>verisimillimum</span> <span class='ocrx_word' id='word_1_343' title='bbox 435 2640 566 2669; x_wconf 86' lang='lat' dir='ltr'>videtur.</span> <span class='ocrx_word' id='word_1_344' title='bbox 606 2642 785 2672; x_wconf 77' lang='lat' dir='ltr'>Extiterunt</span> 
     </span>
     <span class='ocr_line' id='line_1_59' title="bbox 68 2677 784 2720; baseline 0.008 -15"><span class='ocrx_word' id='word_1_345' title='bbox 68 2677 169 2711; x_wconf 76' lang='lat' dir='ltr'>etiam,</span> <span class='ocrx_word' id='word_1_346' title='bbox 200 2678 307 2717; x_wconf 81' lang='lat' dir='ltr'>(inque</span> <span class='ocrx_word' id='word_1_347' title='bbox 334 2679 371 2709; x_wconf 90' lang='lat' dir='ltr'>iis</span> <span class='ocrx_word' id='word_1_348' title='bbox 398 2679 441 2709; x_wconf 86' lang='lat' dir='ltr'>H.</span> <span class='ocrx_word' id='word_1_349' title='bbox 473 2679 604 2708; x_wconf 77' lang='lat' dir='ltr'>Vossius</span> <span class='ocrx_word' id='word_1_350' title='bbox 636 2681 701 2718; x_wconf 88' lang='lat' dir='ltr'>W.)</span> <span class='ocrx_word' id='word_1_351' title='bbox 733 2683 784 2720; x_wconf 90' lang='lat' dir='ltr'>qui</span> 
     </span>
     <span class='ocr_line' id='line_1_60' title="bbox 73 2716 783 2756; baseline 0.01 -14"><span class='ocrx_word' id='word_1_352' title='bbox 73 2716 172 2747; x_wconf 72' lang='lat' dir='ltr'>Oaxen</span> <span class='ocrx_word' id='word_1_353' title='bbox 193 2726 249 2755; x_wconf 88' lang='lat' dir='ltr'>pro</span> <span class='ocrx_word' id='word_1_354' title='bbox 272 2718 354 2753; x_wconf 79' lang='lat' dir='ltr'>Oxo,</span> <span class='ocrx_word' id='word_1_355' title='bbox 376 2719 427 2756; x_wconf 87' lang='lat' dir='ltr'>qui</span> <span class='ocrx_word' id='word_1_356' title='bbox 447 2718 484 2746; x_wconf 86' lang='lat' dir='ltr'>ab</span> <span class='ocrx_word' id='word_1_357' title='bbox 505 2718 631 2748; x_wconf 86' lang='lat' dir='ltr'>Oriente</span> <span class='ocrx_word' id='word_1_358' title='bbox 651 2719 680 2748; x_wconf 89' lang='lat' dir='ltr'>in</span> <span class='ocrx_word' id='word_1_359' title='bbox 700 2729 783 2749; x_wconf 83' lang='lat' dir='ltr'>mare</span> 
     </span>
    </p>
   </div>
   <div class='ocr_carea' id='block_1_13' title="bbox 817 1088 1541 2753">
    <p class='ocr_par' dir='ltr' id='par_1_15' title="bbox 818 1088 1538 1322">
     <span class='ocr_line' id='line_1_61' title="bbox 823 1088 1537 1128; baseline -0.001 -11"><span class='ocrx_word' id='word_1_360' title='bbox 823 1088 968 1128; x_wconf 75' lang='lat' dir='ltr'>Caspium</span> <span class='ocrx_word' id='word_1_361' title='bbox 994 1089 1104 1123; x_wconf 83' lang='lat' dir='ltr'>innuit,</span> <span class='ocrx_word' id='word_1_362' title='bbox 1128 1089 1263 1128; x_wconf 86' lang='lat' dir='ltr'>positum</span> <span class='ocrx_word' id='word_1_363' title='bbox 1287 1099 1356 1118; x_wconf 87' lang='lat' dir='ltr'>esse</span> <span class='ocrx_word' id='word_1_364' title='bbox 1378 1088 1537 1126; x_wconf 81' lang='lat' dir='ltr'>opinaren—</span> 
     </span>
     <span class='ocr_line' id='line_1_62' title="bbox 822 1127 1538 1167; baseline 0.001 -12"><span class='ocrx_word' id='word_1_365' title='bbox 822 1132 883 1161; x_wconf 89' lang='lat' dir='ltr'>tur,</span> <span class='ocrx_word' id='word_1_366' title='bbox 906 1133 938 1157; x_wconf 90' lang='lat' dir='ltr'>ut</span> <span class='ocrx_word' id='word_1_367' title='bbox 955 1128 1066 1158; x_wconf 81' lang='lat' dir='ltr'>Oarion</span> <span class='ocrx_word' id='word_1_368' title='bbox 1080 1138 1136 1167; x_wconf 88' lang='lat' dir='ltr'>pro</span> <span class='ocrx_word' id='word_1_369' title='bbox 1153 1128 1245 1157; x_wconf 78' lang='lat' dir='ltr'>Orion</span> <span class='ocrx_word' id='word_1_370' title='bbox 1260 1127 1390 1163; x_wconf 69' lang='lat' dir='ltr'>diciturj,</span> <span class='ocrx_word' id='word_1_371' title='bbox 1411 1131 1472 1156; x_wconf 75' lang='lat' dir='ltr'>tuin</span> <span class='ocrx_word' id='word_1_372' title='bbox 1489 1139 1538 1156; x_wconf 85' lang='lat' dir='ltr'>ra-</span> 
     </span>
     <span class='ocr_line' id='line_1_63' title="bbox 818 1166 1536 1206; baseline 0 -12"><span class='ocrx_word' id='word_1_373' title='bbox 818 1166 921 1205; x_wconf 81' lang='lat' dir='ltr'>pidum</span> <span class='ocrx_word' id='word_1_374' title='bbox 942 1173 1027 1197; x_wconf 82' lang='lat' dir='ltr'>cretoe</span> <span class='ocrx_word' id='word_1_375' title='bbox 1041 1168 1102 1206; x_wconf 88' lang='lat' dir='ltr'>(ita</span> <span class='ocrx_word' id='word_1_376' title='bbox 1122 1168 1287 1205; x_wconf 84' lang='lat' dir='ltr'>scribunt),</span> <span class='ocrx_word' id='word_1_377' title='bbox 1310 1167 1348 1195; x_wconf 91' lang='lat' dir='ltr'>ad</span> <span class='ocrx_word' id='word_1_378' title='bbox 1368 1166 1536 1205; x_wconf 81' lang='lat' dir='ltr'>analogiam</span> 
     </span>
     <span class='ocr_line' id='line_1_64' title="bbox 824 1206 1537 1244; baseline -0.001 -9"><span class='ocrx_word' id='word_1_379' title='bbox 824 1206 910 1235; x_wconf 84' lang='lat' dir='ltr'>verbi</span> <span class='ocrx_word' id='word_1_380' title='bbox 938 1217 1040 1244; x_wconf 79' lang='lat' dir='ltr'>rapax,</span> <span class='ocrx_word' id='word_1_381' title='bbox 1067 1217 1135 1235; x_wconf 89' lang='lat' dir='ltr'>esse</span> <span class='ocrx_word' id='word_1_382' title='bbox 1162 1206 1353 1235; x_wconf 86' lang='lat' dir='ltr'>lutulentum.</span> <span class='ocrx_word' id='word_1_383' title='bbox 1399 1206 1537 1235; x_wconf 90' lang='lat' dir='ltr'>Curtium</span> 
     </span>
     <span class='ocr_line' id='line_1_65' title="bbox 825 1245 1538 1283; baseline -0.001 -10"><span class='ocrx_word' id='word_1_384' title='bbox 825 1245 905 1274; x_wconf 86' lang='lat' dir='ltr'>enim</span> <span class='ocrx_word' id='word_1_385' title='bbox 923 1246 999 1280; x_wconf 77' lang='lat' dir='ltr'>VII,</span> <span class='ocrx_word' id='word_1_386' title='bbox 1016 1247 1062 1280; x_wconf 84' lang='lat'>10,</span> <span class='ocrx_word' id='word_1_387' title='bbox 1079 1247 1127 1274; x_wconf 81' lang='lat'>13.</span> <span class='ocrx_word' id='word_1_388' title='bbox 1141 1246 1272 1274; x_wconf 83' lang='lat' dir='ltr'>referre:</span> <span class='ocrx_word' id='word_1_389' title='bbox 1293 1245 1394 1277; x_wconf 82' lang='lat' dir='ltr'>Oxus,</span> <span class='ocrx_word' id='word_1_390' title='bbox 1415 1245 1484 1283; x_wconf 81' lang='lat' dir='ltr'>quia</span> <span class='ocrx_word' id='word_1_391' title='bbox 1504 1245 1538 1272; x_wconf 84' lang='lat' dir='ltr'>Ii-</span> 
     </span>
     <span class='ocr_line' id='line_1_66' title="bbox 824 1284 1335 1322; baseline 0 -10"><span class='ocrx_word' id='word_1_392' title='bbox 824 1294 897 1313; x_wconf 83' lang='lat' dir='ltr'>mum</span> <span class='ocrx_word' id='word_1_393' title='bbox 911 1285 997 1318; x_wconf 76' lang='lat' dir='ltr'>vehit,</span> <span class='ocrx_word' id='word_1_394' title='bbox 1016 1284 1148 1313; x_wconf 76' lang='lat' dir='ltr'>turbidus</span> <span class='ocrx_word' id='word_1_395' title='bbox 1160 1294 1270 1322; x_wconf 77' lang='lat' dir='ltr'>semper</span> <span class='ocrx_word' id='word_1_396' title='bbox 1282 1288 1335 1312; x_wconf 76' lang='lat' dir='ltr'>est.</span> 
     </span>
    </p>

    <p class='ocr_par' dir='ltr' id='par_1_16' title="bbox 817 1322 1541 2753">
     <span class='ocr_line' id='line_1_67' title="bbox 861 1322 1538 1362; baseline -0.003 -10"><span class='ocrx_word' id='word_1_397' title='bbox 861 1325 901 1352; x_wconf 79' lang='lat'>70</span> <span class='ocrx_word' id='word_1_398' title='bbox 920 1324 1022 1362; x_wconf 62' lang='lat' dir='ltr'>Vulgo</span> <span class='ocrx_word' id='word_1_399' title='bbox 1035 1323 1142 1353; x_wconf 72' lang='lat' dir='ltr'>aristas</span> <span class='ocrx_word' id='word_1_400' title='bbox 1156 1324 1194 1352; x_wconf 87' lang='lat' dir='ltr'>de</span> <span class='ocrx_word' id='word_1_401' title='bbox 1209 1323 1295 1352; x_wconf 85' lang='lat' dir='ltr'>annis</span> <span class='ocrx_word' id='word_1_402' title='bbox 1310 1322 1423 1360; x_wconf 78' lang='lat' dir='ltr'>exponi</span> <span class='ocrx_word' id='word_1_403' title='bbox 1435 1326 1538 1351; x_wconf 85' lang='lat' dir='ltr'>notum</span> 
     </span>
     <span class='ocr_line' id='line_1_68' title="bbox 825 1362 1538 1401; baseline -0.001 -11"><span class='ocrx_word' id='word_1_404' title='bbox 825 1366 883 1391; x_wconf 87' lang='lat' dir='ltr'>est.</span> <span class='ocrx_word' id='word_1_405' title='bbox 924 1363 1085 1392; x_wconf 83' lang='lat' dir='ltr'>Enimvero</span> <span class='ocrx_word' id='word_1_406' title='bbox 1097 1373 1157 1391; x_wconf 81' lang='lat' dir='ltr'>mea</span> <span class='ocrx_word' id='word_1_407' title='bbox 1171 1373 1260 1401; x_wconf 80' lang='lat' dir='ltr'>reqna.</span> <span class='ocrx_word' id='word_1_408' title='bbox 1272 1362 1475 1399; x_wconf 84' lang='lat' dir='ltr'>subjiciuntur</span> <span class='ocrx_word' id='word_1_409' title='bbox 1483 1372 1538 1400; x_wconf 81' lang='lat' dir='ltr'>pa-</span> 
     </span>
     <span class='ocr_line' id='line_1_69' title="bbox 823 1401 1538 1440; baseline 0 -12"><span class='ocrx_word' id='word_1_410' title='bbox 823 1401 1006 1438; x_wconf 75' lang='lat' dir='ltr'>triisfiuibus</span> <span class='ocrx_word' id='word_1_411' title='bbox 1020 1412 1048 1430; x_wconf 74' lang='lat' dir='ltr'>v.</span> <span class='ocrx_word' id='word_1_412' title='bbox 1062 1403 1101 1430; x_wconf 81' lang='lat'>68</span> <span class='ocrx_word' id='word_1_413' title='bbox 1115 1412 1151 1430; x_wconf 88' lang='lat' dir='ltr'>ac</span> <span class='ocrx_word' id='word_1_414' title='bbox 1165 1401 1279 1440; x_wconf 70' lang='lat' dir='ltr'>tuqurio</span> <span class='ocrx_word' id='word_1_415' title='bbox 1301 1411 1330 1428; x_wconf 86' lang='lat' dir='ltr'>v.</span> <span class='ocrx_word' id='word_1_416' title='bbox 1344 1401 1394 1433; x_wconf 84' lang='lat'>69,</span> <span class='ocrx_word' id='word_1_417' title='bbox 1418 1404 1447 1428; x_wconf 87' lang='lat' dir='ltr'>et</span> <span class='ocrx_word' id='word_1_418' title='bbox 1469 1410 1538 1429; x_wconf 90' lang='lat' dir='ltr'>eos-</span> 
     </span>
     <span class='ocr_line' id='line_1_70' title="bbox 823 1438 1538 1479; baseline 0 -11"><span class='ocrx_word' id='word_1_419' title='bbox 823 1440 894 1468; x_wconf 90' lang='lat' dir='ltr'>dem</span> <span class='ocrx_word' id='word_1_420' title='bbox 909 1450 998 1479; x_wconf 81' lang='lat' dir='ltr'>agros</span> <span class='ocrx_word' id='word_1_421' title='bbox 1014 1446 1044 1469; x_wconf 91' lang='lat' dir='ltr'>et</span> <span class='ocrx_word' id='word_1_422' title='bbox 1056 1440 1269 1478; x_wconf 80' lang='lat' dir='ltr'>possessiones</span> <span class='ocrx_word' id='word_1_423' title='bbox 1278 1438 1383 1468; x_wconf 87' lang='lat' dir='ltr'>miseri</span> <span class='ocrx_word' id='word_1_424' title='bbox 1397 1439 1538 1468; x_wconf 76' lang='lat' dir='ltr'>Meliboei</span> 
     </span>
     <span class='ocr_line' id='line_1_71' title="bbox 824 1478 1540 1517; baseline -0.004 -9"><span class='ocrx_word' id='word_1_425' title='bbox 824 1479 981 1517; x_wconf 84' lang='lat' dir='ltr'>eleganter</span> <span class='ocrx_word' id='word_1_426' title='bbox 1007 1479 1170 1516; x_wconf 84' lang='lat' dir='ltr'>denotant;</span> <span class='ocrx_word' id='word_1_427' title='bbox 1205 1479 1268 1507; x_wconf 84' lang='lat' dir='ltr'>haec</span> <span class='ocrx_word' id='word_1_428' title='bbox 1301 1478 1402 1515; x_wconf 88' lang='lat' dir='ltr'>itaque</span> <span class='ocrx_word' id='word_1_429' title='bbox 1430 1478 1540 1506; x_wconf 76' lang='lat' dir='ltr'>videns</span> 
     </span>
     <span class='ocr_line' id='line_1_72' title="bbox 817 1517 1541 1556; baseline -0.001 -10"><span class='ocrx_word' id='word_1_430' title='bbox 817 1522 898 1555; x_wconf 81' lang='lat' dir='ltr'>post,</span> <span class='ocrx_word' id='word_1_431' title='bbox 912 1518 1051 1556; x_wconf 87' lang='lat' dir='ltr'>posthac,</span> <span class='ocrx_word' id='word_1_432' title='bbox 1072 1528 1111 1547; x_wconf 79' lang='lat' dir='ltr'>ex</span> <span class='ocrx_word' id='word_1_433' title='bbox 1126 1529 1157 1546; x_wconf 77' lang='lat' dir='ltr'>v.</span> <span class='ocrx_word' id='word_1_434' title='bbox 1172 1518 1220 1551; x_wconf 81' lang='lat'>68,</span> <span class='ocrx_word' id='word_1_435' title='bbox 1233 1517 1315 1554; x_wconf 77' lang='lat' dir='ltr'>lonyo</span> <span class='ocrx_word' id='word_1_436' title='bbox 1325 1520 1392 1554; x_wconf 79' lang='lat' dir='ltr'>post</span> <span class='ocrx_word' id='word_1_437' title='bbox 1404 1520 1541 1554; x_wconf 83' lang='lat' dir='ltr'>tempore,</span> 
     </span>
     <span class='ocr_line' id='line_1_73' title="bbox 823 1555 1541 1590; baseline 0.001 -7"><span class='ocrx_word' id='word_1_438' title='bbox 823 1556 892 1589; x_wconf 89' lang='lat' dir='ltr'>(Ita</span> <span class='ocrx_word' id='word_1_439' title='bbox 919 1557 976 1585; x_wconf 91' lang='lat' dir='ltr'>Ge.</span> <span class='ocrx_word' id='word_1_440' title='bbox 997 1557 1043 1590; x_wconf 91' lang='lat' dir='ltr'>II,</span> <span class='ocrx_word' id='word_1_441' title='bbox 1069 1557 1216 1584; x_wconf 78' lang='lat'>259—61.</span> <span class='ocrx_word' id='word_1_442' title='bbox 1243 1555 1329 1583; x_wconf 78' lang='lat' dir='ltr'>mullo</span> <span class='ocrx_word' id='word_1_443' title='bbox 1351 1558 1541 1584; x_wconf 71' lang='lat' dir='ltr'>ante-et·cmte</span> 
     </span>
     <span class='ocr_line' id='line_1_74' title="bbox 828 1593 1539 1632; baseline 0.001 -11"><span class='ocrx_word' id='word_1_444' title='bbox 828 1593 892 1630; x_wconf 85' lang='lat' dir='ltr'>W.)</span> <span class='ocrx_word' id='word_1_445' title='bbox 911 1594 941 1622; x_wconf 87' lang='lat' dir='ltr'>h.</span> <span class='ocrx_word' id='word_1_446' title='bbox 963 1594 1082 1632; x_wconf 85' lang='lat' dir='ltr'>quando</span> <span class='ocrx_word' id='word_1_447' title='bbox 1100 1604 1152 1622; x_wconf 90' lang='lat' dir='ltr'>eos</span> <span class='ocrx_word' id='word_1_448' title='bbox 1175 1593 1338 1632; x_wconf 88' lang='lat' dir='ltr'>aliquando</span> <span class='ocrx_word' id='word_1_449' title='bbox 1356 1593 1467 1622; x_wconf 87' lang='lat' dir='ltr'>iterum</span> <span class='ocrx_word' id='word_1_450' title='bbox 1491 1604 1539 1622; x_wconf 88' lang='lat' dir='ltr'>as-</span> 
     </span>
     <span class='ocr_line' id='line_1_75' title="bbox 822 1631 1540 1671; baseline 0.001 -11"><span class='ocrx_word' id='word_1_451' title='bbox 822 1631 928 1670; x_wconf 89' lang='lat' dir='ltr'>picere</span> <span class='ocrx_word' id='word_1_452' title='bbox 945 1632 1018 1661; x_wconf 90' lang='lat' dir='ltr'>mihi</span> <span class='ocrx_word' id='word_1_453' title='bbox 1039 1633 1206 1671; x_wconf 79' lang='lat' dir='ltr'>continget,</span> <span class='ocrx_word' id='word_1_454' title='bbox 1219 1642 1298 1661; x_wconf 70' lang='grc' dir='ltr'><em>ναι-ιε</em></span> <span class='ocrx_word' id='word_1_455' title='bbox 1316 1631 1345 1660; x_wconf 84' lang='lat' dir='ltr'>in</span> <span class='ocrx_word' id='word_1_456' title='bbox 1364 1631 1422 1660; x_wconf 73' lang='lat' dir='ltr'>illis</span> <span class='ocrx_word' id='word_1_457' title='bbox 1438 1633 1540 1661; x_wconf 77' lang='lat' dir='ltr'>aristoe</span> 
     </span>
     <span class='ocr_line' id='line_1_76' title="bbox 823 1670 1539 1710; baseline 0.003 -12"><span class='ocrx_word' id='word_1_458' title='bbox 823 1670 932 1709; x_wconf 79' lang='lat' dir='ltr'>aliquot</span> <span class='ocrx_word' id='word_1_459' title='bbox 951 1671 1040 1700; x_wconf 81' lang='lat' dir='ltr'>oculis</span> <span class='ocrx_word' id='word_1_460' title='bbox 1058 1670 1230 1700; x_wconf 76' lang='lat' dir='ltr'>occurrent?</span> <span class='ocrx_word' id='word_1_461' title='bbox 1250 1671 1280 1698; x_wconf 83' lang='grc' dir='ltr'>1ιὶ</span> <span class='ocrx_word' id='word_1_462' title='bbox 1302 1675 1360 1699; x_wconf 82' lang='lat' dir='ltr'>tam</span> <span class='ocrx_word' id='word_1_463' title='bbox 1379 1670 1449 1699; x_wconf 77' lang='lat' dir='ltr'>culti</span> <span class='ocrx_word' id='word_1_464' title='bbox 1472 1672 1539 1710; x_wconf 67' lang='lat' dir='ltr'>agri</span> 
     </span>
     <span class='ocr_line' id='line_1_77' title="bbox 822 1709 1538 1749; baseline 0.003 -12"><span class='ocrx_word' id='word_1_465' title='bbox 822 1709 954 1746; x_wconf 83' lang='lat' dir='ltr'>(novalia</span> <span class='ocrx_word' id='word_1_466' title='bbox 967 1709 1047 1738; x_wconf 75' lang='lat' dir='ltr'>dixit</span> <span class='ocrx_word' id='word_1_467' title='bbox 1061 1720 1090 1738; x_wconf 81' lang='lat' dir='ltr'>v.</span> <span class='ocrx_word' id='word_1_468' title='bbox 1108 1711 1145 1738; x_wconf 82' lang='lat'>71</span> <span class='ocrx_word' id='word_1_469' title='bbox 1166 1710 1284 1738; x_wconf 91' lang='lat' dir='ltr'>omnino</span> <span class='ocrx_word' id='word_1_470' title='bbox 1298 1719 1354 1747; x_wconf 90' lang='lat' dir='ltr'>pro</span> <span class='ocrx_word' id='word_1_471' title='bbox 1373 1710 1456 1747; x_wconf 82' lang='lat' dir='ltr'>agris</span> <span class='ocrx_word' id='word_1_472' title='bbox 1471 1710 1538 1749; x_wconf 90' lang='lat' dir='ltr'>qui·</span> 
     </span>
     <span class='ocr_line' id='line_1_78' title="bbox 822 1747 1539 1786; baseline 0.003 -10"><span class='ocrx_word' id='word_1_473' title='bbox 822 1747 947 1785; x_wconf 88' lang='lat' dir='ltr'>busvis;</span> <span class='ocrx_word' id='word_1_474' title='bbox 960 1748 1004 1777; x_wconf 88' lang='lat' dir='ltr'>H.</span> <span class='ocrx_word' id='word_1_475' title='bbox 1016 1752 1048 1776; x_wconf 91' lang='lat' dir='ltr'>ut</span> <span class='ocrx_word' id='word_1_476' title='bbox 1059 1749 1140 1786; x_wconf 89' lang='lat' dir='ltr'>apud</span> <span class='ocrx_word' id='word_1_477' title='bbox 1153 1748 1224 1778; x_wconf 89' lang='lat' dir='ltr'>Juv.</span> <span class='ocrx_word' id='word_1_478' title='bbox 1238 1748 1331 1782; x_wconf 85' lang='lat' dir='ltr'>XIV,</span> <span class='ocrx_word' id='word_1_479' title='bbox 1344 1749 1411 1776; x_wconf 75' lang='lat'>148.</span> <span class='ocrx_word' id='word_1_480' title='bbox 1424 1749 1539 1778; x_wconf 81' lang='lat' dir='ltr'>novalia</span> 
     </span>
     <span class='ocr_line' id='line_1_79' title="bbox 822 1785 1538 1826; baseline 0.001 -11"><span class='ocrx_word' id='word_1_481' title='bbox 822 1790 970 1816; x_wconf 81' lang='lat' dir='ltr'>vocantur</span> <span class='ocrx_word' id='word_1_482' title='bbox 983 1787 1049 1826; x_wconf 81' lang='lat' dir='ltr'>agri</span> <span class='ocrx_word' id='word_1_483' title='bbox 1070 1787 1172 1816; x_wconf 89' lang='lat' dir='ltr'>aristis</span> <span class='ocrx_word' id='word_1_484' title='bbox 1188 1786 1339 1816; x_wconf 87' lang='lat' dir='ltr'>viridibus</span> <span class='ocrx_word' id='word_1_485' title='bbox 1358 1785 1451 1824; x_wconf 90' lang='lat' dir='ltr'>pleni.</span> <span class='ocrx_word' id='word_1_486' title='bbox 1471 1787 1538 1826; x_wconf 83' lang='lat' dir='ltr'>W.)</span> 
     </span>
     <span class='ocr_line' id='line_1_80' title="bbox 819 1825 1538 1865; baseline 0.003 -12"><span class='ocrx_word' id='word_1_487' title='bbox 819 1835 875 1863; x_wconf 79' lang='lat' dir='ltr'>per</span> <span class='ocrx_word' id='word_1_488' title='bbox 889 1836 976 1855; x_wconf 80' lang='lat' dir='ltr'>novos</span> <span class='ocrx_word' id='word_1_489' title='bbox 988 1836 1055 1855; x_wconf 83' lang='lat' dir='ltr'>suos</span> <span class='ocrx_word' id='word_1_490' title='bbox 1066 1825 1180 1855; x_wconf 83' lang='lat' dir='ltr'>colonos</span> <span class='ocrx_word' id='word_1_491' title='bbox 1190 1825 1291 1855; x_wconf 77' lang='lat' dir='ltr'>inculti</span> <span class='ocrx_word' id='word_1_492' title='bbox 1304 1825 1478 1865; x_wconf 75' lang='lat' dir='ltr'>neylectique</span> <span class='ocrx_word' id='word_1_493' title='bbox 1486 1827 1538 1864; x_wconf 85' lang='lat' dir='ltr'>ja-</span> 
     </span>
     <span class='ocr_line' id='line_1_81' title="bbox 824 1863 1538 1902; baseline 0.001 -9"><span class='ocrx_word' id='word_1_494' title='bbox 824 1863 943 1893; x_wconf 75' lang='lat' dir='ltr'>cebant?</span> <span class='ocrx_word' id='word_1_495' title='bbox 968 1864 1020 1893; x_wconf 89' lang='lat' dir='ltr'>Sic</span> <span class='ocrx_word' id='word_1_496' title='bbox 1043 1866 1100 1894; x_wconf 87' lang='lat' dir='ltr'>Ge.</span> <span class='ocrx_word' id='word_1_497' title='bbox 1120 1865 1185 1894; x_wconf 90' lang='lat' dir='ltr'>III.</span> <span class='ocrx_word' id='word_1_498' title='bbox 1205 1866 1275 1894; x_wconf 74' lang='lat'>475.</span> <span class='ocrx_word' id='word_1_499' title='bbox 1320 1865 1442 1902; x_wconf 77' lang='lat' dir='ltr'>Iapydis</span> <span class='ocrx_word' id='word_1_500' title='bbox 1465 1876 1538 1894; x_wconf 79' lang='lat' dir='ltr'>arua</span> 
     </span>
     <span class='ocr_line' id='line_1_82' title="bbox 828 1903 1537 1943; baseline 0.003 -12"><span class='ocrx_word' id='word_1_501' title='bbox 828 1903 940 1933; x_wconf 74' lang='lat' dir='ltr'>Timaui</span> <span class='ocrx_word' id='word_1_502' title='bbox 954 1904 1041 1933; x_wconf 81' lang='lat' dir='ltr'>Nunc</span> <span class='ocrx_word' id='word_1_503' title='bbox 1059 1915 1170 1943; x_wconf 83' lang='lat' dir='ltr'>quoque</span> <span class='ocrx_word' id='word_1_504' title='bbox 1179 1909 1248 1943; x_wconf 79' lang='lat' dir='ltr'>post</span> <span class='ocrx_word' id='word_1_505' title='bbox 1265 1907 1345 1932; x_wconf 78' lang='lat' dir='ltr'>tanto</span> <span class='ocrx_word' id='word_1_506' title='bbox 1363 1903 1468 1938; x_wconf 70' lang='lat' dir='ltr'>videat,</span> <span class='ocrx_word' id='word_1_507' title='bbox 1490 1904 1537 1933; x_wconf 87' lang='lat' dir='ltr'>de-</span> 
     </span>
     <span class='ocr_line' id='line_1_83' title="bbox 824 1942 1538 1981; baseline 0 -10"><span class='ocrx_word' id='word_1_508' title='bbox 824 1947 957 1981; x_wconf 80' lang='lat' dir='ltr'>sertaque</span> <span class='ocrx_word' id='word_1_509' title='bbox 971 1953 1060 1981; x_wconf 76' lang='lat' dir='ltr'>reyna</span> <span class='ocrx_word' id='word_1_510' title='bbox 1074 1943 1232 1972; x_wconf 74' lang='lat' dir='ltr'>Pastorum</span> <span class='ocrx_word' id='word_1_511' title='bbox 1250 1947 1277 1971; x_wconf 78' lang='lat' dir='ltr'>et</span> <span class='ocrx_word' id='word_1_512' title='bbox 1296 1942 1377 1980; x_wconf 76' lang='lat' dir='ltr'>lonqe</span> <span class='ocrx_word' id='word_1_513' title='bbox 1389 1943 1482 1972; x_wconf 79' lang='lat' dir='ltr'>sullus</span> <span class='ocrx_word' id='word_1_514' title='bbox 1495 1943 1538 1971; x_wconf 80' lang='lat' dir='ltr'>Ia·</span> 
     </span>
     <span class='ocr_line' id='line_1_84' title="bbox 824 1982 1538 2021; baseline 0.003 -12"><span class='ocrx_word' id='word_1_515' title='bbox 824 1986 906 2020; x_wconf 80' lang='lat' dir='ltr'>teque</span> <span class='ocrx_word' id='word_1_516' title='bbox 921 1986 1063 2011; x_wconf 75' lang='lat' dir='ltr'>vacantes.</span> <span class='ocrx_word' id='word_1_517' title='bbox 1087 1982 1131 2011; x_wconf 87' lang='lat' dir='ltr'>H.</span> <span class='ocrx_word' id='word_1_518' title='bbox 1152 1986 1314 2021; x_wconf 63' lang='lat' dir='ltr'>congestum</span> <span class='ocrx_word' id='word_1_519' title='bbox 1334 1982 1439 2020; x_wconf 73' lang='lat' dir='ltr'>cespite</span> <span class='ocrx_word' id='word_1_520' title='bbox 1459 1983 1489 2011; x_wconf 86' lang='lat' dir='ltr'>h.</span> <span class='ocrx_word' id='word_1_521' title='bbox 1510 1993 1538 2011; x_wconf 85' lang='lat' dir='ltr'>e.</span> 
     </span>
     <span class='ocr_line' id='line_1_85' title="bbox 825 2021 1537 2060; baseline 0.003 -12"><span class='ocrx_word' id='word_1_522' title='bbox 825 2025 972 2060; x_wconf 85' lang='lat' dir='ltr'>congesto</span> <span class='ocrx_word' id='word_1_523' title='bbox 998 2021 1116 2059; x_wconf 85' lang='lat' dir='ltr'>cespite</span> <span class='ocrx_word' id='word_1_524' title='bbox 1144 2025 1327 2050; x_wconf 85' lang='lat' dir='ltr'>extructum.</span> <span class='ocrx_word' id='word_1_525' title='bbox 1388 2021 1430 2050; x_wconf 83' lang='lat' dir='ltr'>At</span> <span class='ocrx_word' id='word_1_526' title='bbox 1465 2031 1537 2050; x_wconf 91' lang='lat' dir='ltr'>con-</span> 
     </span>
     <span class='ocr_line' id='line_1_86' title="bbox 825 2060 1539 2098; baseline 0.003 -11"><span class='ocrx_word' id='word_1_527' title='bbox 825 2060 1022 2088; x_wconf 87' lang='lat' dir='ltr'>structionem</span> <span class='ocrx_word' id='word_1_528' title='bbox 1036 2069 1179 2098; x_wconf 90' lang='lat' dir='ltr'>compara</span> <span class='ocrx_word' id='word_1_529' title='bbox 1195 2060 1280 2097; x_wconf 70' lang='lat' dir='ltr'>Virg.</span> <span class='ocrx_word' id='word_1_530' title='bbox 1305 2061 1371 2090; x_wconf 84' lang='lat' dir='ltr'>AEn.</span> <span class='ocrx_word' id='word_1_531' title='bbox 1390 2060 1448 2094; x_wconf 65' lang='lat' dir='ltr'>VI,</span> <span class='ocrx_word' id='word_1_532' title='bbox 1471 2061 1539 2089; x_wconf 77' lang='lat'>178.</span> 
     </span>
     <span class='ocr_line' id='line_1_87' title="bbox 822 2098 1540 2137; baseline 0 -11"><span class='ocrx_word' id='word_1_533' title='bbox 822 2098 982 2136; x_wconf 81' lang='lat' dir='ltr'>sepulcrum</span> <span class='ocrx_word' id='word_1_534' title='bbox 988 2108 1139 2137; x_wconf 77' lang='lat' dir='ltr'>conqerere</span> <span class='ocrx_word' id='word_1_535' title='bbox 1145 2098 1307 2128; x_wconf 77' lang='lat' dir='ltr'>arboribus.</span> <span class='ocrx_word' id='word_1_536' title='bbox 1332 2101 1395 2129; x_wconf 91' lang='lat' dir='ltr'>Pro</span> <span class='ocrx_word' id='word_1_537' title='bbox 1403 2098 1522 2137; x_wconf 79' lang='lat' dir='ltr'>vulgari</span> <span class='ocrx_word' id='word_1_538' title='bbox 1534 2109 1540 2126; x_wconf 73' lang='grc' dir='ltr'>ε</span> 
     </span>
     <span class='ocr_line' id='line_1_88' title="bbox 822 2136 1537 2178; baseline 0 -12"><span class='ocrx_word' id='word_1_539' title='bbox 822 2136 932 2176; x_wconf 72' lang='lat' dir='ltr'>aliquot</span> <span class='ocrx_word' id='word_1_540' title='bbox 945 2137 1064 2172; x_wconf 79' lang='lat' dir='ltr'>aristas,</span> <span class='ocrx_word' id='word_1_541' title='bbox 1078 2148 1140 2166; x_wconf 84' lang='lat' dir='ltr'>mea</span> <span class='ocrx_word' id='word_1_542' title='bbox 1152 2148 1253 2175; x_wconf 68' lang='lat' dir='ltr'>regna,</span> <span class='ocrx_word' id='word_1_543' title='bbox 1274 2137 1428 2178; x_wconf 85' lang='lat' dir='ltr'>appositio</span> <span class='ocrx_word' id='word_1_544' title='bbox 1443 2137 1537 2166; x_wconf 86' lang='lat' dir='ltr'>inter-</span> 
     </span>
     <span class='ocr_line' id='line_1_89' title="bbox 822 2176 1538 2214; baseline 0 -10"><span class='ocrx_word' id='word_1_545' title='bbox 822 2177 934 2214; x_wconf 87' lang='lat' dir='ltr'>posita,</span> <span class='ocrx_word' id='word_1_546' title='bbox 944 2182 976 2205; x_wconf 89' lang='lat' dir='ltr'>ut</span> <span class='ocrx_word' id='word_1_547' title='bbox 989 2177 1069 2214; x_wconf 90' lang='lat' dir='ltr'>apud</span> <span class='ocrx_word' id='word_1_548' title='bbox 1080 2177 1172 2205; x_wconf 79' lang='lat' dir='ltr'>Mart.</span> <span class='ocrx_word' id='word_1_549' title='bbox 1187 2177 1250 2212; x_wconf 90' lang='lat' dir='ltr'>XI,</span> <span class='ocrx_word' id='word_1_550' title='bbox 1262 2179 1292 2211; x_wconf 82' lang='lat'>6,</span> <span class='ocrx_word' id='word_1_551' title='bbox 1306 2180 1333 2206; x_wconf 87' lang='grc'><strong>1.</strong></span> <span class='ocrx_word' id='word_1_552' title='bbox 1373 2177 1410 2206; x_wconf 82' lang='lat' dir='ltr'>Si</span> <span class='ocrx_word' id='word_1_553' title='bbox 1422 2176 1538 2205; x_wconf 76' lang='lat' dir='ltr'>redeant</span> 
     </span>
     <span class='ocr_line' id='line_1_90' title="bbox 821 2215 1537 2254; baseline 0 -11"><span class='ocrx_word' id='word_1_554' title='bbox 821 2220 939 2249; x_wconf 67' lang='lat' dir='ltr'>veteres,</span> <span class='ocrx_word' id='word_1_555' title='bbox 958 2215 1086 2254; x_wconf 74' lang='lat' dir='ltr'>inqentia</span> <span class='ocrx_word' id='word_1_556' title='bbox 1109 2215 1234 2250; x_wconf 79' lang='lat' dir='ltr'>nomina,</span> <span class='ocrx_word' id='word_1_557' title='bbox 1252 2221 1365 2254; x_wconf 69' lang='lat' dir='ltr'>patres.</span> <span class='ocrx_word' id='word_1_558' title='bbox 1405 2215 1465 2244; x_wconf 84' lang='lat' dir='ltr'>Ins.</span> <span class='ocrx_word' id='word_1_559' title='bbox 1488 2217 1537 2244; x_wconf 78' lang='lat'>75.</span> 
     </span>
     <span class='ocr_line' id='line_1_91' title="bbox 822 2254 1537 2290; baseline 0 -8"><span class='ocrx_word' id='word_1_560' title='bbox 822 2254 868 2288; x_wconf 86' lang='lat'>11,</span> <span class='ocrx_word' id='word_1_561' title='bbox 887 2255 915 2283; x_wconf 82' lang='lat'>3.</span> <span class='ocrx_word' id='word_1_562' title='bbox 936 2254 975 2283; x_wconf 80' lang='lat' dir='ltr'>cf.</span> <span class='ocrx_word' id='word_1_563' title='bbox 996 2254 1090 2283; x_wconf 86' lang='lat' dir='ltr'>obss.</span> <span class='ocrx_word' id='word_1_564' title='bbox 1101 2254 1215 2283; x_wconf 87' lang='lat' dir='ltr'>Tibull.</span> <span class='ocrx_word' id='word_1_565' title='bbox 1229 2255 1276 2289; x_wconf 92' lang='lat' dir='ltr'>II,</span> <span class='ocrx_word' id='word_1_566' title='bbox 1288 2257 1317 2290; x_wconf 86' lang='lat'>6,</span> <span class='ocrx_word' id='word_1_567' title='bbox 1333 2258 1381 2285; x_wconf 88' lang='lat'>15.</span> <span class='ocrx_word' id='word_1_568' title='bbox 1399 2254 1537 2284; x_wconf 78' lang='lat' dir='ltr'>W.—En</span> 
     </span>
     <span class='ocr_line' id='line_1_92' title="bbox 818 2293 1537 2336; baseline 0.001 -16"><span class='ocrx_word' id='word_1_569' title='bbox 818 2303 944 2332; x_wconf 78' lang='lat' dir='ltr'>unquam</span> <span class='ocrx_word' id='word_1_570' title='bbox 956 2303 1011 2336; x_wconf 87' lang='lat' dir='ltr'>pro</span> <span class='ocrx_word' id='word_1_571' title='bbox 1026 2303 1204 2331; x_wconf 89' lang='lat' dir='ltr'>unquamne.</span> <span class='ocrx_word' id='word_1_572' title='bbox 1225 2294 1346 2324; x_wconf 83' lang='lat' dir='ltr'>cf.infr.</span> <span class='ocrx_word' id='word_1_573' title='bbox 1360 2294 1426 2324; x_wconf 87' lang='lat' dir='ltr'>Ecl.</span> <span class='ocrx_word' id='word_1_574' title='bbox 1440 2293 1537 2327; x_wconf 69' lang='lat' dir='ltr'>VIII,</span> 
     </span>
     <span class='ocr_line' id='line_1_93' title="bbox 819 2332 1537 2370; baseline 0 -10"><span class='ocrx_word' id='word_1_575' title='bbox 819 2332 1013 2370; x_wconf 80' lang='lat' dir='ltr'>7.—Imp1us,</span> <span class='ocrx_word' id='word_1_576' title='bbox 1028 2333 1208 2366; x_wconf 85' lang='lat' dir='ltr'>sceleratus,</span> <span class='ocrx_word' id='word_1_577' title='bbox 1220 2333 1444 2363; x_wconf 59' lang='lat' dir='ltr'>nefarius—72</span> <span class='ocrx_word' id='word_1_578' title='bbox 1459 2332 1537 2360; x_wconf 80' lang='lat' dir='ltr'>Bur-</span> 
     </span>
     <span class='ocr_line' id='line_1_94' title="bbox 820 2370 1539 2411; baseline 0 -12"><span class='ocrx_word' id='word_1_579' title='bbox 820 2370 919 2406; x_wconf 73' lang='lat' dir='ltr'>burus,</span> <span class='ocrx_word' id='word_1_580' title='bbox 938 2370 1028 2405; x_wconf 80' lang='lat' dir='ltr'>Galli,</span> <span class='ocrx_word' id='word_1_581' title='bbox 1044 2371 1168 2409; x_wconf 88' lang='lat' dir='ltr'>aliique,</span> <span class='ocrx_word' id='word_1_582' title='bbox 1181 2372 1230 2409; x_wconf 89' lang='lat' dir='ltr'>qui</span> <span class='ocrx_word' id='word_1_583' title='bbox 1244 2371 1273 2400; x_wconf 91' lang='lat' dir='ltr'>in</span> <span class='ocrx_word' id='word_1_584' title='bbox 1286 2372 1459 2411; x_wconf 84' lang='lat' dir='ltr'>legionibus</span> <span class='ocrx_word' id='word_1_585' title='bbox 1474 2371 1539 2399; x_wconf 86' lang='lat' dir='ltr'>Ro·</span> 
     </span>
     <span class='ocr_line' id='line_1_95' title="bbox 820 2410 1538 2450; baseline -0.001 -12"><span class='ocrx_word' id='word_1_586' title='bbox 820 2419 899 2438; x_wconf 88' lang='lat' dir='ltr'>man.</span> <span class='ocrx_word' id='word_1_587' title='bbox 920 2414 982 2438; x_wconf 88' lang='lat' dir='ltr'>tum</span> <span class='ocrx_word' id='word_1_588' title='bbox 1003 2411 1176 2439; x_wconf 82' lang='lat' dir='ltr'>erant.—73</span> <span class='ocrx_word' id='word_1_589' title='bbox 1191 2410 1252 2444; x_wconf 85' lang='lat' dir='ltr'>En,</span> <span class='ocrx_word' id='word_1_590' title='bbox 1271 2413 1352 2450; x_wconf 77' lang='lat' dir='ltr'>queis</span> <span class='ocrx_word' id='word_1_591' title='bbox 1364 2410 1538 2439; x_wconf 77' lang='lat' dir='ltr'>consevimus</span> 
     </span>
     <span class='ocr_line' id='line_1_96' title="bbox 821 2447 1537 2487; baseline 0 -11"><span class='ocrx_word' id='word_1_592' title='bbox 821 2447 927 2486; x_wconf 77' lang='lat' dir='ltr'>aqros!</span> <span class='ocrx_word' id='word_1_593' title='bbox 949 2448 1069 2486; x_wconf 89' lang='lat' dir='ltr'>quibus,</span> <span class='ocrx_word' id='word_1_594' title='bbox 1084 2449 1114 2477; x_wconf 90' lang='lat' dir='ltr'>in</span> <span class='ocrx_word' id='word_1_595' title='bbox 1127 2457 1253 2486; x_wconf 90' lang='lat' dir='ltr'>quorum</span> <span class='ocrx_word' id='word_1_596' title='bbox 1269 2450 1431 2479; x_wconf 87' lang='lat' dir='ltr'>utilitatem</span> <span class='ocrx_word' id='word_1_597' title='bbox 1447 2458 1537 2487; x_wconf 80' lang='lat' dir='ltr'>agros</span> 
     </span>
     <span class='ocr_line' id='line_1_97' title="bbox 821 2487 1536 2526; baseline -0.001 -10"><span class='ocrx_word' id='word_1_598' title='bbox 821 2487 971 2516; x_wconf 90' lang='lat' dir='ltr'>coluimus</span> <span class='ocrx_word' id='word_1_599' title='bbox 982 2487 1069 2516; x_wconf 70' lang='lat' dir='ltr'>l—74</span> <span class='ocrx_word' id='word_1_600' title='bbox 1098 2488 1219 2516; x_wconf 87' lang='lat' dir='ltr'>Ironice</span> <span class='ocrx_word' id='word_1_601' title='bbox 1247 2489 1362 2518; x_wconf 89' lang='lat' dir='ltr'>dictum</span> <span class='ocrx_word' id='word_1_602' title='bbox 1391 2487 1536 2526; x_wconf 85' lang='lat' dir='ltr'>accipies.</span> 
     </span>
     <span class='ocr_line' id='line_1_98' title="bbox 822 2526 1538 2563; baseline 0.001 -8"><span class='ocrx_word' id='word_1_603' title='bbox 822 2526 906 2563; x_wconf 86' lang='lat' dir='ltr'>Quid</span> <span class='ocrx_word' id='word_1_604' title='bbox 916 2527 1006 2563; x_wconf 88' lang='lat' dir='ltr'>juvat</span> <span class='ocrx_word' id='word_1_605' title='bbox 1019 2536 1097 2555; x_wconf 90' lang='lat' dir='ltr'>nunc</span> <span class='ocrx_word' id='word_1_606' title='bbox 1109 2526 1275 2557; x_wconf 68' lang='lat' dir='ltr'>inse-visse!</span> <span class='ocrx_word' id='word_1_607' title='bbox 1294 2527 1396 2557; x_wconf 82' lang='lat' dir='ltr'>Insere</span> <span class='ocrx_word' id='word_1_608' title='bbox 1409 2528 1438 2557; x_wconf 87' lang='lat' dir='ltr'>b.</span> <span class='ocrx_word' id='word_1_609' title='bbox 1451 2527 1471 2554; x_wconf 86' lang='lat' dir='ltr'>l·</span> <span class='ocrx_word' id='word_1_610' title='bbox 1487 2530 1538 2554; x_wconf 80' lang='lat' dir='ltr'>aut</span> 
     </span>
     <span class='ocr_line' id='line_1_99' title="bbox 820 2564 1537 2610; baseline 0 -18"><span class='ocrx_word' id='word_1_611' title='bbox 820 2565 946 2603; x_wconf 85' lang='lat' dir='ltr'>proprie</span> <span class='ocrx_word' id='word_1_612' title='bbox 961 2568 1012 2593; x_wconf 85' lang='lat' dir='ltr'>aut</span> <span class='ocrx_word' id='word_1_613' title='bbox 1036 2564 1156 2594; x_wconf 90' lang='lat' dir='ltr'>omnino</span> <span class='ocrx_word' id='word_1_614' title='bbox 1170 2575 1242 2604; x_wconf 90' lang='lat' dir='ltr'>pro:</span> <span class='ocrx_word' id='word_1_615' title='bbox 1263 2566 1404 2610; x_wconf 82' lang='lat' dir='ltr'>plantare</span> <span class='ocrx_word' id='word_1_616' title='bbox 1424 2565 1537 2594; x_wconf 81' lang='lat' dir='ltr'>dicitur</span> 
     </span>
     <span class='ocr_line' id='line_1_100' title="bbox 821 2603 1538 2639; baseline 0 -6"><span class='ocrx_word' id='word_1_617' title='bbox 821 2605 861 2633; x_wconf 85' lang='lat' dir='ltr'>cf.</span> <span class='ocrx_word' id='word_1_618' title='bbox 875 2603 940 2639; x_wconf 82' lang='lat' dir='ltr'>IX,</span> <span class='ocrx_word' id='word_1_619' title='bbox 955 2605 1082 2633; x_wconf 77' lang='lat'>50.—76</span> <span class='ocrx_word' id='word_1_620' title='bbox 1103 2605 1129 2633; x_wconf 90' lang='lat' dir='ltr'><strong>E</strong></span> <span class='ocrx_word' id='word_1_621' title='bbox 1141 2605 1294 2634; x_wconf 79' lang='lat' dir='ltr'>Theocrxt.</span> <span class='ocrx_word' id='word_1_622' title='bbox 1307 2606 1335 2639; x_wconf 83' lang='grc' dir='ltr'>Ι,</span> <span class='ocrx_word' id='word_1_623' title='bbox 1351 2607 1418 2635; x_wconf 87' lang='grc'><strong>116.</strong></span> <span class='ocrx_word' id='word_1_624' title='bbox 1434 2604 1538 2633; x_wconf 73' lang='lat'>117.—</span> 
     </span>
     <span class='ocr_line' id='line_1_101' title="bbox 823 2642 1537 2681; baseline -0.003 -8"><span class='ocrx_word' id='word_1_625' title='bbox 823 2645 862 2673; x_wconf 83' lang='lat'>79</span> <span class='ocrx_word' id='word_1_626' title='bbox 886 2642 1052 2671; x_wconf 79' lang='lat' dir='ltr'>Florentem</span> <span class='ocrx_word' id='word_1_627' title='bbox 1077 2643 1429 2681; x_wconf 69' lang='lat' dir='ltr'>Cytisum—Nostrorum</span> <span class='ocrx_word' id='word_1_628' title='bbox 1451 2643 1537 2680; x_wconf 82' lang='lat' dir='ltr'>Cyti-</span> 
     </span>
     <span class='ocr_line' id='line_1_102' title="bbox 824 2681 1533 2721; baseline -0.001 -10"><span class='ocrx_word' id='word_1_629' title='bbox 824 2693 876 2711; x_wconf 91' lang='lat' dir='ltr'>sus</span> <span class='ocrx_word' id='word_1_630' title='bbox 892 2681 1073 2715; x_wconf 78' lang='lat' dir='ltr'>Maranthae,</span> <span class='ocrx_word' id='word_1_631' title='bbox 1092 2682 1211 2712; x_wconf 76' lang='lat' dir='ltr'>fruticis</span> <span class='ocrx_word' id='word_1_632' title='bbox 1226 2693 1333 2721; x_wconf 87' lang='lat' dir='ltr'>genus.</span> <span class='ocrx_word' id='word_1_633' title='bbox 1356 2683 1478 2711; x_wconf 86' lang='lat' dir='ltr'>rhamno</span> <span class='ocrx_word' id='word_1_634' title='bbox 1494 2682 1533 2710; x_wconf 89' lang='lat' dir='ltr'>si-</span> 
     </span>
     <span class='ocr_line' id='line_1_103' title="bbox 824 2719 1537 2753; baseline -0.003 -3"><span class='ocrx_word' id='word_1_635' title='bbox 824 2721 894 2750; x_wconf 88' lang='lat' dir='ltr'>mile</span> <span class='ocrx_word' id='word_1_636' title='bbox 911 2719 1013 2749; x_wconf 88' lang='lat' dir='ltr'>colore</span> <span class='ocrx_word' id='word_1_637' title='bbox 1033 2720 1193 2753; x_wconf 77' lang='lat' dir='ltr'>albicante.</span> <span class='ocrx_word' id='word_1_638' title='bbox 1215 2722 1306 2750; x_wconf 81' lang='lat' dir='ltr'>ramis</span> <span class='ocrx_word' id='word_1_639' title='bbox 1322 2722 1384 2749; x_wconf 83' lang='lat' dir='ltr'>fere</span> <span class='ocrx_word' id='word_1_640' title='bbox 1399 2721 1537 2750; x_wconf 81' lang='lat' dir='ltr'>cubitali-</span> 
     </span>
    </p>
   </div>
  </div>
 </body>
</html>
