1796 3077
573 203 864 244 nucomcix.
920 202 1035 243 ECL.
1064 201 1138 242 1v.
1523 210 1585 256 25

125 326 251 366 omnia
277 339 300 365 a
329 339 369 365 se
395 326 433 365 in
457 326 528 364 hoc
554 327 719 366 carmine
736 327 914 378 expedita
932 340 1014 366 esse
1040 323 1312 378 pronuntiaret.
1367 324 1457 376 Ipsa
1480 325 1582 365 enim

124 394 196 426 res,
225 380 390 418 vaticinii
414 380 560 418 indoles
586 389 624 418 et
647 381 723 426 lex,
748 381 1013 419 enuntiationis
1031 380 1168 419 modus
1186 391 1254 429 per
1277 379 1444 429 mythica
1470 393 1582 417 orna-

124 442 253 472 menta
269 434 451 472 audacem
471 443 647 472 conatum
666 435 868 471 refrenant.
898 434 975 472 Sed
994 442 1031 471 et
1048 434 1086 471 in
1100 433 1172 471 hoc
1188 432 1352 470 carmine
1366 436 1518 483 po'etam
1530 433 1580 470 ad

122 501 275 525 sensum
293 496 465 525 nostrum
484 487 826 538 interpretabimur,
845 488 898 524 ita
917 496 1043 524 tamen
1068 495 1110 539 ut
1130 486 1179 524 ad
1202 486 1362 523 aliorum
1381 485 1579 536 opiniones

121 540 346 578 refellendas
377 554 454 578 non
484 540 770 578 descendamus.
829 539 1009 578 Ceterum
1045 548 1088 577 ut
1122 547 1387 589 argumentum
1423 553 1472 577 ex
1500 539 1580 577 vita

120 592 262 632 rustica
279 594 440 644 petitum
458 593 532 631 dici
560 595 701 644 nequit,
731 594 782 632 ita
807 593 900 631 illud
923 594 977 630 sic
1001 601 1203 631 tractatum
1231 605 1313 630 esse
1339 600 1507 643 apparet,
1535 601 1578 630 ut

119 647 391 685 sententiarum
422 647 528 685 color
556 656 594 685 et
619 647 802 697 imagines
828 660 955 684 rerum
983 647 1062 685 sive
1086 647 1134 684 ab
1163 659 1207 683 ea
1236 645 1316 683 vita
1343 646 1423 683 sive
1451 659 1474 683 a
1499 644 1579 684 vita

117 700 466 749 antiquissimorum
486 709 698 751 temporum
718 700 907 737 arcessitae
927 700 1013 737 sint.
1070 699 1286 737 Imitatione
1303 712 1479 749 magnam
1504 699 1577 736 hu-

112 751 179 802 jus
199 753 373 791 carminis
392 762 539 803 partem
558 754 746 803 expressit
764 752 992 803 Calpurnius
1014 752 1097 790 Ecl.
1123 753 1155 789 I.
1184 755 1247 789 36.
1268 765 1350 801 sqq.
1371 752 1426 790 H.
1474 752 1576 789 Mihi

118 807 272 855 quidem
300 819 376 843 non
405 820 513 843 sumo
542 814 690 843 tantum
718 819 841 855 neque
860 819 1008 855 arrogo,
1029 814 1072 842 ut
1089 805 1194 842 litem
1214 805 1310 842 inter
1329 813 1453 842 tantos
1472 806 1576 843 viros

117 859 165 897 de
182 872 301 910 puero
319 859 510 897 nascituro
528 869 650 896 ortam
669 871 896 909 componere
914 872 975 895 me
993 871 1105 908 posse
1124 866 1266 908 putem,
1293 859 1360 895 sed
1380 859 1418 895 id
1436 866 1574 903 tamen,

116 921 220 950 certo
239 912 388 950 cuidam
407 926 539 962 puero,
568 912 634 962 qui
659 912 698 949 id
726 911 907 962 temporis
937 912 1242 962 exspectabatur,
1272 910 1478 960 Virgilium
1501 912 1574 949 hoc

114 978 266 1004 carmen
286 979 537 1011 consecrasse,
565 966 726 1016 repetita
744 964 824 1016 ejus
845 965 1017 1011 lectione,
1037 965 1129 1003 mihi
1150 964 1333 1016 persuasi.
1358 964 1413 1003 W.

114 1075 357 1117 Smnmms
379 1074 532 1126 Musae,
553 1074 694 1131 paullo
717 1075 877 1130 majora
898 1090 1117 1125 canamus3

114 1132 218 1174 Non
237 1148 379 1175 omnes
400 1134 572 1174 arbusta
588 1134 739 1187 juvant
758 1131 1020 1187 humilesque
1038 1132 1221 1186 myriae.

114 1189 162 1230 Si
180 1191 366 1232 canimus
387 1189 521 1240 silvas,
544 1189 658 1231 silvae
679 1191 760 1231 sint
780 1188 950 1231 consule
972 1190 1125 1244 dignae.

113 1245 274 1288 Ultima
296 1247 456 1288 Cumaei
476 1248 588 1289 venit
602 1248 690 1302 jam
710 1247 901 1288 carminis
924 1254 1048 1296 aetas3

112 1302 300 1359 blagnus
320 1305 374 1346 ab
393 1305 558 1359 integro
581 1304 798 1346 saeclorum
818 1304 1003 1345 nascitur
1021 1303 1142 1345 ordo.

111 1359 143 1402 J
144 1375 210 1402 am
230 1361 340 1403 redit
359 1368 403 1403 et
423 1361 573 1417 Virgo,
593 1362 773 1404 redeunt
792 1361 990 1402 Saturnia
1009 1376 1138 1416 regna
1155 1377 1166 1411 3

109 1417 209 1459 «Iam
229 1433 337 1460 nova
352 1420 576 1474 progenies
597 1418 699 1460 caelo
717 1419 951 1460 demittitur
971 1417 1069 1459 alto.

111 1474 184 1516 Tu
203 1476 330 1517 modo
351 1477 538 1518 nascenti
558 1491 691 1531 puero
713 1491 797 1530 quo
818 1474 955 1517 ferrea
971 1476 1152 1530 primum

111 1530 291 1575 Desinet
306 1547 355 1576 ac
375 1541 464 1575 toto
486 1540 630 1587 surget
650 1548 754 1587 gens
774 1547 902 1574 aurea
919 1532 1091 1581 mundo,

148 1622 164 1651 1
181 1621 320 1652 Sicelides
333 1622 441 1656 Musae,
462 1624 567 1650 Μοῦσαι
583 1622 727 1653 Σικελίὸες,
748 1629 816 1657 pas·
858 1617 946 1647 roicae
962 1621 1058 1647 tamen
1070 1617 1184 1652 similis,
1197 1626 1371 1656 processura
1383 1616 1566 1653 simii—365

106 1661 199 1691 toritii
214 1661 350 1691 carminis
364 1661 520 1699 praesidess,
545 1658 739 1691 Theocriteae,
755 1667 817 1686 om-
857 1666 925 1685 cum
947 1656 1026 1686 virili
1051 1662 1149 1685 autem
1178 1662 1276 1690 rotate,
1301 1656 1389 1685 tertio
1415 1656 1506 1693 gradu
1532 1665 1567 1684 ac

107 1700 234 1738 uinoque
267 1699 422 1728 bucolicae.
482 1702 591 1727 Σικελὸν
623 1701 709 1732 μέλοςΊ
740 1697 816 1726 Bion
857 1704 1018 1733 progressu
1042 1696 1180 1727 37,--45.ν
1205 1696 1364 1733 perfectam
1391 1704 1423 1722 ac
1451 1694 1566 1731 plenam

108 1737 200 1776 Idyll.
220 1738 298 1771 VII,
319 1738 348 1766 1.
390 1740 524 1766 Σικελικαὶ
548 1739 649 1765 Μοῖσαι
671 1735 816 1764 Moschus
856 1733 959 1763 saequi
973 1734 1104 1762 Saturnii
1125 1734 1294 1762 felicitatem
1307 1743 1374 1762 esse
1393 1732 1566 1761 redituram.

107 1776 200 1815 Idyll.
230 1777 295 1806 III.
323 1776 418 1805 Paulo
441 1775 529 1805 altius
551 1785 583 1804 se
604 1783 658 1812 pro
679 1774 815 1803 bucolico
854 1772 903 1801 Ita
922 1776 1041 1800 aetatem
1062 1781 1178 1801 auream
1200 1772 1281 1801 initia
1303 1781 1366 1805 sua,
1387 1770 1567 1800 incrementa

106 1814 235 1844 carmine
253 1825 269 1844 a
291 1814 373 1853 gredi
393 1817 597 1853 argumentum
618 1814 692 1841 bene
707 1813 814 1850 praefa-
855 1815 884 1839 et
897 1810 1049 1848 fastigium
1064 1810 1230 1840 habituram
1243 1820 1320 1845 esse,
1334 1809 1464 1847 fingitur.
1485 1809 1566 1838 Satis

107 1857 166 1888 tur,
180 1853 249 1892 quia
263 1825 402 1887 {fflfioni'
418 1853 482 1882 viro
497 1853 595 1886 docto,
611 1851 686 1880 illud
698 1851 816 1880 dedicat
854 1853 987 1888 apparet,
1021 1849 1139 1888 poetica
1161 1850 1226 1878 haeo
1250 1859 1315 1878 esse
1342 1849 1565 1887 phantasmata;

104 1896 135 1921 et
152 1892 297 1922 inscribit.
336 1891 421 1921 Idem
440 1901 530 1930 genus
545 1890 712 1920 bucolicum
725 1899 814 1928 porro
853 1888 924 1917 nihil
936 1888 1071 1917 historici
1085 1888 1260 1926 argumenti,
1272 1898 1307 1916 ne
1322 1896 1425 1915 verum
1445 1886 1565 1925 quidem

104 1930 244 1965 arbustis,
266 1930 392 1969 myricis,
407 1935 438 1960 et
452 1929 533 1958 silvis
554 1929 705 1968 exprimit.
745 1928 815 1967 My-
853 1926 1023 1955 vaticinium
1046 1927 1180 1962 subesse,
1204 1927 1230 1956 si
1253 1925 1323 1955 nihil
1339 1925 1454 1954 aliunde
1468 1925 1565 1955 adsci-

1543 1304 1571 1343 σι

104 1969 176 2005 rica,
191 1969 312 2009 virgulti
326 1979 417 2008 genus
437 1969 466 1998 ‘m
483 1968 572 1998 Italia
585 1968 717 2001 obvium,
735 1968 814 2005 quod

103 2008 183 2047 ripas
196 2008 348 2038 fluminum
355 2008 492 2037 obsidere
505 2007 592 2036 solet.
619 2005 815 2035 Tamariscum

103 2047 306 2085 ('l'amarisk,)
326 2057 351 2076 s.
370 2046 552 2076 Tamaricem
571 2045 715 2075 Gallicam
729 2045 814 2074 Linn.

103 2095 169 2115 esse
183 2087 290 2115 docent
304 2085 361 2115 viri
373 2085 522 2115 doeth—3
540 2084 621 2113 silvae
630 2084 689 2113 sint
702 2084 816 2113 consule

101 2124 207 2162 diqnoe.
228 2125 268 2154 sit
284 2134 400 2154 carmen
422 2124 477 2153 hoc
494 2123 661 2152 bucolicum
679 2123 750 2152 satis
775 2133 815 2152 ex

103 2163 244 2201 dignitate
255 2163 398 2193 Pollionis
410 2163 481 2192 Cos.
496 2163 540 2192 H.
563 2162 689 2191 Carmen
702 2162 814 2191 bucoli-

103 2212 171 2230 cum
184 2205 269 2231 tenue
280 2212 334 2240 per
347 2201 467 2231 arbusta
479 2205 509 2231 et
523 2201 657 2240 myricas,
674 2201 812 2239 grandius

125 2250 158 2268 er
173 2239 260 2269 silvas
277 2240 434 2280 significari
463 2245 596 2269 statuens
620 2238 663 2269 H.
685 2239 812 2268 Vossius

100 2249 256 2308 iiectionem
268 2283 336 2307 sunt
347 2279 469 2318 recepit.
493 2278 542 2308 W.

142 2319 172 2347 4.
183 2320 212 2346 5.
227 2317 337 2357 Agitur
352 2319 414 2356 jam
428 2318 534 2347 ultima
551 2322 625 2347 aetas
645 2316 675 2345 in
690 2314 811 2354 Sibylli-

101 2355 146 2385 nis
169 2357 347 2386 carminibus
370 2361 548 2393 memorata;
577 2357 685 2386 iterum
707 2365 812 2394 proce-

100 2395 171 2424 dent
184 2396 303 2429 saecula,
318 2404 385 2433 quae
402 2396 535 2424 fuerunt:
557 2396 588 2430 6,
601 2397 620 2424 7
640 2393 720 2423 redit
736 2403 812 2423 nunc

102 2434 245 2463 saeculum
261 2433 442 2468 Saturnium,
463 2438 494 2463 et
514 2444 582 2463 cum
604 2443 640 2463 eo
661 2432 811 2462 hominum

102 2482 205 2510 genus,
222 2473 307 2512 quale
322 2471 432 2500 saeeulo
441 2471 492 2501 illo
507 2482 595 2502 aureo
609 2471 676 2501 fuit.
703 2472 810 2509 Itaque

101 2520 132 2539 v.
144 2512 202 2546 S,9
215 2510 372 2549 subjicitur
384 2521 390 2538 ι
413 2520 505 2548 puero
515 2515 582 2540 nato
595 2511 657 2540 fore
668 2514 702 2539 ut
716 2510 811 2539 ferrea

103 2554 177 2579 aetas
195 2550 318 2584 desinat,
348 2549 487 2578 succedat
505 2559 611 2586 aurea3
638 2560 692 2587 per
711 2552 810 2578 certos

102 2591 198 2617 tamen
237 2590 336 2622 radus,
358 2598 432 2626 quos
448 2588 608 2616 secundum
622 2589 694 2616 vitae
706 2588 807 2616 huma-

102 2635 148 2654 nae
163 2638 214 2664 gra
235 2638 270 2657 us
293 2626 464 2662 constituit3
492 2636 546 2665 per
561 2626 717 2663 pueritiam
733 2626 809 2655 18-

102 2665 141 2693 25
156 2664 227 2695 dum
241 2665 337 2695 aetatis
351 2665 454 2694 ferreae
468 2665 545 2694 mala
557 2664 697 2698 desitura,
711 2674 807 2693 aureae

102 2703 178 2732 bona
197 2704 294 2743 aliqua
305 2704 437 2733 reditura
452 2704 528 2740 sint3
549 2708 612 2732 tum
627 2713 680 2741 per
694 2702 808 2731 adoles-

101 2742 236 2779 centiam,
259 2753 317 2782 qua
331 2743 489 2782 perfectior
510 2742 629 2783 quidem
650 2745 735 2777 aetas,
758 2741 809 2770 he-

852 1965 942 1994 veris.
972 1966 1097 1994 Carmen
1109 1971 1205 1995 tamen
1223 1969 1287 1994 tum
1301 1968 1464 2003 supererat,
1484 1964 1565 2003 quod

853 2005 890 2033 ad
904 2003 1048 2043 Sibyllam
1059 2004 1219 2034 Cumanam
1228 2003 1318 2042 vulgo
1326 2003 1429 2032 referri
1438 2002 1564 2038 solebat,

851 2042 881 2072 in
903 2053 972 2082 quo,
996 2047 1066 2081 post
1086 2043 1160 2072 dura
1180 2047 1211 2072 et
1231 2042 1326 2071 ferrea
1346 2046 1489 2080 tempora,
1511 2042 1564 2070 ubi

852 2081 955 2110 ultima
981 2087 1053 2111 aetas
1075 2081 1156 2120 (sive
1177 2077 1310 2110 saeculzim
1337 2079 1473 2108 decimum
1502 2080 1564 2109 vid.

854 2120 928 2159 Arg.
946 2119 1022 2156 ΠΕ),
1038 2130 1125 2158 quam
1136 2121 1173 2149 de
1184 2129 1237 2148 sua
1250 2123 1339 2148 aetate
1353 2118 1564 2156 interpretatur

876 2161 952 2193 oeta,
969 2158 1146 2193 advenisset,
1158 2167 1275 2187 auream
1291 2161 1408 2186 aetatem
1424 2157 1486 2186 sive
1500 2167 1561 2186 me-

851 2168 959 2227 iiorum
972 2202 1138 2236 temporum
1150 2197 1282 2226 ordinem
1294 2195 1388 2225 denuo
1403 2205 1562 2235 processu·

851 2246 918 2266 rum
932 2246 1008 2271 esse,
1029 2235 1206 2275 praedictum
1218 2235 1367 2264 exstabat.

889 2277 910 2305 6
935 2275 1037 2313 Viryo,
1051 2278 1128 2309 Δίκη,
1144 2274 1277 2308 Justitia,
1297 2278 1331 2302 ut
1347 2272 1474 2302 Hesiod.
1498 2279 1561 2308 1397.

850 2315 920 2344 256.
965 2315 1048 2343 Nota
1063 2323 1114 2343 res
1134 2312 1182 2341 vel
1197 2322 1236 2341 ex
1255 2312 1346 2341 Ovid.
1363 2312 1441 2340 Met.
1454 2312 1480 2347 Ι,
1503 2313 1560 2341 149

852 2357 883 2382 et
903 2353 989 2389 Virg.
1011 2352 1127 2387 Ge.11,
1148 2351 1224 2381 474:
1253 2351 1382 2380 Hesiod⁴
1406 2357 1467 2385 Ep7.
1490 2351 1560 2380 256.

849 2392 977 2421 200.-7
1000 2402 1074 2421 nova
1090 2390 1253 2429 pr·oyenie5‚
1282 2399 1391 2418 novum
1409 2389 1560 2420 hominum

851 2440 953 2469 genua,
989 2431 1048 2460 uod
1069 2430 1218 2463 succedat,
1233 2428 1372 2463 nascitur,
1395 2433 1442 2457 νέα
1455 2432 1559 2460 πληθυς

850 2474 961 2504 ἀνδρῶν,
1003 2490 1010 2497 .
1031 2468 1166 2498 meliores
1180 2471 1210 2496 et
1224 2467 1378 2505 justiores,
1393 2470 1425 2495 ut
1438 2466 1467 2495 in
1481 2476 1559 2496 novo

848 2518 947 2537 rerum
962 2506 1062 2536 ordine
1077 2511 1108 2536 et
1123 2515 1210 2535 aurea
1223 2509 1320 2534 aetate.
1360 2505 1473 2534 Eadem
1487 2516 1515 2534 v.
1528 2506 1558 2534 9.

846 2557 917 2585 yon-s·
931 2556 1030 2574 aurea.
1050 2545 1177 2575 Hesiod..
1202 2551 1264 2579 Εργ.
1284 2545 1342 2573 109
1355 2548 1469 2578 χρύσεον
1482 2548 1558 2578 γένος

849 2589 975 2620 μερόπων
990 2587 1144 2618 ἀνθρώπων.
1165 2582 1210 2612 Η.
1225 2582 1293 2612 t'aelo
1304 2583 1333 2611 d.
1347 2583 1415 2611 allo.
1456 2582 1504 2610 Ita
1522 2581 1557 2609 de

848 2624 917 2653 caelo
930 2622 1022 2652 delabi
1037 2623 1073 2652 de
1084 2622 1156 2651 viris
1168 2621 1280 2652 virtute.
1293 2621 1456 2660 insignibus
1470 2630 1543 2648 usur

847 2667 949 2701 patum
962 2662 1057 2691 vides.
1072 2661 1268 2699 W.——-sur9et,
1287 2661 1437 2699 procedet,
1459 2662 1554 2690 ortum

848 2707 878 2730 et
889 2701 1003 2730 initium
1018 2700 1147 2729 habebit.
1163 2699 1364 2734 H.-—munslo‚
1379 2699 1450 2728 orbe
1464 2701 1556 2726 terra-

849 2750 924 2776 rum,
940 2744 974 2769 ut
989 2740 1100 2769 Lucan.
1114 2739 1142 2775 1,
1159 2740 1224 2770 160.
1243 2737 1289 2768 W.

1420 2789 1446 2817 E
