1796 3077
635 223 900 263 AENEIDOS.
951 225 1051 263 LlB.
1082 226 1112 263 1.

148 339 209 380 At
227 340 374 381 domus
394 340 564 383 interior
583 342 712 397 regali
731 343 954 398 splendida
974 344 1077 386 luxu

147 395 387 446 Instruitur,
407 399 635 453 mediisque
655 409 806 453 parant
824 402 1012 442 convivia
1032 401 1173 443 tectis:

147 451 255 494 Arte
275 452 475 495 laboratae
494 463 628 496 vestes
648 464 847 511 ostroque
868 459 1065 511 superbo,

145 507 298 562 Ingens
318 519 538 564 argentum
559 513 723 561 mensis,
744 513 974 566 caelataque
993 514 1036 554 in
1055 528 1157 554 auro

1491 515 1574 555 640

144 563 287 606 Fortia
306 566 417 607 facta
435 576 613 621 patrum,
635 570 763 610 series
783 569 1022 623 longissima
1040 584 1194 616 rerum,

144 619 228 662 Per
247 629 308 663 tot
328 623 457 664 ducta
476 625 586 665 viros
607 625 778 678 antiqua
797 626 850 666 ab
871 626 1031 680 origine
1051 628 1199 680 gentis.

199 677 362 719 AEneas
383 680 536 734 (neque
556 681 664 721 enim
684 682 845 736 patrius
865 683 1090 723 consistere
1110 688 1291 723 mentem

140 733 295 775 Passus
314 737 445 788 amor)
465 737 658 790 rapidum
677 738 732 778 ad
751 752 875 778 naves
895 739 1108 792 praemittit
1128 738 1344 786 Achaten,

137 789 322 831 Ascanio
341 791 447 832 ferat
466 792 572 841 haec,
593 793 811 846 ipsumque
833 794 887 834 ad
906 796 1057 834 moenia
1077 795 1217 835 ducat.

1489 795 1571 835 645

139 846 288 887 Omnis
308 847 350 887 in
369 847 552 888 Ascanio
572 849 656 888 cari
671 855 754 888 stat
774 863 874 889 cura
894 852 1093 902 parentis.

138 901 322 943 Munera
340 911 556 956 praeterea,
577 903 713 944 Iliacis
733 911 879 957 erepta
899 906 1040 954 ruinis,

136 957 265 999 Ferre
279 960 416 1013 jubet,
438 959 590 1014 pallam
609 960 735 1014 signis
754 974 941 1013 auroque
961 962 1177 1014 rigentem,

136 1014 197 1055 Et
216 1016 535 1056 circumtextum
555 1030 703 1057 croceo
723 1015 909 1056 velamen
929 1018 1121 1066 acantho,

135 1070 322 1112 Ornatus
342 1071 513 1126 Argivae
533 1071 734 1121 Helenae3
765 1086 869 1125 quos
889 1071 959 1113 illa
979 1073 1184 1127 Mycenis,

1484 1073 1568 1112 650

137 1126 345 1181 Pergama
365 1143 494 1182 quum
515 1135 679 1182 peteret
698 1129 1045 1182 inconcessosque
1066 1130 1333 1184 Hymenaeos,

136 1182 376 1233 Extulerat,
398 1185 541 1224 matris
563 1184 695 1224 Ledae
712 1183 899 1224 mirabile
919 1185 1100 1225 donum:

131 1238 345 1282 Praeterea
364 1247 588 1294 sceptrum,
605 1239 736 1281 Ilione
756 1240 873 1293 quod
892 1248 1080 1294 gesserat
1099 1240 1207 1289 olim,

128 1391 236 1420 Bacchi
259 1393 333 1421 dorm
358 1392 484 1421 duxisse
510 1392 737 1421 videtur.·-—637
760 1392 828 1422 Jam

127 1430 266 1459 Catullus
286 1431 406 1459 dixerat
426 1430 544 1465 LXIV,
559 1431 598 1459 46
610 1448 649 1453 —
663 1441 829 1469 quacunque

126 1469 258 1506 qaulenta
270 1469 386 1497 recessit
394 1468 600 1506 Regia-Tota
614 1469 712 1497 domus
724 1469 828 1507 yandet

125 1506 218 1544 reyali
236 1507 382 1545 splendida
400 1517 486 1545 gaza.
507 1507 546 1537 cf.
570 1507 694 1546 reliqua.
707 1524 745 1530 -
759 1507 828 1536 luxa

125 1545 270 1588 praeclare
284 1555 339 1583 pro
354 1549 500 1584 apparatu
513 1546 613 1589 regali.
626 1563 664 1568 -—
679 1547 737 1575 639
750 1546 828 1574 Bre-

125 1583 240 1617 vitatis,
264 1587 367 1622 utpote
393 1584 422 1612 in
446 1590 619 1618 narratione,
641 1588 672 1613 et
697 1584 827 1621 poe'ticae

125 1620 278 1665 elegantias
299 1621 431 1651 studium
460 1621 647 1650 omissionem
670 1622 755 1650 verbi
775 1632 828 1660 pe-

124 1664 220 1697 perit:
253 1665 330 1694 sunt,
360 1660 408 1688 vel
439 1660 631 1688 instruuntur.
644 1660 828 1698 —intellige

121 1702 220 1726 autem
241 1703 353 1733 vestes,
372 1698 519 1736 stragulas
534 1708 700 1736 purpureas
722 1708 826 1737 magna

124 1740 189 1764 arte
213 1740 324 1766 textas.
377 1736 496 1765 Ostrum
573 1736 670 1765 erbum
691 1736 824 1775 splendi-

121 1774 210 1810 dum3
230 1775 280 1804 inf.
303 1776 372 1804 697.
394 1779 424 1803 et
448 1776 516 1803 700.
541 1775 634 1803 aalma
651 1775 772 1813 superba
795 1779 825 1804 et

120 1816 230 1841 ostrum
249 1814 481 1842 stratum—640
500 1813 581 1842 Vasa
593 1823 698 1851 magna
718 1823 823 1852 argen-

121 1854 179 1885 tea,
200 1855 230 1880 et
247 1862 336 1880 aurea
349 1852 453 1881 caelata
465 1853 609 1890 majorum
625 1851 751 1880 Didonis
767 1852 823 1889 (cf.

120 1888 194 1918 Not.
218 1890 265 1918 ad.
287 1890 353 1924 111,
372 1891 440 1919 466.
467 1889 533 1925 W.)
579 1888 701 1924 Caelata,
732 1899 822 1927 opere

119 1927 295 1966 anaglypho,
316 1938 368 1957 seu
394 1927 584 1957 exstantibus
606 1927 732 1966 figuris;
754 1938 821 1966 quae

118 1970 255 1995 constans
292 1966 375 1995 vocis
407 1969 454 1995 est
484 1966 702 1995 notia—series
726 1976 822 1995 rerum

118 2003 214 2038 ducta,
238 2005 390 2041 deducta3
418 2015 474 2033 non
503 2010 601 2033 autem
627 2004 665 2033 de
692 2014 780 2042 opere
804 2015 821 2034 e

119 2043 239 2072 metallo
253 2044 389 2077 conflato,
410 2047 441 2072 at
452 2043 516 2072 daci
530 2042 606 2071 solet
616 2042 677 2071 dici
691 2043 774 2072 alias.

156 2081 213 2110 645
227 2082 364 2111 Affectus
376 2086 516 2120 paternus
530 2082 605 2110 bene
624 2091 641 2109 a
660 2082 751 2119 poeta
765 2091 819 2110 ex-

116 2118 247 2155 hibitus3
271 2124 334 2149 tum
358 2129 533 2158 generosum
556 2119 660 2148 AEneae
687 2119 819 2148 studium

118 2156 323 2186 benevolentia
333 2158 444 2196 reginae
457 2161 663 2196 provocatum.
673 2168 753 2186 amor
762 2167 819 2185 non

112 2204 219 2232 passus
243 2199 285 2224 est
310 2201 429 2224 mentem
450 2196 623 2232 consistere5
652 2205 723 2234 ergo
750 2205 819 2224 eum

116 2232 255 2270 agitavit,
268 2234 426 2271 permovit,
439 2239 473 2263 ut
485 2234 545 2262 filio
560 2234 686 2263 nuntiari
696 2235 819 2271 juberet

115 2271 243 2300 fortunae
260 2271 341 2300 vices
361 2273 517 2305 secundas,
536 2282 662 2311 eumque
682 2282 818 2301 arcesse—

116 2313 172 2337 ret.
181 2311 275 2347 serat,
295 2309 410 2339 nuntiet
431 2311 528 2339 omnia
550 2311 626 2344 haec,
647 2321 714 2348 quae
737 2311 817 2339 acci-

115 2347 242 2377 dissent.
281 2347 317 2376 In
330 2357 421 2376 versu
437 2357 500 2385 seq.
523 2353 583 2377 stat
606 2359 662 2387 pro
676 2353 730 2383 ese,
751 2348 818 2378 vul-

116 2386 182 2424 gari
196 2387 298 2415 verbo.
322 2385 384 2413 curi
404 2386 511 2422 patris,
533 2391 616 2423 φίλου
630 2391 742 2421 πατρὸς,
755 2387 784 2415 h.
796 2387 818 2415 l.

114 2433 171 2462 pro
191 2424 324 2453 amantis.
337 2441 376 2445 —
388 2424 445 2452 64⁷
459 2441 497 2445 —
508 2426 567 2453 656
589 2425 680 2462 Apud
701 2426 815 2454 Home-

113 2472 180 2491 rum
192 2472 312 2491 munera
324 2462 386 2491 fere
393 2464 493 2496 ξειυῆῖα
506 2462 675 2501 hospitibus
689 2464 816 2492 advenis

113 2500 224 2530 dantur
251 2501 288 2530 ab
310 2500 359 2535 iis,
380 2500 431 2538 qui
454 2500 616 2538 excipiunt.
655 2501 726 2530 Hoc
750 2502 816 2530 loco

109 2539 199 2576 jubet
207 2539 318 2568 AEneas
329 2542 488 2576 apportare
497 2538 642 2567 Achatem
652 2549 668 2568 e
679 2539 815 2574 navibus,

112 2584 181 2614 quae
205 2577 316 2606 Didoni
343 2576 558 2614 donet.-palla
577 2577 668 2615 signis
688 2588 815 2616 auroque

112 2615 217 2651 rigens,
237 2615 361 2645 intextis
384 2625 499 2645 remum
520 2614 569 2643 vel
591 2615 741 2644 hominum
755 2616 815 2644 for-

111 2653 168 2680 mis
181 2663 220 2681 ex
233 2663 315 2683 auro.
346 2655 481 2683 Laudant
501 2653 624 2682 Pindari
636 2653 743 2682 Isthm.
757 2654 815 2688 VI,

110 2691 159 2721 58.
178 2692 404 2722 59.-0ἰνοὸόκον
421 2695 524 2730 φιάλαν
537 2693 626 2730 χρυσῷ
640 2694 815 2729 πεφρικυῖαν;

867 1393 947 1430 quod
959 1394 1123 1423 illustraret
1137 1398 1270 1432 pateram
1283 1394 1380 1422 aureis
1396 1394 1486 1432 siynis
1500 1395 1566 1423 hora

865 1436 983 1466 rentem,
1009 1432 1038 1460 h.
1057 1443 1084 1461 e.
1103 1442 1236 1470 asperam
1259 1432 1350 1470 signis
1371 1434 1573 1461 exstantibus.

866 1469 908 1498 At
921 1470 950 1498 h.
964 1470 984 1500 l.
998 1471 1091 1508 riqent
1112 1475 1201 1499 vestes
1216 1470 1309 1508 plenae
1326 1480 1358 1498 ac
1373 1471 1471 1499 densae
1486 1481 1569 1505 auro,

866 1517 925 1545 quo
940 1513 1088 1546 pertextae
1102 1513 1132 1537 et
1155 1508 1261 1537 effictae
1281 1513 1349 1536 sunt
1369 1508 1398 1536 in
1411 1508 1471 1537 tela
1492 1510 1567 1547 figu-

867 1556 921 1580 rae,
942 1546 1012 1575 AEn.
1027 1547 1091 1581 XI,
1105 1548 1153 1576 72.
1177 1547 1255 1575 Tunc
1266 1546 1395 1585 geminas
1408 1551 1499 1575 vestes
1516 1558 1568 1575 an-

867 1593 956 1621 roque
980 1589 1113 1622 ostroque
1139 1585 1263 1622 riqentes
1287 1584 1402 1612 Extulit
1430 1584 1568 1614 AEneas:

867 1631 941 1660 quas
968 1623 1178 1652 Dido—tenui
1198 1623 1269 1651 telas
1289 1622 1462 1652 discreverat
1487 1634 1570 1653 aaro.

866 1660 992 1697 riqentes
1014 1666 1095 1699 toyas
1121 1672 1159 1690 ex
1184 1665 1284 1690 nostro
1304 1661 1391 1689 duxit
1412 1661 1518 1690 Claud.
1540 1662 1568 1697 1,

863 1698 1189 1728 205.—circu7ntextum
1210 1699 1335 1728 velamen
1346 1699 1476 1734 acantho,
1490 1710 1570 1737 prae·

864 1740 979 1765 textum
1000 1737 1115 1766 acanthi
1136 1738 1229 1771 foliis,
1250 1737 1342 1766 vestis
1367 1747 1448 1766 oram
1472 1739 1566 1767 ambi-

863 1775 990 1803 entibus.
1011 1776 1057 1804 De
1070 1777 1200 1810 acantho,
1215 1776 1323 1809 sativo,
1339 1775 1443 1808 branca
1454 1776 1565 1811 ursina,

862 1812 911 1840 vel
925 1813 1123 1851 capitulorum
1143 1815 1172 1842 in
1184 1813 1329 1842 columnis
1350 1818 1454 1842 ornatu
1470 1815 1564 1844 nobili

861 1849 963 1884 herba,
985 1862 1013 1879 v.
1035 1853 1072 1880 ad
1096 1853 1162 1881 Ecl.
1182 1852 1249 1885 III,
1265 1853 1315 1886 45,
1340 1851 1390 1880 ubi
1406 1852 1434 1880 in
1448 1853 1565 1889 poculis

862 1898 942 1918 ansae
964 1890 1089 1918 acantho
1109 1890 1295 1923 circnmlitae,
1315 1893 1349 1918 ut
1372 1891 1451 1927 apud
1474 1890 1567 1920 ovid.

863 1927 939 1956 Met.
954 1927 1048 1963 XIV,
1059 1930 1128 1958 701.
1138 1929 1262 1957 crateris
1272 1938 1316 1957 os.
1330 1938 1467 1962 croceum,
1483 1930 1564 1966 quod

862 1965 927 2001 ejus
942 1976 1036 2003 genus
1050 1971 1096 1996 est
1110 1978 1117 2002 ς
1131 1977 1197 1996 nam
1211 1967 1334 2005 vulgare
1349 1972 1396 1995 est
1407 1967 1478 1995 flore
1487 1967 1565 1996 albo.

861 2003 1042 2041 Calpurnius
1059 2006 1125 2034 Ecl.
1140 2006 1197 2039 IV,
1213 2006 1261 2034 68.
1274 2005 1390 2033 rutilum
1404 2005 1491 2039 dixit,
1513 2006 1565 2035 ubi

860 2041 997 2079 Tityrum
1012 2048 1172 2072 cantantem
1184 2043 1271 2072 rutilo
1285 2053 1299 2071 s
1320 2043 1435 2080 aryebat
1445 2045 1566 2072 acantho

858 2079 947 2108 Nais.
986 2080 1027 2109 Et
1043 2081 1178 2110 similiter
1192 2085 1265 2119 puto
1304 2080 1434 2109 'idonium
1448 2081 1564 2110 Statius

858 2117 888 2145 in
902 2118 968 2146 loco
980 2128 1017 2146 ex
1036 2123 1137 2147 nostro
1151 2127 1298 2156 expresso
1314 2118 1366 2146 III
1382 2118 1456 2146 Silv.
1471 2119 1498 2152 Ι,
1513 2120 1562 2153 37,

858 2156 906 2184 38.
946 2156 1006 2184 Hic
1030 2156 1083 2185 tibi
1107 2157 1289 2194 (Hercules)
1314 2155 1434 2184 Sidonio
1460 2157 1563 2185 celsum

855 2194 990 2231 pulvinar
1016 2196 1136 2223 acantho
1158 2195 1204 2233 (h.
1235 2205 1261 2223 e.
1286 2194 1335 2222 cui
1361 2193 1495 2223 intextus
1522 2205 1561 2224 ex

857 2241 991 2269 purpura
1005 2234 1164 2269 acanthus)
1182 2232 1300 2261 Texitur
1317 2236 1346 2260 et
1358 2231 1448 2269 signis
1460 2234 1561 2261 crescit

857 2275 938 2298 torus
969 2281 1053 2308 asper
1076 2271 1201 2300 eburnis.
1240 2271 1316 2298 Tum
1351 2270 1476 2299 velamen
1510 2281 1563 2300 seu

857 2308 974 2337 omnino
988 2309 1105 2347 peplus‚
1126 2309 1232 2343 vestis,
1253 2319 1306 2337 seu
1321 2318 1497 2346 expressum
1513 2315 1561 2339 est

855 2351 888 2374 τὸ
904 2349 1057 2381 κρήδεμνον,
1079 2357 1136 2385 quo
1150 2357 1183 2376 ca
1207 2352 1240 2376 ut
1252 2346 1357 2380 velari,
1379 2351 1419 2381 et,
1441 2347 1466 2375 si
1480 2358 1560 2376 com-

856 2385 1031 2422 plicaretur,
1053 2386 1135 2413 frons
1150 2395 1181 2414 re
1195 2385 1268 2423 igari
1279 2389 1408 2422 poterat.
1447 2385 1561 2415 Home-

856 2423 920 2451 rico
934 2433 1007 2452 vero
1029 2433 1111 2452 more
1125 2434 1155 2452 v.
1166 2424 1325 2452 650—652
1336 2424 1561 2453 commendatur

855 2461 981 2489 velamen
994 2461 1068 2490 illud
1081 2472 1120 2490 ex
1133 2472 1179 2495 eo,
1200 2462 1280 2500 quod
1298 2461 1328 2489 in
1341 2462 1450 2490 mundo
1465 2462 1559 2491 Hele-

855 2510 901 2528 nae
915 2499 1023 2528 fuerat.
1063 2499 1239 2528 Abstulerat
1246 2504 1344 2528 autem
1357 2509 1426 2528 cum
1439 2500 1559 2529 Helena

855 2539 990 2576 (Ἀργείην
1011 2540 1119 2568 Ἑλένην
1138 2538 1244 2567 latiore
1263 2547 1363 2571 sensu,
1386 2538 1443 2566 etsi
1467 2540 1557 2575 Spar-

852 2581 949 2605 tanam
968 2576 1030 2613 jam
1051 2576 1202 2604 Homerus
1230 2576 1450 2615 appellaverat)
1471 2576 1559 2605 Paris

854 2614 961 2644 multas
975 2618 1074 2643 vestes
1088 2617 1118 2642 et
1131 2620 1310 2648 ornamenta,
1331 2616 1469 2648 κειμήλια,
1490 2624 1556 2652 quae

854 2654 863 2682 i
888 2662 921 2680 sa
945 2661 1013 2680 cum
1042 2652 1161 2681 Helena
1186 2654 1360 2690 repetebant
1382 2652 1502 2686 Achivi,
1526 2662 1556 2681 v,

855 2664 895 2721 Ikl.
908 2704 936 2726 γ,
947 2692 996 2720 70.
1012 2694 1042 2720 et
1055 2690 1094 2720 al.
1104 2708 1141 2713 —-
1151 2692 1210 2721 653
1226 2691 1330 2722 Habes
1351 2694 1503 2729 sceptrum,
1526 2689 1556 2722 h.
