1796 3077
194 262 284 308 162

193 381 254 423 Et
273 385 373 422 totae
393 377 568 421 solidam
589 375 630 415 in
650 373 825 429 glaciem
844 379 1008 414 vertere
1028 371 1205 423 lacunae,

624 254 669 292 P.
699 252 932 290 VIRGILII
963 251 1217 290 MARONIS

194 439 406 492 Stiriaque
427 432 603 489 impexis
623 431 813 472 induruit
832 429 1007 471 horrida
1027 430 1185 471 barbis.

194 496 361 537 Interea
381 501 470 534 toto
491 505 574 532 non
594 489 730 530 secius
751 487 850 529 a‘ere
871 487 1060 541 ninguit;

195 553 414 594 Intereunt
433 547 630 604 pecudes,
654 552 766 587 stant
784 544 1037 586 circumfusa
1057 543 1218 599 pruinis

196 610 388 663 Corpora
402 620 553 660 magna
572 605 714 653 boum,
734 602 1010 657 confertoque
1031 602 1196 657 agmine
1216 600 1328 643 cervi

197 666 392 719 Torpent
412 664 519 704 mole
540 676 661 711 nova,
683 667 727 702 et
748 659 917 701 summis
936 660 1006 700 vix
1026 660 1224 700 cornibus
1245 664 1427 700 exstant.

1566 659 1651 700 370

198 723 292 764 Hos
313 736 396 762 non
416 720 606 762 immissis
626 718 816 767 canibus,
836 731 921 758 non
940 717 1128 758 cassibus
1148 715 1255 766 ullis,

198 779 448 821 Puniceceve
470 777 630 831 agitant
649 775 825 830 pavidos
846 774 1068 816 formidine
1088 774 1256 828 pinnae3

197 836 285 877 Sed
306 836 461 877 frustra
482 834 723 889 oppositum
744 832 963 873 trudentes
983 839 1157 885 pectore
1177 837 1361 872 montem

198 893 441 935 Comminus
461 893 717 933 obtruncant
734 889 860 938 ferro,
881 889 1150 943 graviterque
1171 888 1373 929 rudentes

198 951 394 999 Caedunt,
415 956 458 990 et
477 962 630 1003 magno
649 946 735 988 laeti
754 945 935 988 clamore
956 951 1188 1000 reportant.

1567 942 1653 983 375

200 1008 288 1062 Ipsi
306 1008 349 1048 in
369 1006 546 1048 defossis
566 1003 779 1060 specubus
800 1018 949 1045 secura
970 1003 1049 1043 sub
1068 1001 1154 1043 alta

200 1065 303 1106 Otia
324 1071 455 1118 agunt
473 1070 599 1111 terra,
621 1067 907 1116 congestaque
926 1060 1083 1101 robora
1099 1066 1294 1114 totasque

196 1120 439 1162 Advolvere
458 1120 562 1161 focis
580 1118 729 1168 ulmos,
750 1118 920 1173 ignique
940 1116 1112 1158 dedere.

198 1179 284 1220 Hic
305 1184 471 1219 noctem
490 1176 590 1217 ludo
607 1176 781 1224 ducunt,
803 1182 846 1216 et
866 1173 1019 1229 pocula
1038 1173 1123 1214 laeti

198 1235 424 1276 Fermento
445 1240 571 1287 atque
594 1233 724 1274 acidis
745 1232 959 1272 imitantur
979 1231 1088 1272 vitea
1109 1230 1258 1271 sorbis.

1570 1227 1655 1266 380

198 1291 318 1334 Talis
338 1291 624 1345 Hyperboreo
645 1289 818 1343 Septem
839 1289 1032 1342 subjecta
1046 1288 1172 1328 trioni

200 1349 320 1390 Gens
341 1348 502 1389 effrena
519 1347 654 1387 virum
676 1346 861 1399 Rhipaeo
881 1345 1073 1386 tunditur
1095 1344 1229 1393 Euro,

200 1406 261 1447 Et
280 1405 493 1460 pecudum
513 1403 636 1445 fulvis
655 1402 818 1444 velatur
837 1416 1016 1457 corpora
1037 1402 1163 1443 saetis.

200 1540 229 1565 et
245 1536 356 1565 lcccmzoe
370 1544 426 1572 pro
442 1533 549 1571 layenoe
562 1532 781 1570 accipiendum,
803 1533 862 1567 vel,
886 1533 912 1562 si

202 1575 308 1608 mavis,
320 1575 360 1602 ita
374 1573 563 1602 scribendum
579 1581 647 1600 esse
661 1571 788 1601 videtur.
811 1572 913 1600 vorba

199 1614 311 1652 hyena,
327 1613 443 1651 laynmz,
459 1611 562 1639 lacuna
578 1621 617 1638 ex
633 1620 691 1638 una
705 1610 818 1646 origine
833 1610 912 1639 deri-

198 1653 476 1689 vanda‚eoru1nque
491 1649 719 1688 significationes
734 1654 765 1678 et
779 1649 909 1687 scriptu-

200 1701 263 1720 ram
285 1691 438 1719 confusam
460 1699 538 1720 esse.
553 1688 668 1716 notavit
688 1688 910 1716 eruditissimus

201 1730 362 1759 Latinitate
377 1727 536 1757 Forcellini
552 1727 608 1754 sub
632 1736 661 1754 v.
685 1726 796 1763 laqena.
824 1725 910 1755 W.—

199 1771 258 1797 305
272 1773 382 1797 vertere
398 1776 442 1799 se,
458 1765 534 1794 verti
556 1764 773 1793 solent—367,
794 1774 851 1793 non
866 1775 909 1793 se-

201 1808 273 1839 cius.
296 1816 352 1835 non
376 1804 486 1837 minus,
511 1806 599 1840 atque
626 1806 705 1831 ante.
729 1803 767 1830 cf.
790 1804 847 1832 Ge.
863 1803 911 1837 ΙΙ,

200 1847 271 1875 277.
295 1845 437 1874 H.-——non
474 1841 576 1875 secius,
609 1850 665 1869 non
700 1841 809 1873 minus,
836 1843 913 1869 οὐδὲν

202 1885 283 1915 ἦττον
297 1894 304 1920 ;
334 1883 363 1911 h.
389 1891 416 1910 e.
443 1881 515 1909 dum
539 1882 646 1908 cuncta
668 1879 761 1917 glacie
791 1879 914 1908 astricta

203 1926 272 1951 sunt
294 1931 352 1950 non
376 1920 471 1948 minus
486 1919 597 1947 interea
617 1918 669 1946 nix
690 1918 780 1946 cadit.
794 1918 829 1946 S.
853 1923 913 1947 toto

202 1961 270 1989 aire
285 1959 408 1998 uinyuit,
421 1962 470 1986 est
482 1961 563 1986 totus
579 1957 629 1986 ac'r
643 1956 710 1985 nive
725 1957 849 1986 cadente
865 1968 911 1985 re-

205 2000 316 2037 pletus.
356 1997 519 2026 Diversum
537 2000 585 2025 est
600 1995 652 2024 nix
665 1995 732 2023 a'e're
745 1995 832 2024 cadit.
864 1995 911 2024 W.

204 2039 280 2067 'Mox
299 2036 414 2074 pruinis
434 2045 490 2073 pro
509 2034 639 2063 nivibus.
678 2034 808 2063 Videtur
820 2035 911 2072 poe'ta

204 2077 233 2105 h.
248 2077 267 2105 1.
282 2079 413 2104 certasse
428 2083 496 2102 cum
511 2073 646 2102 Homero
658 2072 911 2107 1141378—286.

203 2114 351 2152 praeclaro
364 2113 539 2142 loca—368
559 2111 675 2149 Accipe
694 2112 732 2140 de
748 2112 912 2149 repentinis

205 2154 328 2182 nivibus
348 2162 402 2190 per
423 2161 477 2180 eos
497 2161 614 2189 quoque
637 2150 715 2184 dies,
729 2151 839 2189 quibus
860 2161 911 2188 pe-

205 2192 300 2220 cudes
325 2190 452 2219 stabulis
480 2190 600 2218 emissae
628 2191 913 2227 pascu11tur.—370

207 2230 277 2259 mole
291 2239 375 2265 nova,
393 2228 541 2263 insolenti,
561 2238 589 2256 n.
614 2228 703 2257 nivis.
724 2229 829 2257 eadem
842 2238 913 2257 mox

206 2270 265 2298 :373
277 2277 367 2296 mons.
382 2267 503 2296 H.-37
510 2269 535 2296 1.
559 2267 585 2295 A
592 2267 696 2304 filare,
710 2267 832 2305 pellere,
846 2278 913 2305 per-

206 2307 302 2346 sequi.
325 2306 459 2335 ,sn—372
474 2300 663 2343 formidinem
683 2306 732 2334 hic
750 2306 914 2335 funiculum

206 2347 291 2374 illuni
312 2349 499 2378 venatorum,
521 2344 632 2383 plunus
654 2345 812 2379 intextum,
834 2355 914 2379 esse,

206 2395 267 2422 quo
288 2384 368 2413 cervi
389 2383 485 2412 territi
498 2383 527 2412 in
540 2384 615 2412 retia
635 2387 775 2421 aguntur,
794 2384 916 2413 obvium

207 2427 266 2452 est.
279 2424 317 2451 cs.
334 2423 404 2452 AEn.
417 2422 501 2456 XII,
513 2423 583 2451 750.
598 2422 657 2457 lv,
671 2423 739 2451 121.

246 2463 307 2491 376
326 2461 398 2489 Vita
422 2461 601 2499 populorum
624 2460 792 2490 borealium
815 2461 914 2490 decla-

208 2504 273 2530 rata
286 2510 341 2538 per
354 2510 398 2533 ea,
413 2510 480 2537 quae
495 2500 532 2528 de
546 2500 714 2528 Thracibus
729 2504 760 2529 et
771 2500 915 2529 Sarmatis

208 2539 321 2569 narrari
335 2538 480 2573 solebant.
501 2538 610 2576 partim
624 2540 713 2568 etiam
734 2539 773 2568 de
791 2540 915 2568 Germa-

208 2579 275 2615 nis3
297 2577 461 2606 communia
480 2577 640 2606 etiamnum
660 2577 793 2607 moribus
806 2578 913 2616 Mogo-

208 2618 306 2647 lorum
327 2619 357 2645 et
371 2616 572 2644 Tartar-orum.
592 2616 720 2653 defossos
737 2626 837 2655 specus
859 2626 915 2654 pro

209 2656 300 2686 fossis
313 2653 402 2688 dixit,
415 2657 449 2682 ut
460 2654 489 2682 in
504 2654 572 2683 Cul.
593 2656 650 2684 273
671 2655 800 2693 defossas
817 2655 916 2684 domos

210 2706 266 2733 pro
285 2692 495 2723 subterraneis.
515 2693 645 2730 defodere
662 2698 708 2723 est
722 2694 841 2732 proprie
857 2694 915 2723 alte.

211 2735 406 2767 fodere,mox
421 2735 452 2760 et
465 2731 604 2759 fodiendo
618 2733 729 2770 aliquid
739 2733 914 2762 condere:—

210 2772 358 2802 mluolvern
385 2779 441 2809 pro
472 2770 648 2806 advolvunt,
682 2771 915 2803 :roriston—3¹59

951 1538 1061 1562 noctem
1086 1533 1217 1572 appellat
1238 1535 1338 1560 noctes
1360 1531 1456 1570 longae
1477 1530 1582 1560 hiemis
1606 1540 1659 1569 per

952 1574 1093 1609 majorem
1109 1573 1174 1601 anni
1188 1575 1302 1609 partem
1324 1571 1514 1599 continuata».
1533 1571 1609 1598 cons.
1629 1581 1658 1599 v.

952 1611 1196 1641 357.35S.--380
1206 1609 1309 1648 pocula
1322 1609 1528 1645 vicea,vinun¹,
1542 1609 1659 1638 imitan-

950 1655 998 1679 tur
1006 1651 1166 1687 fermento,
1184 1650 1293 1678 hordeo
1308 1658 1359 1677 seu
1371 1650 1518 1678 frumento
1530 1648 1659 1677 fermen-

950 1693 1025 1723 tato,
1047 1689 1075 1717 h.
1091 1688 1251 1723 cerevisia,
1263 1692 1350 1726 atque
1363 1687 1466 1716 sorbis.
1508 1687 1577 1716 Hoc
1593 1686 1658 1725 qni-

950 1729 1020 1756 dem
1041 1728 1141 1757 vinum
1160 1728 1241 1756 nullo
1257 1727 1402 1756 Romanis
1418 1736 1475 1755 usu
1488 1726 1659 1764 frequenta-

950 1770 1013 1794 tum
1028 1776 1036 1801 3
1057 1776 1122 1794 nam
1138 1768 1203 1804 ejus
1226 1776 1262 1794 ne
1285 1765 1462 1794 mentionem
1477 1765 1597 1803 quidem
1613 1765 1657 1793 sa-

950 1805 1033 1833 ciunt
1054 1805 1094 1833 R.
1110 1805 1151 1834 R.
1172 1804 1286 1843 antiqui
1306 1808 1464 1840 auctores3
1491 1809 1522 1833 et
1540 1802 1660 1833 Parlad.

952 1843 1001 1875 II,
1018 1844 1065 1876 15,
1076 1844 1107 1871 4.
1145 1842 1219 1871 Item
1233 1853 1268 1871 ex
1281 1843 1375 1871 sorbis
1388 1842 1523 1877 maturis,
1536 1843 1610 1871 sicul
1622 1852 1659 1871 ex

947 1881 1036 1919 piris,
1050 1880 1147 1908 vinnm
1154 1881 1223 1918 fieri
1235 1881 1375 1915 traditur,
1389 1886 1417 1910 et
1429 1885 1548 1910 acetum.
1589 1881 1658 1910 Me-

951 1923 1047 1948 morat
1060 1923 1158 1948 tamen
1176 1919 1292 1947 Plinius
1307 1920 1385 1947 inter
1397 1919 1513 1957 reliqua
1528 1920 1587 1948 vini
1606 1920 1656 1948 fic-

952 1958 1011 1987 titii
1038 1968 1147 1996 genera
1160 1957 1254 1992 XIV,
1270 1958 1306 1986 16
1315 1967 1340 1986 S.
1358 1959 1404 1991 19,
1417 1958 1446 1986 3.
1460 1957 1504 1986 H.
1543 1958 1659 1993 Sorbis,

953 1997 1085 2031 sorbum,
1100 1996 1214 2025 fructus
1236 1995 1317 2024 sorbi
1332 1996 1459 2030 arboris,
1479 1996 1556 2035 angl.
1573 1997 1656 2030 sorb,

949 2035 1180 2073 service-berry,
1201 2035 1389 2072 sorb-apple.
1410 2034 1554 2063 ist—351.
1575 2037 1604 2064 2.
1625 2038 1656 2065 3.

950 2075 1000 2103 Ita
1013 2077 1107 2113 agunt
1123 2078 1225 2112 gentes
1240 2074 1385 2102 boreales.
1416 2073 1592 2112 Septemtrio
1604 2084 1658 2103 seu

949 2117 1055 2152 septem
1069 2113 1187 2146 triones,
1208 2113 1237 2141 h.
1257 2113 1363 2146 boves,
1387 2112 1472 2151 quasi
1496 2113 1619 2142 teriones
1640 2124 1658 2142 a

951 2152 1074 2181 terendo
1095 2152 1167 2181 dicti
1193 2153 1240 2195 (v.
1262 2152 1389 2180 Varron.
1410 2152 1445 2179 L.
1463 2151 1498 2180 L.
1514 2151 1572 2186 VI,
1588 2153 1607 2181 4
1628 2156 1659 2181 et

952 2191 1170 2225 Gell.ll.21.),
1186 2191 1282 2225 sidus,
1295 2190 1421 2229 antiquis
1437 2190 1552 2219 Graecis
1566 2194 1658 2225 ἅμαξα

953 2229 1149 2268 appellatum,
1165 2230 1234 2268 quia
1250 2230 1306 2258 sub
1319 2229 1449 2267 plaustri
1468 2230 1568 2267 specie
1590 2239 1659 2268 sep-

953 2273 1012 2297 teni
1025 2278 1131 2297 versus
1144 2268 1247 2306 polum
1268 2268 1412 2297 arcticum
1432 2268 1534 2297 stellas
1548 2278 1659 2306 reprae-

954 2308 1109 2336 sentabant
1121 2317 1128 2344 3
1142 2312 1176 2335 ut
1191 2307 1317 2336 fortasse
1329 2307 1493 2345 septemtrio
1501 2307 1540 2336 sit
1552 2311 1658 2345 septem

955 2346 1110 2375 stellarum
1125 2346 1197 2374 terio
1214 2356 1267 2375 seu
1281 2356 1399 2375 currus,
1419 2346 1448 2375 in
1467 2345 1594 2384 plaustri
1613 2345 1659 2373 lo-

954 2394 1023 2414 cum
1037 2395 1106 2414 mox<
1123 2385 1201 2414 Ursa
1214 2386 1309 2423 major
1330 2389 1359 2414 et
1374 2385 1478 2419 minor,
1498 2389 1548 2412 aut
1568 2384 1661 2412 altera

955 2428 1037 2452 certe
1058 2423 1170 2457 (Hom.
1185 2424 1300 2462 Odyss.
1315 2437 1339 2459 ε,
1353 2424 1429 2460 273)
1449 2423 1605 2454 successit.
1629 2433 1658 2451 v.

954 2463 1041 2492 Arat.
1053 2463 1207 2491 Phaenom.
1219 2465 1268 2492 27.
1283 2467 1313 2491 et
1325 2463 1363 2491 cf.
1375 2462 1478 2496 AEn.I,
1490 2462 1558 2489 744.
1573 2461 1658 2489 H..-

953 2501 1010 2530 381
1023 2501 1140 2539 Septem
1150 2501 1274 2539 snlgjecta
1287 2501 1385 2536 trioni,
1398 2509 1453 2538 pro
1462 2499 1660 2538 septamtrioni

953 2540 1100 2578 subjecla,·
1122 2540 1150 2569 in
1164 2541 1220 2570 hoo
1236 2540 1352 2569 Tmesis
1367 2543 1423 2568 est.
1435 2538 1568 2567 S.—382
1579 2538 1659 2567 Gens

953 2580 1124 2616 effi-enorum
1136 2579 1277 2614 virorum,
1288 2577 1405 2616 vulgari
1418 2577 1542 2611 ratione,
1556 2577 1585 2605 h.
1601 2577 1657 2606 irn-

953 2618 1093 2653 manium,
1106 2617 1401 2648 ferorum-Eurum
1413 2619 1444 2644 et
1456 2615 1504 2643 hic
1515 2626 1570 2654 pro
1583 2626 1658 2654 quo-

953 2666 1080 2695 cumque
1089 2661 1180 2686 vento
1191 2657 1280 2691 dixit,
1289 2664 1416 2693 eumque
1422 2654 1574 2692 Rhipaeum
1582 2655 1660 2684 dixit

954 2705 971 2724 a
984 2695 1126 2724 montibus
1133 2695 1274 2734 Rhipaeis,
1287 2694 1336 2731 qui
1351 2694 1388 2722 ab
1399 2692 1515 2722 oriente
1526 2693 1658 2732 Scythiae

953 2735 1045 2773 positi
1060 2734 1157 2764 videri
1176 2736 1312 2772 possunt,
1334 2732 1391 2760 etsi
1412 2732 1450 2760 de
1475 2742 1577 2761 eorum
1599 2733 1658 2760 situ

954 2774 1047 2804 varia!
1076 2774 1161 2803 sama.
1190 2772 1234 2802 H.
1284 2771 1397 2801 Eurum
1425 2771 1546 2810 proprie
1569 2771 1661 2805 dixit,
