1796 3077
497 177 780 216 BUCOLICA.

816 177 927 215 Eoi..
959 178 1050 215 vu.
1442 184 1504 227 43

236 465 598 507 MELIBOEUS.
660 466 985 508 CORYDON.
1045 464 1329 508 THYRSIS.

127 577 249 618 Mm„
281 578 407 620 Forte
427 580 505 620 sub
527 586 675 633 arguta
696 579 944 622 consederat
962 578 1054 620 ilice
1077 579 1284 633 Daphnis,

70 633 451 689 Compulerantque
470 651 620 690 greges
642 637 840 691 Corydon
855 644 898 677 et
914 635 1092 690 Thyrsis
1111 636 1153 676 in
1171 651 1312 686 unum,

70 689 249 744 Thyrsis
269 706 378 741 oves,
400 692 598 746 Corydon
617 693 819 734 distentas
839 692 946 734 lacte
963 692 1157 747 capellas,

70 746 212 787 Ambo
232 747 428 788 florentes
448 749 654 798 aetatibus,
675 748 865 790 Arcades
882 750 1018 798 ambo,

73 802 132 843 Et
152 810 319 844 cantare
341 819 474 857 pareS,
495 812 537 844 et
556 806 811 858 respondere
826 806 975 858 parati.
1484 803 1510 843 5

73 859 172 900 Huc
193 859 304 908 mihi,
322 860 421 900 dum
437 868 600 901 teneras
621 860 803 902 defendo
820 877 844 901 a
863 861 1018 915 frigore
1034 866 1203 913 myrtos,

72 915 150 956 Vir
167 916 306 969 gregis
322 916 411 969 ipse
431 931 557 970 caper
577 917 843 958 deerraverat
860 933 868 957 :
901 925 1025 970 atque
1046 931 1124 970 ego
1147 914 1351 969 Daphnin

71 971 259 1026 Aspicio.

320 971 394 1014 Ille
415 973 487 1013 ubi
502 988 566 1013 me
586 982 732 1014 contra
750 974 882 1014 videt:
916 974 1062 1022 Ocius,
1085 973 1231 1026 inquit,

73 1028 174 1069 Huc
194 1029 307 1078 ades,
329 1044 353 1069 ο
375 1028 596 1070 Meliboee!
628 1045 754 1084 caper
770 1031 844 1071 tibi
864 1030 1011 1079 salvus,
1034 1037 1075 1070 et
1095 1028 1231 1078 haedi3

75 1084 134 1125 Et
155 1085 189 1125 si
207 1086 307 1138 quid
327 1099 490 1126 cessare
510 1094 643 1140 potes,
668 1088 882 1141 requiesce
899 1088 978 1128 sub
997 1087 1158 1126 umbra.

1466 1083 1516 1122 10

76 1141 176 1182 Η110
197 1141 275 1195 ipsi
294 1149 439 1195 potum
460 1144 626 1183 venient
645 1158 722 1196 per
742 1152 861 1197 prata
875 1144 1067 1197 juvenci3

75 1197 160 1238 Hic
181 1198 332 1239 virides
350 1205 494 1240 tenera
513 1201 708 1253 praetexit
731 1201 934 1240 arundine
956 1200 1067 1253 ripas

75 1253 273 1304 Mincius,
293 1269 400 1309 eque
421 1270 537 1296 sacra
556 1263 751 1297 resonant
771 1257 962 1297 examina
981 1269 1153 1309 quercu.

76 1310 195 1357 Quid
215 1311 422 1352 facerem?
451 1327 587 1366 neque
607 1328 687 1368 ego
707 1312 930 1368 Alcippen,
955 1327 1031 1353 nec
1052 1309 1248 1365 Phyllida
1266 1309 1489 1356 habebam,

77 1366 292 1422 Depulsos
310 1383 334 1408 a
347 1368 455 1409 lacte
476 1369 589 1410 domi
608 1384 702 1423 quae
723 1370 937 1411 clauderet
957 1382 1089 1423 agnos
1105 1385 1114 1417 3

1469 1364 1519 1404 15

78 1423 138 1465 Et
158 1431 368 1466 certamen
383 1432 473 1466 erat
494 1426 693 1480 Corydon
713 1442 806 1468 cum
828 1426 1041 1480 Thyrside
1061 1437 1270 1478 magnum.

117 1541 134 1569 l
155 1540 274 1578 Aryuta
284 1540 357 1575 ilice,
372 1541 433 1569 levi
443 1550 509 1569 cum
521 1550 643 1569 susurro
657 1551 691 1569 ac
703 1550 780 1569 mur—

79 1588 172 1611 mure,
189 1589 241 1608 seu
257 1579 342 1607 sibilo
358 1579 450 1612 venti,
475 1578 591 1617 agitata.
632 1579 682 1607 Sic
698 1580 782 1606 Gra:—

79 1617 123 1646 015
136 1617 223 1646 arbor
236 1621 306 1655 ᾄδει,
321 1621 465 1651 συρίζετιιι,
480 1620 630 1650 μελίζεται,
642 1619 781 1649 ψιθυρίζῃ.

81 1655 268 1693 Expressum
288 1665 357 1684 vero
379 1656 433 1683 hoc
454 1654 569 1682 initium
595 1655 731 1683 carminis
744 1665 781 1682 ex

81 1693 206 1722 Theocr.
224 1693 312 1731 Idyll.
329 1694 387 1727 VI,
413 1695 427 1721 1
454 1702 498 1731 sq.
513 1697 543 1721 et
566 1693 660 1727 vlit,
684 1694 699 1721 1
717 1703 782 1732 sqq.

80 1731 146 1761 2122
153 1741 259 1766 ιιηιιηις
281 1731 406 1760 subaudi
413 1730 521 1767 locum‚·
537 1733 573 1760 εἰς
586 1734 631 1759 ἐνα
643 1738 738 1765 χῶρον.
749 1731 774 1759 S

80 1770 139 1798 -4
165 1771 304 1807 florentes
334 1769 475 1803 «natibus,
513 1773 547 1797 ut
577 1771 666 1807 poeta
697 1769 784 1803 dixit,

83 1809 169 1837 ambo
189 1809 311 1837 ssorente
329 1810 483 1837 aetate—5
499 1807 543 1836 Ec
554 1811 670 1835 cantare
685 1817 784 1844 pares,

84 1847 113 1875 h.
128 1856 215 1884 pares
230 1847 389 1882 cantaud03
416 1847 482 1883 (Ad
501 1850 617 1874 cantare
635 1845 694 1874 noli
716 1855 785 1884 sup-

107 1884 167 1913 lere
175 1885 301 1914 carmina
312 1896 319 1921 3
340 1894 406 1913 nam
417 1895 446 1913 v.
457 1885 505 1913 69.
520 1884 611 1912 victas
622 1884 788 1913 declaratur

112 1922 222 1962 hyrsis;
248 1923 348 1962 accipe
365 1922 441 1952 illud
469 1932 524 1961 pro
550 1933 653 1951 canere
675 1923 785 1957 fistula,

84 1966 206 1996 συρίζειν.
228 1961 294 2000 W.)
316 1966 346 1990 et
358 1965 482 2000 uterque
501 1962 645 1990 amoebaeo
660 1962 789 1991 carmine

82 2005 240 2038 praestans,
249 2001 305 2029 hoc
312 2004 369 2035 est,
378 2004 502 2038 paratus
510 2000 547 2028 ad
555 2000 776 2038 respondendum
783 2023 789 2034 ,

84 2039 163 2076 qnod
177 2039 206 2068 in
217 2048 252 2068 eo
266 2049 371 2077 genere
380 2038 582 2067 difficillimum
596 2042 652 2067 est.
672 2038 791 2068 Similes

86 2076 176 2115 igitur
190 2077 221 2112 ii,
241 2077 292 2115 qui
307 2087 382 2106 nunc
397 2077 484 2106 Italis
506 2076 725 2114 Improvisatori
746 2078 789 2106 dj-

85 2119 202 2145 cuntur.
241 2116 347 2154 Neque
362 2125 431 2144 vero
452 2115 526 2144 illud
539 2115 678 2150 otiosum,
693 2116 793 2144 Αττα-Α

87 2153 136 2181 cles
152 2153 243 2187 ambo,
261 2164 329 2183 cum
348 2155 374 2182 is
392 2153 520 2192 populus
536 2154 650 2182 musica
664 2154 790 2183 maxime

89 2191 253 2221 delectatus
269 2192 324 2229 sit;
345 2203 382 2222 ex
400 2192 465 2230 ipsa
483 2192 560 2221 enim
579 2192 678 2230 legum
700 2193 790 2221 disci-

87 2229 168 2268 plina
179 2230 239 2259 vid.
254 2231 360 2269 Polyb,
375 2231 432 2265 IV,
444 2231 492 2259 20.
509 2231 545 2259 ad
554 2231 726 2260 molliendos
741 2232 791 2260 ho-

90 2268 199 2296 minum
214 2279 268 2306 per
281 2270 369 2298 urbes
377 2279 432 2298 non
443 2268 637 2297 habitantium
649 2279 744 2298 mores
759 2280 794 2299 ea

89 2310 153 2335 arte
168 2306 374 2336 erudiebantur
392 2307 486 2345 pueri.
526 2307 632 2345 Itaque
649 2312 730 2336 erant
750 2308 793 2337 in·

91 2349 138 2375 ter
149 2355 200 2374 eos
214 2345 327 2383 plures,
343 2345 393 2383 qui
405 2356 439 2374 ea
451 2345 640 2374 excellerent.

128 2384 148 2412 6
170 2384 303 2421 Defeudo
321 2393 339 2411 a
356 2383 482 2421 frigore,
513 2384 639 2419 vindico,
666 2385 791 2422 tegendo

91 2431 142 2450 eas
169 2423 319 2455 stramine,
348 2422 501 2451 sarmentis
531 2426 598 2456 etc.,
625 2432 661 2451 ne
687 2423 796 2460 frigore

92 2465 224 2490 urantur.
245 2461 305 2489 Sed
319 2459 365 2488 hic
379 2469 414 2488 ea
427 2459 582 2489 difficultas
590 2462 652 2498 jam
669 2461 796 2499 antiquis

92 2498 171 2533 (vid.
190 2499 292 2535 Serv.)
314 2498 515 2526 animadversa
530 2499 635 2533 oritur,
650 2500 729 2538 quod
742 2510 798 2528 aes-

95 2537 158 2565 tivo
173 2541 304 2581 tempore
316 2547 364 2565 res
378 2536 466 2573 hujus
481 2536 593 2574 eclogae
611 2537 657 2576 agi
670 2537 797 2572 videtur,

94 2575 125 2604 in
142 2585 211 2614 quo,
230 2586 259 2604 in
279 2574 382 2613 primis
402 2574 537 2602 clementi
558 2574 655 2604 Italiae
676 2576 763 2609 coelo,
784 2585 801 2603 a

94 2613 203 2657 frigore
219 2613 316 2643 nullus
331 2617 427 2641 metus
437 2621 503 2640 esse
513 2616 621 2650 potest.
641 2614 800 2643 Enimvero

98 2661 146 2689 agi
165 2652 213 2682 hic
230 2653 267 2682 de
280 2662 367 2681 verno
387 2655 521 2689 tempore,
536 2654 568 2679 ut
584 2655 756 2687 statuamus,
771 2656 801 2681 et

99 2689 198 2719 umbra
206 2701 327 2730 quercus
335 2694 365 2720 et
376 2688 526 2718 arundinis
533 2693 636 2717 tenerae
643 2691 762 2725 mentio,
771 2695 800 2719 et

820 1551 904 1578 apum
918 1549 1056 1570 susurrus
1064 1536 1333 1577 perinittit‚dep1clsi
1342 1545 1412 1564 vero
1424 1535 1524 1564 alacte

820 1579 888 1616 uym'
903 1583 933 1606 et
947 1579 1075 1606 ‹fistentce
1090 1577 1159 1604 lacte
1181 1575 1294 1613 cupellae
1312 1574 1398 1602 etiam
1420 1578 1523 1611 postu-

821 1617 899 1649 laun
920 1617 1003 1645 exitu
1021 1615 1096 1644 enim
1112 1613 1287 1643 auctumnali
1302 1622 1374 1641 oves
1392 1612 1420 1640 iu
1438 1611 1526 1640 italia

822 1654 1105 1692 superiore-pariunt.
1131 1653 1282 1681 Adderem
1294 1660 1400 1680 versus
1415 1651 1464 1684 46,
1477 1651 1527 1683 47,

823 1694 875 1721 sed
889 1693 948 1721 vid.
965 1693 1002 1721 ad
1018 1693 1066 1720 53.
1116 1692 1241 1720 Ineunte
1265 1694 1362 1718 autem
1379 1698 1449 1717 vere
1471 1698 1527 1717 non

776 1752 783 1759 .
822 1740 888 1759 raro
902 1731 947 1759 uri
963 1731 1084 1759 arbores
1100 1734 1240 1757 nocturno
1255 1728 1363 1765 frigore
1373 1727 1509 1755 videmus
1518 1737 1527 1763 3

824 1774 853 1797 et
865 1773 973 1807 myrtos
982 1768 1102 1806 frigoris
1116 1767 1302 1805 impatientes
1317 1775 1381 1794 esse
1396 1768 1528 1800 constat,

825 1812 854 1836 et
879 1807 960 1846 regio
983 1807 1040 1835 ista
1068 1806 1146 1834 ultra
1170 1805 1286 1833 Padum
1312 1803 1455 1842 frigidior.
1488 1804 1527 1831 cf.

825 1846 911 1874 Serv.
926 1846 962 1874 ad
976 1856 1004 1873 v.
1014 1846 1063 1873 47.
1087 1844 1127 1872 Η.
1142 1844 1207 1872 dum
1222 1842 1528 1880 defendo—deerrave-

825 1888 883 1912 ναί.
924 1884 972 1912 Ita
985 1883 1088 1912 Livius
1104 1883 1152 1917 23,
1170 1883 1217 1910 ll.
1238 1882 1303 1910 dum
1319 1881 1379 1910 hm·
1390 1885 1529 1918 yeruntur

825 1927 978 1951 ——vonerat
997 1922 1098 1959 Muyo.
1114 1925 1249 1958 tempora
1261 1920 1420 1957 componit.
1454 1919 1534 1947 Con-

828 1961 934 1990 tractio
947 1961 977 1989 in
991 1961 1082 1989 verbo
1096 1959 1277 1988 deerraverat
1286 1957 1390 1986 similis
1403 1961 1450 1986 est
1462 1967 1532 1985 eon-

829 1999 966 2028 tractioni
979 1998 1125 2037 frequenti
1143 1997 1281 2035 bisyllabi
1295 1995 1460 2025 deerat—⁷
1476 1995 1531 2025 Vir

827 2038 924 2076 yreyis
938 2037 996 2075 ipse
1006 2045 1100 2074 caper.
1112 2037 1200 2065 habet
1214 2046 1230 2063 a
1243 2035 1369 2063 Theocr.
1378 2034 1472 2067 VIII,
1481 2035 1530 2062 49.

828 2077 888 2114 ipse
903 2086 988 2113 caper
1001 2075 1193 2107 deerraverat,
1204 2074 1304 2110 itaque
1312 2076 1342 2101 et
1352 2072 1429 2100 haedi
1439 2076 1535 2100 totus-

851 2125 886 2144 ue
903 2123 999 2152 grex3
1019 2114 1084 2141 hinc
1098 2122 1186 2141 versu
1200 2113 1219 2140 9
1234 2121 1318 2149 caper
1332 2109 1383 2137 tibi
1395 2109 1491 2138 salvas
1506 2115 1533 2138 et

838 2153 913 2181 zoeclz'.
952 2152 1206 2181 Animadverterat
1218 2159 1269 2178 eos
1283 2152 1313 2178 et
1332 2148 1361 2176 in
1375 2152 1470 2176 tutum
1489 2147 1532 2176 lo-

830 2202 899 2220 cum
913 2190 1096 2229 compulerat
1115 2188 1245 2226 Daphnis
1259 2198 1288 2216 v.
1303 2188 1332 2216 9.
1378 2187 1438 2215 Sed
1455 2186 1533 2215 idem

832 2230 993 2259 Meliboeus
1020 2231 1149 2257 armenta
1168 2227 1324 2265 pascebat3
1350 2225 1459 2263 quibus
1485 2225 1535 2253 ad-

828 2269 965 2306 junctum
984 2266 1161 2305 capellarum
1181 2269 1212 2293 et
1231 2264 1331 2293 ovium
1350 2273 1469 2301 gregem
1484 2263 1533 2291 ha-

832 2307 930 2335 bebat.
949 2306 986 2334 cf.
1009 2306 1097 2334 v.ll.
1121 2307 1151 2332 et
1165 2305 1211 2332 15.
1238 2302 1279 2331 H.
1320 2301 1468 2340 Daphnidi
1489 2311 1534 2330 ar-

833 2349 930 2374 menta
950 2343 1055 2373 tribuit
1080 2342 1123 2371 H.
1140 2341 1277 2375 Vossius,
1293 2350 1349 2380 ego
1363 2340 1468 2368 neutri.
1488 2340 1535 2369 W.

831 2384 910 2412 -12
925 2382 1055 2411 Mincius
1071 2381 1145 2409 enim
1161 2390 1216 2408 non
1229 2379 1316 2416 longe
1329 2389 1346 2407 a
1359 2379 1482 2407 Mantua
1494 2378 1535 2406 la-

834 2431 901 2450 cum
924 2420 1022 2454 efficit,
1051 2423 1082 2448 et
1104 2419 1251 2456 palustres
1276 2417 1354 2455 ripas
1380 2416 1477 2445 habet.
1495 2416 1534 2444 cs.

836 2460 902 2488 Ecl.
917 2460 945 2492 Ι,
964 2459 1013 2491 49,
1033 2458 1083 2491 52,
1103 2461 1134 2485 et
1149 2457 1244 2485 Notas
1254 2465 1386 2491 3—sacra
1404 2464 1534 2494 queretur,

837 2501 974 2535 respectu
988 2505 1114 2534 quercus
1123 2495 1301 2530 Dodonaeae3
1321 2494 1425 2522 habitae
1437 2493 1537 2521 Graiis

838 2535 955 2564 oracula
970 2543 1091 2572 quercus
1109 2534 1162 2561 Ge.
1181 2533 1226 2566 11,
1243 2533 1290 2560 16.
1306 2532 1345 2561 cf.
1368 2533 1417 2561 24.
1443 2532 1536 2559 Orna-

839 2577 935 2602 menta
942 2573 1035 2610 petita
1045 2582 1083 2601 ex
1097 2572 1221 2600 Theocr.
1232 2571 1259 2601 Ι.
1268 2572 1407 2599 106.107.
1423 2569 1458 2597 cs.
1471 2568 1538 2597 Eoi.

839 2613 868 2646 I,
882 2613 920 2640 54
936 2621 1001 2649 sqq.
1044 2611 1079 2639 14
1093 2611 1182 2639 Curae
1197 2609 1371 2638 domesticae
1385 2607 1537 2645 urgebant,

840 2655 870 2679 at
888 2651 948 2679 duo
983 2649 1098 2678 raeclari
1115 2652 1251 2686 pastores
1270 2652 1356 2676 cantu
1378 2645 1538 2674 certabant.

838 2659 1021 2726 -Depui'sos
1033 2697 1051 2717 α
1065 2687 1136 2717 lacte
1148 2696 1248 2725 aqnos,
1268 2686 1295 2716 h.
1311 2696 1327 2714 a
1340 2684 1493 2718 matribus,
1510 2693 1538 2711 v.
