1796 3077
586 251 885 290 >AENE1DOS.
941 251 1042 289 LIB.
1074 252 1125 290 X.

122 373 185 415 At
206 372 344 413 Pallas
361 371 522 427 magnis
543 372 694 413 emittit
716 373 873 417 viribus
890 372 1070 421 hastam,

124 430 379 484 Vaginaque
399 439 501 470 cava
520 428 750 482 fulgentem
771 429 926 483 deripit
945 444 1101 470 ensem.

125 486 203 527 Illa
222 485 378 533 volans,
400 484 584 526 humeris
606 492 785 540 surgunt
804 499 888 537 qua
909 486 1093 539 tegmina
1113 500 1288 534 summa,

124 542 292 590 Incidit,
314 549 455 596 atque,
478 541 586 581 viam
606 541 730 595 clipei
749 540 892 583 molita
911 555 988 594 per
1009 555 1118 590 oras,

126 597 323 639 Tandem
343 598 469 638 etiam
490 612 643 652 magno
663 597 832 638 strinxit
852 597 906 638 de
931 610 1110 650 corpore
1132 595 1283 637 Turni.

127 654 214 695 Hic
236 654 411 694 Turnus
427 653 539 694 ferro
560 653 785 707 praefixum
805 653 937 694 robur
957 660 1082 694 acuto

127 710 179 751 In
200 709 394 751 Pallanta
415 710 489 750 diu
507 709 664 750 librans
679 710 797 764 jacit,
819 716 945 763 atque
966 710 1023 749 ita
1044 709 1157 749 fatur
1179 724 1188 748 :

128 766 304 821 Aspice,
332 781 433 806 num
452 781 574 819 mage
596 766 649 806 sit
668 773 858 807 nostrum
878 764 1139 819 penetrabile
1162 763 1305 806 telum.

129 823 336 872 Dixerat3
370 830 413 862 at
434 821 632 874 clipeum,
652 829 716 862 tot
735 822 835 862 ferri
855 828 989 875 terga,
1011 828 1074 862 tot
1099 821 1192 862 aeris

129 879 274 925 Quum
296 877 417 932 pellis
438 877 592 917 totiens
614 878 742 919 obeat
761 879 1021 919 circumdata
1041 878 1164 926 tauri,

128 935 330 975 Vibranti
349 934 534 974 medium
555 934 696 988 cuspis
716 935 1029 975 transverberat
1045 934 1145 982 ictu,

129 991 382 1044 Loricaeque
404 1003 542 1032 monas
563 997 606 1030 et
627 999 776 1044 pectus
796 990 987 1045 perforat
1007 991 1170 1044 ingens.

132 1047 210 1088 Ille
229 1048 341 1101 rapit
362 1046 544 1089 calidum
562 1045 720 1087 frustra
740 1047 794 1087 de
815 1046 987 1088 vulnere
1009 1046 1139 1087 telum
1157 1061 1165 1086 :

133 1103 234 1144 Una
261 1103 494 1156 eademque
514 1103 582 1142 via
602 1103 772 1156 sanguis
793 1104 1040 1156 animusque
1061 1108 1311 1156 sequuntur.

134 1159 307 1200 Corruit
327 1159 369 1198 in
389 1158 562 1206 vulnus3
595 1159 777 1199 sonitum
794 1174 921 1213 super
942 1173 1058 1199 arma
1076 1159 1234 1198 dedere
1252 1174 1262 1206 3

134 1215 195 1257 Et
215 1223 371 1256 terram
390 1213 586 1254 hostilem
604 1215 788 1255 moriens
810 1215 918 1269 petit
939 1229 1011 1256 ore
1033 1221 1224 1255 cruento.

137 1272 279 1318 Quem
297 1270 472 1311 Turnus
493 1284 622 1324 super
642 1270 851 1311 adsistens
870 1286 878 1310 :

134 1327 342 1376 Arcades,
363 1327 468 1375 haec,
486 1327 634 1379 inquit,
657 1341 864 1368 memores
883 1341 977 1367 mea
996 1325 1110 1367 dicta
1130 1326 1287 1367 referte

138 1384 364 1425 Evandro:
399 1382 581 1428 Qualem
602 1383 766 1431 meruit,
790 1382 983 1423 Pallanta
1003 1383 1186 1422 remitto.

137 1440 343 1493 Quisquis
363 1439 499 1479 honos
521 1438 683 1486 tumuli,
706 1438 915 1492 quidquid
937 1437 1123 1478 solamen
1142 1437 1346 1478 humandi
1367 1442 1446 1485 est,

140 1497 338 1550 Largior.
402 1494 536 1535 Haud
555 1493 613 1534 illi
634 1495 808 1535 stabunt
828 1494 985 1535 AEneia
1006 1508 1137 1548 parvo

139 1552 354 1606 Hospitia.
414 1551 475 1594 Et
493 1550 599 1591 laevo
618 1552 774 1604 pressit
794 1551 919 1606 pede,
942 1550 1040 1591 talia
1060 1550 1188 1598 fatus,

141 1609 406 1657 Exanimem,
428 1608 596 1662 rapiens
617 1609 812 1649 immania
832 1607 1023 1661 pondera
1043 1605 1186 1655 baltei,

1485 256 1577 300 571

1504 707 1588 747 480

1510 988 1594 1028 485

1515 1268 1600 1308 490

1517 1547 1603 1587 495

144 1735 253 1766 avertit
271 1745 279 1765 ι
312 1738 465 1773 tamquam
493 1744 510 1763 a
530 1735 703 1773 spectaculo
725 1735 854 1773 ingrato,

144 1775 225 1814 quod
237 1774 383 1811 impedire
397 1783 449 1802 nec
464 1774 531 1802 vult
544 1784 599 1802 nec
614 1778 726 1811 potest.

183 1813 253 1841 476.
285 1813 344 1840 477
371 1822 430 1850 qua
456 1811 580 1849 teqmina
599 1822 712 1840 summa
732 1815 856 1848 sumunt

146 1851 284 1884 humeris,
306 1860 366 1887 qua
386 1853 523 1879 extrema
542 1850 633 1888 clipei
653 1860 704 1878 ora
725 1849 856 1878 humeris

145 1888 357 1927 praetendstnr,
402 1888 432 1916 in
469 1898 584 1917 summa
613 1888 705 1926 clipei
747 1891 834 1925 parte
849 1897 855 1914 :

145 1929 236 1961 ihr-ruz)
251 1930 302 1954 ὑπὸ
323 1930 441 1960 πρώτην,
463 1928 482 1965 ᾗ
501 1931 671 1955 λεπτότατος
686 1930 729 1954 θέε
742 1929 857 1960 χαλκὸς,

145 1970 179 1994 ut
196 1965 284 1993 Iliad.
309 1978 333 1997 v,
356 1966 426 1997 275,
451 1970 541 2002 atque
561 1974 596 1993 eo
610 1966 738 2001 trajecto
765 1963 858 2000 (viam

147 2004 247 2032 molita
256 2013 311 2041 per
325 2003 409 2041 clipei
421 2005 508 2038 oras)
519 2003 620 2032 etiam.
655 2002 747 2031 Turni
758 2003 862 2030 hume-

145 2051 212 2070 rum
248 2041 387 2079 Stringit:
424 2044 757 2075 ἀκρότατον-ἐπέγραψε
792 2044 862 2073 χρόα

150 2085 240 2116 φωτός
252 2080 292 2108 Il.
306 2085 332 2113 ὀ,
342 2080 409 2113 139,
421 2089 509 2117 quem
524 2080 623 2108 locum
639 2089 655 2107 a
672 2090 701 2107 v.
715 2079 772 2107 134
786 2088 862 2106 nune

151 2119 240 2147 Maro
253 2123 322 2146 ante
336 2118 441 2147 oculos
457 2118 672 2146 habuit—178
692 2117 812 2145 strinxit
830 2116 863 2145 de

151 2166 284 2194 empore.
330 2156 389 2185 Est
410 2157 467 2184 hoc
482 2157 643 2185 Graecum:
673 2159 721 2183 τοῦ
738 2159 865 2187 σώματος

151 2197 291 2228 ἑπέξεσεν,
304 2196 459 2228 ἐπέγραψε,
473 2204 514 2222 sc.
526 2199 607 2228 μέρος
619 2208 654 2222 τι.
683 2194 734 2222 Sic
746 2193 865 2222 strinxit

153 2232 187 2260 de
206 2242 336 2270 corpore,
363 2242 407 2261 sc.
425 2234 652 2269 partem.—=179
676 2232 765 2261 robur
779 2233 866 2269 ferro

151 2271 301 2308 praefixum
332 2274 380 2298 est
408 2270 603 2299 Homericum
638 2275 755 2304 ὅλκιμον
787 2273 868 2303 ἕῇιχος

155 2312 311 2343 ἀκαχμένον
322 2311 377 2339 ὀξέι
392 2310 592 2347 χαλκῷ-481
612 2309 704 2338 Color
723 2308 867 2336 orationis

157 2357 198 2375 ex
221 2348 260 2375 Il.
273 2352 304 2379 λ,
324 2347 392 2375 384.
413 2347 752 2386 301.392.penetrabile
767 2347 797 2375 h.
818 2356 868 2374 ac-

156 2385 232 2419 tive,
245 2389 279 2413 ut
288 2386 344 2413 Ge.
361 2385 389 2419 1,
401 2385 458 2413 93:
474 2385 869 2423 penetrabilesriyus.—4S3

157 2423 296 2452 Variavit
317 2426 511 2456 structuram,
532 2433 568 2452 ue
584 2424 689 2453 eodem
703 2429 808 2452 tenore
824 2433 869 2451 se-

158 2466 320 2499 queretur:
344 2461 521 2490 totlaminas
532 2462 606 2490 ferri
619 2466 649 2490 et
661 2463 742 2496 aeris,
751 2462 872 2499 (πτύχας

158 2500 315 2528 Homerus
330 2499 437 2535 dixit),
464 2502 505 2527 tot
521 2500 599 2528 tauri
617 2504 711 2538 ter-9«,
736 2500 765 2528 h.
783 2509 810 2528 e.
829 2502 873 2527 tot

160 2537 254 2570 coria,
276 2537 386 2575 quibus
402 2537 518 2575 clipeus
539 2543 603 2566 erat
623 2538 759 2572 indutus,
782 2541 813 2566 et
828 2537 872 2575 ip-

164 2586 226 2604 sam
247 2576 371 2604 loricam
381 2585 415 2604 ac
430 2580 537 2613 pectus
549 2576 681 2613 perforat
691 2576 795 2605 telum.

201 2614 259 2642 485
268 2619 368 2652 pectus
382 2614 481 2652 ingens
490 2614 636 2642 Pallantis
651 2618 799 2652 tamquam
813 2613 873 2642 for-

162 2651 202 2680 tis
217 2656 247 2680 et
261 2652 679 2689 magnanimijuvenis.-487
693 2652 805 2680 animus
821 2661 875 2689 pro

164 2690 271 2719 anima.
305 2694 386 2725 θυμὸς
419 2701 474 2728 pro
501 2690 684 2724 damph—488
708 2690 737 2718 in
762 2690 874 2723 vulnus,

893 1733 988 1762 hastae
1004 1733 1086 1766 aravi
1100 1733 1244 1772 pondere.
1284 1731 1345 1759 Sed
1362 1734 1392 1760 et
1407 1730 1526 1759 omnino
1539 1741 1607 1760 cum

894 1769 1037 1800 Lucretio
1050 1772 1107 1805 lv,
1120 1773 1213 1801 1042:
1232 1770 1369 1807 Namque
1381 1769 1608 1807 omne-§plerum-

894 1820 948 1848 que
961 1810 1065 1838 cadant
1080 1810 1108 1837 in
1120 1810 1232 1838 vulnus.
1266 1809 1397 1846 Reliqua
1411 1812 1479 1836 sunt
1491 1807 1609 1836 Home-

896 1849 990 1876 ricum
1015 1847 1223 1876 notissimum:
1253 1850 1379 1881 ἀράβησε
1399 1849 1428 1874 δὲ
1452 1848 1539 1879 τεύχε’
1565 1848 1608 1874 ἐπ’

897 1889 968 1924 αὐτῷ
990 1886 1040 1915 vel
1065 1890 1135 1922 ἀμφὶ
1164 1890 1193 1915 ὁὲ
1221 1888 1247 1914 οἱ
1268 1888 1357 1920 βράχε
1382 1889 1482 1917 τεύχεα
1496 1887 1611 1912 ποικίλα

897 1928 1004 1963 χαλκῷ.
1058 1925 1253 1953 Homericum
1268 1926 1335 1954 ὀδὰξ
1347 1925 1421 1950 ἑλεῖν
1434 1922 1523 1955 οἶιόας,
1539 1922 1611 1959 quid

899 1963 952 1991 hoc
968 1963 1049 1991 aliud
1064 1973 1153 2000 quam
1169 1972 1292 2000 capere,
1306 1962 1430 1999 petere?
1461 1960 1613 1998 Simplici-

901 2004 947 2028 ter
961 2006 1060 2029 autem
1075 2001 1279 2039 accipiendum
1293 2010 1300 2029 ι
1329 2009 1397 2028 eum
1410 2008 1538 2037 pronum
1553 2002 1614 2027 ter-

902 2048 966 2066 ram
986 2049 1036 2067 ore
1049 2040 1189 2076 petiisse,
1208 2037 1387 2071 concidisse,
1406 2046 1458 2065 ore
1478 2041 1615 2065 cruento.-

903 2086 968 2104 nam
988 2077 1108 2105 vulnere
1130 2077 1183 2105 tali
1207 2080 1344 2113 accepto,
1369 2085 1420 2103 ore
1442 2078 1473 2102 et
1492 2074 1614 2103 naribus

904 2115 1024 2153 sanguis
1049 2115 1300 2152 erumpit.—-190
1323 2112 1480 2142 Ferocitas
1503 2112 1617 2141 veteris

905 2154 963 2181 aevi
986 2163 1024 2181 ex
1047 2153 1183 2181 Homero
1215 2151 1402 2185 adumbrata,
1432 2155 1467 2178 ut
1493 2149 1618 2179 insultet

906 2201 986 2220 caeso
1009 2191 1120 2219 victor:
1156 2195 1184 2219 at
1204 2201 1261 2219 non
1286 2190 1315 2218 in
1336 2190 1393 2218 hoc
1410 2197 1519 2217 versu:
1548 2198 1616 2217 nam

905 2239 991 2268 snper·
1019 2230 1162 2257 adsi-scens
1189 2232 1237 2257 est
1262 2227 1362 2265 simpl.
1388 2227 1522 2260 adstans,
1549 2225 1617 2264 ipse

908 2273 999 2301 stzms,
1012 2267 1097 2295 alteri
1110 2267 1224 2305 jacenti
1239 2267 1292 2295 sed
1311 2277 1341 2294 v.
1356 2267 1430 2294 495:
1453 2264 1523 2293 laevo
1533 2275 1618 2302 pres-

907 2306 946 2334 si!
959 2306 1029 2344 pud&
1046 2309 1099 2337 λὰξ
1114 2309 1250 2341 προσβὰς,
1273 2307 1326 2336 λὰξ
1339 2307 1366 2332 ἑν
1381 2305 1492 2337 στήθεσι
1505 2306 1618 2338 βαίνων,

909 2349 942 2373 ut
956 2345 1088 2373 balteum
1103 2348 1239 2372 exueret.
1292 2343 1330 2371 In
1346 2343 1403 2371 hoc
1417 2346 1515 2370 tamen
1529 2351 1618 2380 gene-

910 2393 979 2412 rosa
993 2383 1086 2411 Turni
1104 2382 1219 2410 indoles
1235 2381 1270 2410 ad
1287 2390 1417 2409 amorem
1430 2380 1477 2408 sui
1491 2380 1621 2418 pellicit,

911 2422 991 2460 quod
1012 2430 1121 2458 corpus
1135 2420 1319 2448 humandum
1339 2418 1477 2448 concedit
1493 2418 1622 2447 Arcadi-

911 2461 1080 2488 bus—492
1098 2458 1218 2494 Qualem
1234 2459 1348 2491 meruit,
1368 2457 1388 2485 l.
1398 2455 1516 2495 qualem
1525 2456 1623 2485 Evan-

912 2498 965 2527 der
980 2497 1100 2529 meruit,
1124 2501 1157 2525 ut
1182 2496 1239 2525 sibi
1260 2496 1446 2525 remitterem
1467 2494 1571 2528 filium,
1604 2494 1626 2523 l.

911 2536 1030 2573 hocque
1052 2535 1170 2568 melius,
1193 2535 1310 2572 qualem
1326 2533 1429 2563 Pallas
1447 2533 1568 2566 meruit,
1590 2536 1625 2560 ut

913 2584 945 2602 se
972 2574 1167 2609 remitterem,
1202 2573 1232 2601 h.
1255 2576 1289 2601 ut
1308 2572 1417 2610 dignus
1441 2576 1505 2600 erat
1524 2571 1623 2599 audax

914 2612 1105 2640 adolescens.

953 2651 1021 2678 407.
1042 2650 1101 2678 498
1122 2649 1196 2678 Erat
1212 2649 1361 2687 impressa
1374 2647 1626 2684 nianusjzcvenunz,

916 2687 1099 2726 L.AEgyptii
1114 2688 1242 2717 filiorum
1257 2687 1448 2725 exsculptum
1464 2684 1563 2713 balteo
1578 2695 1626 2713 ne-
