1796 3077
583 209 853 248 AENEIDOS.
912 211 1011 248 Llss.
1044 210 1135 249 Vll.
1527 221 1620 264 447

156 333 348 374 Stridore
367 331 526 387 ingenti
544 331 749 387 liquidum
772 341 886 374 trans
906 333 1068 374 aethera
1088 340 1234 383 vectae,
1566 338 1622 378 65

159 389 383 432 obsedere
405 390 591 444 apicem3
623 398 680 440 et,
703 390 886 445 pedibus
907 405 985 445 per
1004 397 1150 432 mutua
1167 391 1300 441 nexis,

161 447 355 488 Examen
375 447 561 488 subitum
583 463 699 488 ramo
721 447 947 488 frondente
964 447 1183 502 pependit.

161 504 372 545 Continuo
392 512 521 554 vates,
546 504 786 546 Externum
805 505 1030 554 cernimus,
1053 504 1202 558 inquit,

163 560 407 602 Adventare
427 562 574 611 virum,
596 569 638 604 et
654 569 796 616 partes
816 569 961 616 petere
983 576 1133 616 agmen
1153 562 1323 603 easdem

161 618 361 659 Partibus
375 634 429 660 ex
450 620 596 668 isdem,
618 628 660 660 et
681 633 841 659 summa
862 617 1117 659 dominarier
1137 633 1248 659 arce.
1564 618 1618 659 70

162 674 392 725 Praeterea,
415 677 539 717 castis
560 675 704 717 adolet
725 676 825 717 dum
846 674 993 716 altaria
1013 675 1148 724 taedis,

162 731 223 773 Ut
238 733 363 787 juxta.
384 734 616 788 genitorem
638 733 779 773 adstat
801 732 979 773 Lavinia
999 733 1132 786 virg0‚

161 789 267 830 Visa
288 790 422 843 (nefas
441 791 470 839 l)
492 789 630 844 longis
653 791 958 843 comprendere
980 790 1165 830 crinibus
1186 790 1340 845 ignem,

160 846 306 901 Atque
326 861 491 891 omnem
511 853 706 888 ornatum
723 845 890 887 flamma
909 847 1143 900 crepitante
1165 847 1356 896 cremari,

164 903 434 958 Regalesque
456 917 634 944 accensa
655 918 809 952 comas,
830 918 1007 945 accensa
1028 918 1240 954 coronam,

165 960 374 1015 Insignem
395 962 596 1015 gemmis3
629 968 718 1001 tum
739 960 899 1001 fumida
920 960 1077 1001 lumine
1099 960 1213 1002 fulvo

161 1017 336 1067 Involvi‚
358 1033 406 1058 ac
426 1018 524 1058 totis
544 1016 787 1058 Vulcanum
807 1033 1008 1071 spargere
1030 1018 1164 1059 tectis.

162 1074 213 1114 Id
234 1089 334 1115 vero
354 1074 615 1115 horrendum
636 1089 685 1115 ac
705 1075 797 1114 visu
816 1074 1005 1115 mirabile
1022 1074 1123 1115 ferri
1140 1091 1148 1115 :

165 1131 362 1185 Namque
384 1131 474 1172 fore
496 1131 698 1172 illustrem
719 1131 829 1172 fama
847 1131 1028 1185 fatisque
1050 1133 1257 1172 canebant

165 1188 306 1242 Ipsam
323 1206 332 1238 3
365 1188 440 1229 sed
460 1188 619 1242 populo
640 1203 838 1242 magnum
858 1189 1113 1242 portendere
1135 1188 1306 1229 bellum.
1566 1189 1621 1227 80

164 1247 225 1286 At
241 1260 317 1285 rex
334 1245 533 1286 sollicitus
551 1246 761 1295 monstris,
782 1245 952 1286 oracula
972 1245 1122 1293 Fauni,

163 1302 344 1343 Fatidici
364 1302 578 1357 genitoris,
601 1303 702 1351 adit,
724 1302 927 1356 lucosque
949 1303 1026 1343 sub
1048 1302 1133 1343 alta

164 1359 357 1401 Consulit
377 1359 576 1400 Albunea
596 1374 829 1409 nemorum,
852 1375 948 1413 quae
969 1375 1165 1401 maxuma
1187 1375 1306 1401 sacro

162 1416 298 1458 Fonte
320 1424 454 1465 sonat,
477 1431 713 1470 saevamque
733 1416 907 1456 exhalat
928 1431 1062 1470 opaca
1082 1417 1315 1471 mephitim.

165 1473 278 1514 Hinc
300 1473 418 1514 Italae
439 1480 600 1528 gentes,
623 1473 839 1527 omnisque
858 1473 1065 1514 Oenotria
1081 1473 1220 1523 tellus,
1563 1473 1618 1515 85

164 1561 207 1595 fit,
220 1562 256 1590 ab
269 1562 406 1590 incursus
422 1571 539 1599 magnae
555 1560 757 1590 multitudiuis
769 1561 870 1599 ingru-

913 1562 1017 1590 Tit-oli.
1058 1562 1107 1590 Ex
1123 1562 1244 1591 Albulae
1263 1562 1390 1590 fluminis
1411 1562 1544 1591 sontibus
1557 1573 1617 1591 ma-

164 1601 242 1629 entis
268 1600 655 1644 opinione-profecta—TO
674 1600 811 1638 partibus
837 1610 871 1629 ex
906 1601 957 1637 jor
976 1600 1120 1635 Albunea,
1135 1601 1200 1629 fons
1215 1605 1245 1629 et
1265 1601 1418 1638 Nympha,
1435 1610 1473 1629 ex
1488 1601 1618 1630 Horatio

168 1640 281 1673 iisdem,
296 1649 312 1667 a
326 1639 400 1667 mari
414 1639 520 1667 infero.

205 1680 322 1707 71—50
346 1677 524 1715 Prodigium
544 1677 599 1706 hoc
613 1687 651 1706 ex
677 1677 793 1706 flamma
817 1687 871 1715 pe-

167 1717 254 1746 titum
269 1726 445 1755 quacunque
462 1716 618 1755 frequens:
641 1716 869 1754 supraridimus

166 1756 240 1791 (hoc
254 1761 283 1784 ct
299 1755 397 1784 simile
410 1755 493 1793 quid,
507 1765 546 1783 ex
561 1755 770 1789 electricitate,
780 1765 869 1793 quain

168 1805 320 1828 meamus,
345 1794 566 1832 explicandum.
584 1794 640 1829 R.)
666 1793 719 1823 lib.
748 1794 793 1827 ΙΙ,
812 1795 871 1823 650

169 1843 214 1871 sq.
237 1833 346 1871 Cogita
365 1843 438 1862 vero
468 1842 584 1861 sacrum
610 1833 707 1861 faeere
731 1833 871 1861 Latinum

169 1873 305 1900 adstante
316 1871 387 1906 filia,
399 1871 473 1900 dum
483 1871 625 1900 accendit
640 1871 721 1909 ligna
734 1871 762 1899 in
773 1871 873 1900 altari.

168 1911 245 1940 —73
271 1912 354 1949 uefizs
367 1911 405 1939 de
433 1910 571 1948 prodigio
594 1910 624 1938 h.
645 1909 666 1939 l.
688 1920 737 1939 res
754 1909 821 1938 dira
841 1915 873 1939 et

169 1949 375 1983 abominanda,
389 1959 457 1987 quae
470 1953 584 1987 praeter
592 1953 726 1978 naturam
736 1948 768 1977 fit
782 1959 789 1985 3
803 1959 872 1978 con-

169 1990 274 2027 trasas
288 1989 325 2017 de
343 1992 456 2017 naturae
476 1997 558 2016 more
573 1992 602 2017 et
613 1987 787 2016 constantia.
797 1998 872 2016 coin-

164 2027 305 2065 premlere
316 2027 344 2056 h.
352 2027 373 2055 1.
382 2026 549 2065 concipere,
558 2027 701 2065 arripere,
713 2027 871 2061 flammam,

171 2066 256 2103 quasi
282 2077 321 2095 ex
356 2066 423 2094 foco
450 2066 488 2095 ad
527 2066 667 2104 proxima
692 2071 873 2095 manantem.

170 2105 296 2144 Vulgari
305 2105 437 2134 oratione
449 2104 523 2143 iynis
532 2105 742 2143 comprehendit
750 2105 856 2133 crinem
866 2115 876 2142 ,-

172 2143 201 2171 h.
221 2143 242 2172 l.
262 2143 384 2172 Lavinia
400 2143 493 2182 iynem
513 2143 723 2182 comprehendit
740 2143 879 2173 crinibus.

172 2182 274 2210 Verba
295 2192 325 2210 v.
344 2184 383 2211 74
407 2186 476 2212 sunt
503 2192 542 2211 ex
572 2184 692 2212 Luci-et.
714 2182 772 2217 VI,
798 2184 853 2211 154
871 2193 876 2210 :

175 2220 313 2249 Terribili
326 2220 422 2249 sonitu
440 2221 565 2258 flamma
583 2222 741 2260 crepitante
767 2231 876 2251 crema-

173 2264 238 2287 tur:
260 2260 298 2288 de
313 2260 583 2289 tantm—coronam
599 2260 735 2299 iusiynem
748 2261 876 2298 yemmis,

171 2299 290 2342 regium
316 2298 444 2336 insigne,
467 2308 498 2327 v.
522 2299 575 2328 lib.
606 2300 634 2334 Ι,
658 2300 728 2328 655.
760 2299 879 2328 Corona

173 2347 251 2366 enim
265 2336 461 2366 sacrificantis
481 2337 607 2376 intelligi
620 2338 723 2377 nequit
736 2348 742 2365 :
764 2338 875 2376 quippe

175 2386 244 2414 quae
271 2376 357 2405 vittis
392 2379 424 2404 et
455 2375 555 2404 infulis
589 2378 743 2415 sacrisque
764 2378 875 2406 frondi-

174 2415 231 2443 bus
242 2415 377 2454 implexa
390 2417 447 2447 est,
462 2424 518 2442 non
534 2416 660 2453 gemmis
674 2419 787 2444 ornata.

214 2454 252 2483 31
267 2464 334 2492 sqq.
349 2452 447 2482 Fauni
470 2453 621 2482 oraculum
645 2454 674 2483 in
693 2455 762 2483 luco
783 2454 878 2484 Albu-

177 2501 241 2521 neae
261 2494 353 2537 poeta
366 2496 475 2526 narrat,
497 2491 562 2520 sive
578 2502 616 2521 ex
638 2497 740 2522 vetere
765 2504 880 2522 memo-

179 2530 233 2565 ria,
248 2541 313 2560 sive
327 2541 367 2560 ex
384 2531 442 2559 loci
457 2534 562 2559 natura
575 2535 606 2559 et
620 2531 698 2560 sama
712 2532 749 2560 de
764 2532 880 2570 Sibylla

178 2569 324 2605 Albunea,
340 2578 404 2599 Fen]
420 2569 573 2608 ingeniose
587 2574 784 2599 commentus.
815 2571 881 2600 Sci-

176 2608 248 2637 licet
263 2608 291 2637 iu
304 2618 376 2647 agro
397 2608 555 2637 Tiburtino
578 2609 614 2636 ab
628 2618 734 2637 occasu
750 2609 776 2637 in
791 2609 883 2638 Anie-

178 2655 244 2675 nem
271 2647 446 2676 deferuntur
473 2647 592 2676 Albulae
617 2657 712 2685 aqum,
734 2648 877 2678 sulfurea¹

176 2686 237 2714 inae
265 2692 294 2714 et
323 2686 495 2721 medicat-an
530 2697 558 2714 v.
587 2686 710 2714 Cau-er.
751 2687 820 2715 Ital.

178 2725 256 2754 715:
280 2735 354 2753 nunc
374 2726 475 2762 :lc-Just
499 2725 587 2757 :alliu
607 2725 652 2753 xol
675 2724 827 2761 Sufficiam
852 2726 880 2753 di

909 1643 978 1667 nota
994 1639 1010 1667 I
1028 1640 1129 1668 Carin.
1143 1641 1172 1674 7,
1186 1640 1233 1668 12.
1247 1639 1345 1668 donzus
1365 1639 1506 1668 Albuneae
1520 1651 1618 1669 reson-

910 1678 1005 1714 antis,-
1028 1686 1061 1706 ut
1077 1679 1105 1706 11.
1120 1678 1141 1706 l.
1156 1688 1223 1717 quae
1233 1679 1319 1715 fonte
1335 1683 1438 1714 souae;
1459 1679 1516 1708 etsi
1529 1689 1619 1713 nunc,

910 1721 979 1754 post
1004 1721 1101 1745 tantas
1126 1727 1227 1746 rerum
1252 1717 1490 1749 vicissitudines,
1513 1722 1618 1747 natura

910 1755 1001 1784 sontis
1014 1760 1043 1784 et
1058 1756 1117 1785 loci
1133 1756 1224 1784 facies
1239 1761 1287 1784 est
1301 1756 1431 1785 diversa.
1471 1757 1617 1794 Subjace-

910 1794 964 1822 bat
982 1799 1081 1823 autem
1110 1795 1183 1823 sonti
1203 1795 1283 1823 lucus
1308 1795 1454 1824 Albuneae
1482 1805 1618 1824 sacer.—

911 1833 948 1861 83
962 1833 1023 1861 altu
1037 1833 1182 1866 Albunea,
1201 1834 1264 1862 fons
1280 1833 1308 1861 in
1325 1834 1390 1862 lacu
1415 1834 1616 1872 inexplorata*

911 1871 1079 1900 altitudinis
1093 1883 1101 1908 3
1114 1883 1143 1900 v.
1157 1872 1282 1900 Cluver.
1297 1872 1316 1900 l.
1326 1882 1539 1901 c.—uemm·um
1551 1885 1616 1911 qnae

911 1911 1033 1939 maxima
1045 1920 1128 1939 sacro
1143 1910 1239 1939 Fonte
1249 1914 1342 1945 sonat,
1354 1911 1382 1939 h.
1397 1922 1423 1939 e.
1438 1921 1505 1949 quae
1521 1912 1617 1941 Albu-

911 1959 965 1978 nea
974 1950 1114 1984 maxima,
1122 1949 1283 1978 admodum
1291 1959 1407 1988 magna,
1416 1956 1526 1984 manat,
1537 1951 1619 1990 larga

913 1998 1055 2027 aquarum
1065 1999 1139 2018 vena
1149 1988 1215 2017 nuit
1229 1989 1310 2018 fonte
1326 1998 1391 2017 suo.
1431 1990 1458 2018 A
1473 1989 1619 2028 sulphure

913 2037 1057 2065 aquarum
1080 2027 1220 2066 exsurgit
1242 2028 1343 2065 gravis
1365 2027 1452 2061 odor,
1478 2039 1565 2066 quem
1588 2039 1619 2059 v.

913 2066 950 2095 a!
960 2066 1104 2104 mephitim
1114 2065 1290 2104 appellavit.
1299 2066 1379 2094 Hinc
1392 2066 1450 2094 dea
1462 2067 1621 2104 Mephitis,

917 2105 1005 2142 cujus
1020 2106 1100 2134 aedes
1112 2115 1179 2133 cum
1196 2104 1263 2133 aliis
1274 2104 1351 2133 locis
1365 2109 1427 2132 tum
1438 2105 1467 2133 in
1479 2105 1619 2142 Hirpinis

918 2148 983 2172 erat
1006 2144 1043 2172 ad
1066 2143 1221 2172 Amsancti
1236 2143 1355 2177 vallem,
1375 2153 1404 2170 v.
1423 2143 1501 2171 Ptin.
1518 2144 1566 2178 ΙΙ,
1579 2146 1618 2173 93

919 2187 949 2211 et
965 2183 1014 2211 int'.
1038 2182 1114 2215 VII,
1136 2183 1205 2215 501,
1226 2183 1314 2210 565.:
1336 2185 1371 2209 ut
1392 2181 1420 2209 in
1440 2181 1534 2210 tutela
1553 2183 1619 2220 ejus

915 2222 1009 2250 fuisse
1023 2220 1181 2250 videantur
1195 2231 1281 2259 aqua:
1295 2220 1448 2248 sull'ureae.
1475 2220 1620 2251 Fortasse

916 2261 1006 2297 hujus
1023 2260 1144 2298 vaporis
1160 2259 1287 2288 sulfurei
1303 2258 1363 2287 vim
1377 2258 1503 2296 aliquam
1516 2260 1619 2290 divino

919 2300 1029 2337 spiritu
1058 2298 1174 2327 afflandi
1196 2308 1262 2328 esse
1285 2297 1476 2326 crediderunt
1500 2304 1621 2329 veteres

917 2338 1096 2377 Aborigines
1112 2348 1119 2372 ;
1140 2347 1199 2374 quo
1215 2338 1327 2366 factum
1346 2345 1415 2364 esse
1434 2336 1565 2372 videtur,
1587 2344 1619 2367 ut

917 2377 1069 2406 oraculum
1082 2376 1110 2404 in
1126 2376 1178 2405 illo
1192 2377 1257 2405 loco
1270 2375 1442 2404 conderent.
1481 2376 1621 2406 Albunea

917 2420 1017 2445 autem
1042 2416 1120 2444 inter
1145 2414 1277 2451 Sibyllas
1297 2423 1417 2452 quoque
1439 2421 1622 2446 memoratur

919 2465 935 2483 a
949 2455 1069 2484 Tibullo
1084 2454 1128 2489 ΙΙ,
1144 2456 1172 2487 5,
1188 2455 1237 2482 (59.
1249 2454 1288 2482 70
1299 2456 1330 2481 et
1344 2453 1501 2482 Lactantio
1515 2454 1531 2482 1
1542 2454 1620 2484 Inst.

918 2496 948 2528 6,
968 2498 999 2522 ut
1013 2493 1135 2522 Suidam
1151 2497 1283 2528 taceani;
1303 2501 1360 2520 nec
1374 2495 1502 2527 constat,
1520 2497 1621 2523 utrum

919 2533 1023 2561 eadem
1044 2542 1111 2560 cum
1129 2531 1271 2569 Nympha
1285 2530 1388 2559 habita
1404 2531 1505 2565 suerit,
1520 2542 1554 2561 an
1576 2533 1620 2562 di-

921 2581 1018 2600 versa.

961 2610 1075 2638 85-91
1091 2608 1256 2637 Orac-ulum
1268 2608 1364 2637 Fauni
1387 2619 1441 2647 per
1456 2608 1620 2638 incubatio⁴

918 2659 981 2677 nem
991 2648 1053 2686 peti
1067 2647 1200 2681 solitum,
1215 2651 1247 2675 nt
1255 2651 1300 2676 tot
1314 2647 1408 2676 aliain
1424 2652 1524 2676 vetere
1538 2650 1622 2677 Grae-

850 2698 879 2725 p.
920 2688 976 2716 cia.
1019 2687 1159 2715 Fortasse
1173 2687 1260 2724 poeta
1282 2686 1477 2715 doctissimus
1498 2687 1533 2715 ad
1551 2688 1621 2715 Ain-

921 2726 1034 2764 phiarzii
1062 2730 1109 2763 (v.
1139 2726 1266 2753 Pansan.
1299 2726 1325 2757 Ι,
1350 2726 1406 2756 34)
1434 2725 1623 2763 potissimum
