1796 3077
606 273 878 313 AENEIDOS.

935 274 1036 314 Llss.
1059 275 1129 315 IX.

171 398 330 453 (Sensit
350 399 460 442 enim
482 398 610 441 nimia
629 401 747 442 caede
763 408 890 455 atque
911 399 1110 454 cupidine
1130 399 1247 454 ferri)

168 456 453 507 Absistamus,
477 458 558 507 ait3
590 473 686 500 nam
706 457 780 500 lux
800 457 966 500 inimica
981 457 1253 513 propinquat.

169 513 401 556 Poenarum
420 515 675 556 exhaustum
695 516 795 556 satis
816 522 880 556 est
897 531 907 564 3
939 514 1005 555 via
1025 514 1138 555 facta
1156 530 1234 570 per
1249 516 1407 559 hostes.

168 570 311 612 Multa
327 572 459 613 virum
480 572 615 613 solido
636 579 813 627 argento
833 570 1024 627 perfecta
1042 570 1286 626 relinquunt

164 627 396 682 Armaque,
417 636 686 684 craterasque
700 629 837 678 simul,
856 627 1142 684 pulchrosque
1158 637 1338 684 tapetas.

167 684 381 740 Euryalus
402 686 596 740 phaleras
618 686 869 727 Rhamnetis
898 692 942 726 et
960 700 1090 726 aurea
1108 685 1232 727 bullis

167 742 361 798 Cingula,
384 743 555 784 Tiburti
577 743 761 785 Remulo
783 743 1011 784 ditissimus
1032 741 1131 783 olim
1542 746 1626 787 360

166 799 280 845 Quae
301 801 426 841 mittit
446 801 571 849 dona,
594 800 778 855 hospitio
799 815 929 855 quum
944 800 1146 854 jungeret
1161 800 1327 850 absens,

167 856 389 907 Caedicus3
421 856 489 898 ille
506 872 582 898 suo
603 858 786 898 moriens
806 858 881 898 dat
900 857 1059 898 habere
1080 857 1225 910 nepoti
1245 874 1254 906 3

168 913 274 954 Post
293 921 469 955 mortem
489 913 600 955 bello
624 913 774 955 Rutuli
794 928 1023 969 pugnaque
1044 914 1168 968 potiti
1188 929 1197 954 :

164 969 276 1012 Haec
296 971 418 1025 rapit,
443 977 569 1025 atque
591 971 776 1013 humeris
796 971 1084 1026 nequidquam
1105 971 1284 1012 fortibus
1307 979 1436 1027 aptat.

162 1026 279 1068 Tum
297 1027 462 1082 galeam
482 1027 672 1083 Messapi
693 1028 877 1069 habilem
896 1029 1117 1083 cristisque
1139 1028 1336 1070 decoram

386 1085 618 1126 Excedunt
638 1085 798 1135 eastris,
821 1093 863 1126 et
884 1092 976 1126 tuta
997 1093 1238 1140 capessunt.

165 1083 324 1126 Induit.

224 1141 392 1183 Interea
413 1143 617 1196 praemissi
636 1143 799 1196 equites
818 1157 872 1183 ex
893 1143 999 1183 urhe
1020 1142 1186 1191 Latina,

166 1198 322 1239 Cetera
342 1200 443 1239 dum
463 1198 573 1253 legio
595 1200 752 1254 campis
774 1200 978 1240 instructa
999 1206 1198 1248 moratur,

162 1254 304 1304 Ibant,
324 1262 367 1296 et
387 1255 537 1296 Turno
558 1257 669 1309 regis
690 1271 894 1310 responsa
914 1256 1119 1304 ferebant,

160 1312 435 1361 Tercentum,
458 1314 608 1353 scutati
630 1328 788 1362 omnes),
810 1312 851 1354 V
855 1311 1039 1353 olscente
1060 1314 1274 1367 magistro.
1540 1315 1624 1355 370

161 1369 346 1424 Jamque
368 1370 710 1423 propinquabant
729 1370 892 1418 castris,
914 1384 1140 1423 murosque
1162 1372 1380 1419 subibant,

163 1427 311 1473 Quum
331 1425 479 1480 procul
500 1426 577 1466 hos
598 1425 704 1466 laevo
724 1426 944 1467 flectentes
965 1425 1094 1466 limite
1115 1436 1316 1476 cernunt3

160 1565 198 1584 ea
222 1565 254 1584 re
277 1555 316 1584 Il.
338 1568 363 1589 κ,
382 1555 450 1584 475.
474 1555 542 1593 equi
567 1565 605 1584 ex
628 1565 717 1584 curru
731 1559 870 1584 extremo

160 1594 248 1632 ligati
261 1595 439 1627 sunt,—-354
455 1594 534 1631 ferri
550 1604 592 1622 sc.
605 1604 637 1623 se
654 1598 683 1623 et
698 1594 871 1632 Euryalum.

161 1633 302 1662 R.—356
313 1634 473 1661 Poemzrum
489 1633 545 1662 h.l.
557 1643 612 1672 pro
626 1633 711 1661 caede
728 1634 765 1662 ad
779 1632 872 1662 ulcis-

158 1672 289 1701 cendum
304 1672 419 1701 hostem
443 1673 538 1709 fact&
567 1672 666 1701 caedes
682 1672 755 1700 satis
768 1671 871 1701 multae

160 1711 251 1739 factae
265 1715 345 1739 sunt.

200 1748 357 1779 357—366
372 1749 503 1778 Omissis
525 1749 638 1778 ceteris
652 1748 757 1786 spoliis
770 1749 872 1787 phale-

160 1798 209 1817 ras
226 1792 256 1817 et
277 1788 431 1826 cingulum
446 1788 623 1817 Rhamnetis
643 1788 741 1817 aufert
756 1787 872 1826 Eurya-

160 1827 227 1863 3us;
249 1836 307 1855 una
327 1837 395 1856 cum
418 1827 505 1865 galea
520 1827 669 1865 Messapi,
689 1836 747 1864 qua
770 1827 873 1864 paullo

183 1869 231 1894 ost
256 1866 322 1903 ipse
354 1866 494 1904 proditur
525 1864 872 1903 hostibus.—phalerae.

159 1876 339 1939 gubitatur,
355 1906 449 1934 etiam
468 1904 506 1934 ad
528 1905 559 1934 h.
574 1905 605 1939 l.,
621 1904 721 1933 sintne
744 1904 813 1942 equi
837 1914 871 1932 an

157 1943 270 1982 equitis
297 1949 515 1973 ornamentum:
547 1953 612 1972 nam
636 1943 756 1981 utrique
780 1943 872 1972 tribui

160 1982 270 2011 solent.
330 1983 422 2020 Apud
445 1983 556 2020 Polyb.
579 1982 636 2011 To.
662 1982 719 2015 IV,
746 1991 776 2019 p.
801 1982 871 2010 496.

157 2025 231 2050 Sunt
255 2025 464 2058 χρυσοφάλαροι
489 2024 590 2051 ἱππεῖς.
629 2022 728 2059 Supra
741 2021 780 2053 V,
802 2022 871 2050 310.

157 2070 262 2099 equum
267 2060 399 2098 phaleris
412 2060 554 2100 insignem
567 2060 697 2089 vidimus
710 2069 718 2095 3
740 2059 786 2088 hio
796 2060 871 2098 plm-

162 2098 241 2127 leras
267 2099 449 2128 Rhamnetis.
490 2100 554 2128 Res
579 2099 624 2128 sio
653 2099 793 2137 expediri
815 2109 869 2137 po-

157 2140 238 2166 test:
261 2138 337 2166 Sunt
350 2139 481 2177 phalerae
503 2138 593 2176 equi;
623 2138 673 2176 quj
692 2148 802 2176 equum
822 2147 869 2166 or-

161 2176 370 2211 natumliabet,
385 2178 421 2206 ad
432 2178 559 2206 eundem
570 2178 639 2215 equi
650 2182 772 2206 ornatus
785 2186 871 2216 spec-

159 2218 215 2244 tat.
249 2215 367 2259 Itaque,
381 2216 432 2254 qui
445 2226 555 2254 equum
570 2216 756 2254 phaleratum
772 2216 871 2250 habet,

160 2253 218 2282 erit
248 2257 279 2282 et
307 2263 372 2291 lpse
395 2253 488 2293 eques
514 2254 708 2292 phaleratus3
743 2254 871 2292 ideoque

162 2292 342 2322 Rhamnetis
357 2292 486 2330 phalerae
507 2297 589 2327 sunt,
612 2294 721 2331 quibus
747 2293 873 2331 insignis

161 2331 229 2368 ejus
258 2333 305 2360 est
328 2341 436 2368 equus),
471 2335 502 2360 et
521 2332 643 2370 quidem
668 2333 698 2360 h.
723 2332 743 2360 l.
771 2332 873 2360 currui

156 2370 293 2408 junctus.
333 2370 409 2398 Mox
422 2371 531 2399 v.458.
553 2371 650 2408 spolia
660 2375 870 2399 enumerantur

160 2418 217 2448 per
245 2408 361 2447 yaleam
393 2413 422 2437 et
452 2408 591 2445 balianum
626 2409 699 2438 nihil
730 2409 870 2447 amplius.

159 2447 246 2484 Quid
262 2447 287 2476 si
306 2451 336 2476 et
351 2447 379 2476 h.
399 2447 420 2476 l.
442 2447 580 2486 apposita
593 2451 676 2477 sunt:
694 2447 825 2486 pluderoe
843 2452 870 2476 et

161 2496 253 2515 aurea
266 2485 351 2516 bullis
366 2486 498 2524 cin-qula:
532 2489 566 2514 ut
579 2486 711 2525 phalerae
730 2487 791 2516 late
814 2496 871 2524 pro

160 2529 334 2557 ornamento
349 2534 537 2563 quocunque,
552 2524 582 2554 h.
598 2525 619 2553 l.
643 2526 682 2554 de
702 2525 802 2554 balteo
822 2525 869 2554 di—

161 2565 288 2594 cantur?
322 2563 400 2592 Sane
427 2573 463 2592 eo
486 2563 570 2592 ducit
594 2563 686 2593 Silius
706 2563 780 2599 XV,
800 2565 870 2593 255.

156 2602 290 2641 phaleris
307 2602 354 2631 hic
374 2607 494 2642 pectora
513 2601 620 2640 fulget.
668 2603 716 2631 Ita
739 2603 869 2640 phalera:

160 2649 230 2670 esse
240 2644 368 2679 potuere
379 2645 412 2671 et
423 2641 492 2680 equi
504 2645 535 2669 et
548 2640 670 2680 equitis.
709 2641 870 2670 Remulum

166 2679 314 2709 Tiburtem
331 2680 431 2710 dicere
451 2680 563 2714 malim,
587 2688 676 2718 quam
699 2679 813 2709 Tiburti
833 2681 873 2717 fi-

161 2718 243 2748 lium.
284 2718 361 2748 Mox
373 2719 507 2750 baiteum
528 2719 581 2747 int.
600 2718 700 2746 aureis
716 2718 810 2747 clavis
829 2719 872 2747 in-

165 2757 317 2794 signitum,
339 2756 508 2791 χρυσόηλονε
536 2767 623 2795 quem
647 2760 732 2786 ornat
746 2757 874 2786 Homeri

912 1555 1064 1593 exemplo,
1076 1566 1103 1583 v.
1120 1566 1147 1585 o.
1163 1556 1253 1584 Iliad.
1269 1570 1292 1589 κ,
1317 1557 1376 1585 266
1389 1566 1455 1595 sqq.
1497 1557 1621 1587 Balteus

912 1592 961 1622 ille
977 1594 1048 1623 olim
1061 1595 1177 1623 Caedici
1191 1596 1297 1629 fuerat,
1319 1596 1370 1632 qui
1386 1605 1453 1624 eum
1465 1596 1547 1625 misit
1561 1598 1623 1627 Re-

911 1632 1003 1667 mulo,
1017 1633 1177 1662 Tiburtino
1192 1634 1315 1668 homiui,
1339 1634 1488 1672 hospitale
1503 1645 1621 1671 munus,

912 1673 1036 1706 ξεινήϊον.
1086 1671 1235 1701 Remulus
1262 1672 1392 1701 moriens
1414 1673 1515 1711 nepoti
1550 1675 1621 1703 reli—

913 1710 1002 1748 quit·,
1023 1719 1082 1748 quo
1097 1711 1126 1740 in
1147 1721 1250 1749 pugna
1271 1721 1364 1745 caeso,
1387 1711 1485 1741 balteo
1499 1712 1553 1741 illo
1568 1723 1622 1752 po-

913 1748 962 1777 titi
988 1749 1107 1783 Rutuli,
1133 1750 1183 1779 vel
1206 1750 1237 1779 in
1260 1750 1374 1788 praedae
1400 1755 1496 1789 parte,
1522 1752 1570 1782 vel
1591 1758 1625 1782 ut

913 1790 1062 1821 ἀριστεῖον,
1105 1788 1238 1818 balteum
1272 1789 1433 1818 Rhamneti
1467 1790 1624 1821 dederant.

913 1826 946 1855 Si
970 1827 1011 1856 ita
1035 1826 1155 1865 singula
1187 1827 1364 1861 constituas,
1398 1828 1486 1858 vides
1510 1829 1625 1859 frustra

912 1866 1080 1904 trepidasse
1097 1866 1278 1905 interpretes
1294 1868 1520 1897 veteres.—362
1539 1873 1622 1898 δῶκεν

910 1907 994 1938 ἔχειν.
1013 1909 1080 1933 δῶκε
1093 1908 1183 1941 φέρειν
1197 1905 1424 1935 Romen—354
1436 1907 1624 1945 nequicquam

910 1947 1003 1981 aptat,
1020 1952 1077 1972 non
1092 1944 1249 1978 fruiturus,
1271 1944 1380 1977 Serv.;
1408 1950 1547 1983 respectu
1571 1956 1622 1975 ea-

909 1981 1065 2017 lamitatis,
1087 1993 1176 2019 quam
1197 1987 1378 2021 accepturus
1399 1987 1458 2017 est,
1483 1984 1552 2013 dum
1568 1994 1623 2022 per

910 2030 978 2049 eum
995 2021 1159 2059 impeditus
1173 2021 1313 2059 proditur
1333 2031 1363 2050 v.
1381 2022 1622 2058 384.-—lzab‹2lem,

910 2062 1011 2097 aptam
1026 2060 1117 2097 capiti
1132 2070 1140 2096 3
1161 2070 1229 2089 esse
1247 2060 1368 2089 videtur
1382 2060 1579 2092 Homericum
1592 2063 1621 2091 εὖ

910 2100 1049 2132 ἀραρυῖαν.
1062 2098 1103 2127 cf.
1117 2099 1155 2127 ad
1170 2099 1197 2134 1,
1213 2100 1283 2127 318.

949 2138 1004 2166 371
1022 2147 1117 2165 muros
1140 2147 1173 2165 ne
1193 2137 1335 2170 subibant,
1360 2138 1526 2175 quosnam?
1546 2138 1621 2167 Tro—

910 2176 1104 2212 janorumne?
1134 2185 1181 2203 iou
1194 2180 1241 2204 est
1258 2175 1366 2204 vallum
1381 2180 1410 2206 et
1425 2179 1535 2209 castra,
1547 2186 1620 2214 quae

911 2214 1089 2243 obsidebant
1110 2214 1235 2243 Rutuli:
1267 2214 1348 2252 atqui
1368 2225 1404 2243 ea
1423 2224 1481 2243 non
1506 2214 1621 2253 ingredi

934 2257 1053 2294 oterant
1069 2253 1187 2291 equites
1204 2253 1314 2282 Latini.
1354 2253 1401 2282 An
1419 2253 1621 2283 Rutulorum?

911 2263 983 2322 ῗῖοο
1019 2301 1086 2321 sane
1120 2292 1238 2325 melius,
1271 2301 1340 2320 cum
1364 2291 1403 2320 de
1430 2291 1526 2330 copiis
1553 2297 1622 2330 agat

914 2332 1016 2369 poe'ta,
1031 2341 1110 2369 quae,
1126 2330 1251 2359 Rutulis
1266 2329 1377 2361 auxilio
1390 2330 1504 2365 missae,
1521 2331 1621 2360 Rutu-

909 2370 1018 2404 lorum,
1033 2379 1089 2398 uon
1102 2370 1311 2407 Trojanorum,
1325 2373 1425 2398 castra
1439 2369 1619 2408 ingressurae

910 2412 990 2438 sunt.
1031 2408 1194 2437 Enimvero
1210 2408 1392 2437 Rutulorum
1415 2411 1515 2437 castra
1534 2413 1620 2438 erant

910 2447 991 2476 nulla
1004 2456 1012 2483 ⁴,
1032 2447 1061 2476 h.
1076 2457 1103 2476 e.
1118 2457 1171 2476 nec
1186 2447 1297 2476 vallum
1310 2456 1366 2476 neo
1387 2457 1490 2486 agger,
1514 2457 1620 2477 verum

909 2487 941 2515 in
953 2496 1061 2524 campo
1075 2486 1306 2524 procubuerant.
1359 2485 1425 2515 Res
1437 2486 1483 2517 sic
1495 2487 1620 2524 expedi-

909 2526 1001 2554 enda:
1028 2524 1135 2553 Rutuli
1150 2524 1329 2553 obsidebant
1342 2524 1453 2553 vallum
1473 2528 1504 2553 et
1517 2529 1620 2563 portas

910 2568 1080 2592 castrorum
1095 2563 1314 2601 Trojanorum:
1337 2563 1376 2591 of.
1398 2564 1454 2593 159
1467 2572 1547 2601 sqq„
1565 2564 1621 2593 ita-

910 2612 969 2640 que
984 2605 1093 2635 turma,
1116 2611 1184 2639 quae
1197 2601 1235 2630 ad
1249 2602 1417 2631 exereitum
1435 2601 1622 2636 mittebatur,

911 2640 1022 2670 castris
1043 2640 1236 2680 Troianorum
1259 2641 1532 2680 appropinquabat:
1554 2640 1621 2670 sub-

913 2679 955 2707 ire
969 2683 1016 2708 est
1029 2678 1087 2707 h.l.
1102 2678 1226 2717 propius
1241 2679 1398 2714 accedere,
1417 2689 1474 2708 non
1496 2678 1622 2716 ing-redi.

913 2718 1011 2747 -372
1031 2717 1101 2746 Iamo
1115 2717 1215 2750 limite,
1235 2718 1284 2748 via
1297 2727 1314 2747 a
1328 2717 1407 2747 lawa
1418 2722 1503 2756 parte
1517 2717 1622 2754 Troja-

913 2766 1028 2791 norum,
1054 2766 1096 2785 sc.
1126 2756 1155 2784 in
1180 2755 1254 2786 bivio
1268 2761 1374 2795 portoe,
1402 2766 1468 2795 qua'
1486 2755 1621 2794 proxima

1369 2797 1441 2836 35(
