1796 3077
554 190 894 230 GEORGICON.
946 192 1046 233 LIB.
1077 194 1130 231 11.

1492 203 1580 247 107

191 312 356 355 Scilicet
374 313 564 355 omnibus
585 321 649 355 est
667 313 787 355 labor
805 314 1127 369 impendendus,
1151 323 1194 358 et
1213 331 1355 360 omnes

133 370 348 425 Cogendae
368 371 411 410 in
431 370 604 420 sulcum,
634 385 683 411 ac
699 370 829 412 multa
845 372 1039 413 mercede
1059 372 1305 426 domandae3

133 428 220 468 Sed
239 428 395 468 truncis
416 427 520 469 oleae
537 427 695 477 melius„
725 429 958 483 propagine
978 429 1081 470 vites

133 483 425 537 Respondent,
457 484 589 526 solido
610 484 787 540 Paphiae
807 484 861 526 de
880 486 1033 526 robore
1053 493 1237 541 myrtus:

133 539 294 581 Plantis
313 549 356 582 et
376 541 493 582 durae
510 540 641 583 coruli
660 548 900 591 nascuntur,
932 549 974 582 et
989 542 1136 596 ingens

130 596 352 648 Fraxinus,
384 597 694 652 Herculeaeque
713 599 838 639 arbos
858 599 1055 639 umbrosa
1075 614 1255 651 coronae,

133 654 396 709 Chaoniique
416 656 546 710 patris
567 654 765 710 glandes3
796 655 921 695 etiam
937 655 1069 696 ardua
1090 656 1227 711 palma

133 710 348 761 Nascitur,
379 719 420 752 et
438 727 557 753 casus
574 712 689 752 abies
705 712 842 752 visura
862 713 1043 753 marinos
1058 728 1067 752 :

133 767 336 808 Inseritur
354 783 453 808 vero
470 775 512 809 et
531 768 621 809 fetu
636 769 752 809 nucis
771 768 946 808 arbutus
967 768 1152 819 horrida,

133 824 193 865 Et
214 824 374 865 steriles
395 824 553 878 platani
572 823 702 864 malos
721 838 890 878 gessere
910 823 1119 874 valentes3

134 881 353 921 Castaneae
370 880 506 935 fagus,
537 895 748 934 ornusque
770 880 955 921 incanuit
973 880 1071 921 albo

134 937 259 979 Flore
275 938 366 992 piri,
399 937 679 992 glandemque
701 952 796 978 sues
817 937 980 991 fregere
1000 938 1078 979 sub
1095 935 1228 980 ulmis.

131 1046 285 1075 deficiente
298 1046 391 1080 cultu,
413 1045 550 1085 squalidi,
572 1045 685 1085 rugosi,
699 1048 844 1076 utcontra

132 1095 194 1113 nvoe
223 1085 315 1119 cnltoe,
344 1086 474 1119 nitentes,
491 1085 630 1124 pulchroe.
673 1085 738 1114 Uva
765 1086 794 1114 h.
821 1086 842 1114 l.

133 1133 188 1161 pro
209 1123 279 1157 vite,
301 1134 368 1162 quse
387 1124 496 1153 nostris
518 1124 637 1162 quidem
652 1123 682 1152 in
697 1124 785 1152 terris
803 1134 842 1152 ex

132 1162 224 1191 acinis
234 1172 289 1191 non
300 1167 484 1200 procreatur,
499 1162 567 1191 atln
578 1161 682 1191 insulis
693 1162 842 1192 Americae

133 1201 230 1230 adhuc
244 1200 274 1229 id
289 1201 351 1229 fieri
367 1206 513 1230 narratur.

170 1240 220 1268 61.
240 1240 279 1268 62
298 1239 477 1269 Artificiales
498 1239 578 1268 modi
599 1240 739 1269 arborum
761 1250 776 1269 e
798 1250 841 1269 se·

131 1277 205 1306 mine
220 1283 442 1316 procreatamm
454 1279 636 1311 incrementa
649 1279 843 1314 accelerandi,

133 1316 185 1354 qui
199 1326 256 1345 non
270 1317 366 1346 minus
376 1317 474 1346 locum
488 1318 596 1349 habent
610 1317 640 1346 in
658 1318 780 1356 reliquis
797 1328 842 1346 ar-

133 1354 268 1389 boribus,
295 1355 357 1385 sive
385 1360 490 1394 sponte
524 1356 587 1385 sive
615 1366 654 1384 ex
678 1355 843 1386 viviradice

134 1393 229 1429 natis;
250 1394 350 1432 itaque
362 1405 423 1423 rem
439 1395 602 1434 generalius
614 1394 769 1433 proponit;
792 1405 844 1424 nec

134 1435 233 1460 tamen
249 1433 342 1470 (conf.
363 1434 512 1472 Theophr.
528 1434 565 1463 de
579 1433 685 1462 Causs.
701 1433 792 1472 plant.
814 1434 843 1466 I.

134 1471 182 1507 6),
205 1475 237 1499 ut
260 1473 379 1509 potitam
403 1473 536 1507 decebat,
558 1472 683 1501 eundem
702 1482 736 1501 ac
757 1482 784 1500 v.
806 1474 844 1502 22

136 1519 181 1547 sq.
208 1510 339 1539 ordinem
366 1511 452 1539 anxie
478 1514 587 1539 servat.
628 1511 772 1544 Arbores,
800 1511 843 1551 in-

135 1548 210 1586 quit,
223 1548 379 1578 silvestres
396 1559 498 1578 omnes
511 1549 722 1577 transferendae
735 1549 843 1577 suntin

134 1586 224 1615 alium
258 1597 360 1625 agrum
392 1592 423 1616 et
452 1588 480 1616 in
507 1587 661 1615 scrobibus
697 1586 743 1624 (lii
776 1591 844 1616 sunt

134 1625 218 1659 sulci,
245 1627 312 1654 vide
339 1637 368 1654 v.
399 1626 453 1660 24)
489 1626 662 1664 deligendae,
696 1629 727 1654 et
752 1625 842 1654 multa

134 1664 268 1697 mercede,
300 1665 386 1692 multi
413 1665 523 1693 laboris
538 1664 685 1702 impendio
701 1663 842 1692 colenda«.

135 1703 290 1731 ——63-58
324 1703 381 1730 Est
412 1707 509 1732 tamen
539 1703 644 1740 cuique
675 1702 771 1730 arbori
793 1712 842 1731 su-

136 1750 185 1769 um
223 1741 348 1769 culturae
378 1751 469 1779 genus
494 1740 842 1771 accommodatissimum.

138 1778 217 1807 Olea.²
251 1779 351 1808 melias
380 1780 558 1817 respondent,
592 1779 726 1812 consilio,
761 1783 843 1812 voto,

137 1817 251 1846 felicius
283 1818 458 1855 proveniunt
492 1829 508 1847 e
545 1817 654 1846 truncis
688 1818 717 1845 h.
743 1817 843 1846 candi-

136 1856 220 1885 cibus
262 1856 351 1885 sectis
387 1857 471 1895 (vide
510 1868 539 1886 v.
574 1856 630 1893 30)
662 1855 724 1885 sive
759 1856 844 1885 taleis

136 1895 276 1933 oleaginis
290 1905 318 1923 v.
334 1895 419 1924 Cato.
439 1897 489 1929 115,
511 1897 545 1924 l:
570 1895 676 1923 Varro.
697 1895 726 1929 I,
747 1895 796 1928 40,
815 1896 844 1923 4.

132 1933 252 1963 Colum.
274 1933 313 1967 V,
333 1936 362 1968 9,
385 1935 401 1962 l
427 1935 511 1972 sqq.)
536 1934 565 1962 in
587 1938 695 1963 terram
716 1932 843 1969 defixis3

135 1971 207 2000 vites
223 1972 431 2010 propayinibecs
451 1973 480 2001 in
500 1973 620 2001 humum
642 1972 779 2000 demissis
799 1974 845 2010 (v.

136 2011 190 2045 26)
203 2021 209 2045 3
230 2011 319 2049 myrti
331 2015 439 2047 autem,
460 2011 568 2040 Veneri
582 2020 686 2043 sacrae,
707 2010 797 2039 solido
812 2010 845 2039 cle

138 2048 250 2081 robore,
272 2050 299 2077 h.
321 2053 425 2084 trunco
449 2060 502 2078 seu
521 2049 622 2088 stipite
645 2053 696 2078 aut
716 2049 845 2078 vastiore

139 2097 219 2115 ramo
233 2088 270 2117 ad
286 2088 346 2126 pali
360 2086 481 2117 modum
498 2089 526 2117 in
547 2092 655 2117 terram
675 2087 797 2116 infosso.
818 2099 847 2116 v.

137 2126 186 2153 24.
208 2126 255 2155 25.
274 2127 323 2161 (de
341 2126 455 2161 robore,
477 2127 506 2156 h.
529 2138 555 2155 e.
583 2133 788 2155 excrescentes
810 2127 847 2154 de

139 2164 253 2192 robore.
268 2165 332 2203 W.)
346 2166 387 2194 At
396 2165 572 2196 surculorzmz
573 2164 753 2204 plantatione
762 2165 848 2203 (vide

140 2212 168 2230 v.
189 2204 238 2230 28.
258 2203 296 2231 29
316 2207 346 2232 et
368 2204 447 2233 Plin.
468 2204 580 2237 XVII,
602 2205 649 2232 17.
671 2214 695 2233 s.
716 2204 771 2239 28)
794 2213 846 2240 op-

138 2240 209 2268 time
222 2242 399 2278 proveniunt
418 2242 541 2276 cortilus,
555 2242 706 2280 fraxinus,
726 2242 848 2280 populus

140 2279 266 2308 Herculi
296 2289 378 2311 sacra
408 2282 493 2319 (sup.
524 2282 588 2310 Ecl.
616 2281 694 2315 VII,
722 2283 790 2318 61),
819 2283 849 2309 et

138 2328 271 2356 quercus,
292 2318 362 2347 Jovi
383 2319 534 2348 Dodonaeo
548 2324 735 2354 consecrata3
750 2318 849 2357 palma

141 2356 232 2385 etiam
253 2360 283 2385 et
302 2356 391 2390 abices,
420 2358 596 2387 {edificandis
618 2358 744 2387 navibus
767 2362 847 2396 apta,

139 2397 227 2426 ἐλάτη
242 2397 452 2429 ναυπηγήσιμος,
473 2401 507 2425 ut
519 2397 668 2435 Theophr.
690 2396 733 2425 H·
750 2396 849 2425 Plant-

141 2433 181 2467 V,
201 2435 230 2462 8.
273 2433 413 2462 Occurrit
431 2438 528 2462 autem
540 2435 651 2473 passim
671 2435 696 2464 is
712 2439 849 2464 veterum

140 2481 214 2500 usus
228 2476 258 2501 et
273 2482 337 2501 mos
352 2472 418 2500 illas
434 2473 555 2501 arbores
577 2473 684 2511 plantis
709 2484 761 2502 seu
784 2483 849 2501 sur-

140 2510 216 2539 culis
224 2511 409 2548 procreandi.
424 2510 608 2548 Depalmav.
622 2511 736 2541 Pallad.
749 2511 846 2550 April,

142 2559 169 2576 c.
182 2551 212 2582 5,
227 2550 265 2578 2:
287 2551 324 2578 de
340 2559 446 2587 quercu
466 2549 582 2577 Colum.
603 2549 662 2584 IV,
681 2551 731 2584 33,
752 2552 780 2579 5.
803 2550 846 2578 ΙΙ.

144 2586 186 2615 Η.
211 2588 346 2621 Vossius,
366 2588 427 2625 qui,
443 2587 517 2615 duce
534 2587 674 2621 Martino,
694 2598 846 2626 quercum,

144 2625 271 2662 palmam
287 2631 317 2655 et
335 2627 460 2655 abietem
479 2635 532 2654 non
550 2625 607 2654 nisi
625 2627 734 2655 semine
752 2628 849 2656 enasci

145 2664 301 2698 contendit,
323 2669 391 2702 post
411 2668 576 2693 accuratam
598 2665 733 2693 vocabuli
746 2665 849 2703 planta

146 2701 392 2742 explanationem,
414 2703 652 2741 significationem
668 2704 733 2740 ejus
749 2704 848 2741 dupli<

882 1056 945 1077 cem
959 1051 989 1077 et
1004 1047 1088 1078 radix
1102 1050 1132 1077 et
1144 1057 1238 1077 semen
1248 1047 1276 1078 in
1291 1048 1366 1079 hunc
1375 1049 1474 1080 locum
1485 1049 1590 1079 cadere

883 1087 999 1116 statuit.
1024 1087 1073 1117 W.

920 1126 1037 1155 69—72
1064 1125 1169 1154 insitio
1193 1127 1326 1155 restabat
1350 1136 1388 1155 ex
1417 1137 1446 1156 ν.
1476 1129 1514 1157 32
1542 1137 1589 1166 sq.

883 1163 1006 1202 Optime
1019 1164 1158 1193 inseritur
1170 1164 1283 1199 arbuto,
1296 1165 1324 1193 in
1340 1166 1487 1201 arbutum,
1506 1166 1590 1205 (hor-

882 1202 947 1231 ricla
960 1213 994 1232 ea
1009 1203 1119 1232 dicitur
1131 1212 1148 1231 a
1162 1203 1271 1232 cortice
1282 1203 1400 1242 hispido
1421 1209 1451 1233 et
1468 1205 1591 1242 aspero)

882 1251 954 1272 nux.
977 1242 1098 1280 platano
1124 1241 1230 1276 malus,
1249 1243 1324 1280 fayo
1347 1246 1494 1276 castanea,
1521 1253 1593 1272 orno

883 1280 978 1317 pirus,
1000 1285 1030 1309 et
1051 1280 1128 1309 ulmo
1150 1290 1288 1318 quercus.
1329 1281 1472 1319 Respicit
1492 1282 1591 1310 locum

883 1318 964 1348 Plin.
986 1319 1060 1353 XV,
1091 1321 1126 1347 15
1150 1329 1174 1347 s.
1200 1321 1247 1348 17.
1286 1319 1430 1349 Videmus
1450 1320 1497 1349 hic
1518 1321 1591 1358 poe*

883 1360 943 1386 tam
957 1357 998 1386 ita
1011 1359 1136 1392 tradere,
1157 1358 1243 1395 quasi
1257 1367 1340 1386 omne
1352 1368 1445 1402 genus
1458 1359 1592 1388 surculo-

883 1406 948 1424 rum
959 1396 987 1425 in
998 1406 1113 1425 omnem
1126 1397 1259 1425 arborem
1270 1396 1361 1425 insen
1372 1401 1475 1434 posset
1488 1408 1495 1433 3
1512 1398 1592 1436 quod

884 1443 901 1462 a
916 1435 1024 1463 nostris
1040 1435 1215 1467 hominibus,
1237 1434 1287 1473 qui
1307 1435 1336 1463 in
1358 1436 1411 1464 hac
1428 1446 1459 1464 re
1478 1435 1591 1475 aliquid

885 1483 916 1501 se
931 1473 1032 1502 videre
1048 1478 1162 1511 putant,
1183 1477 1323 1512 negatum
1343 1483 1399 1502 non
1413 1473 1490 1502 enim
1502 1474 1593 1503 inseri

883 1521 972 1548 posse
1001 1513 1136 1540 arborem
1162 1511 1272 1545 arbori,
1302 1511 1358 1540 nisi
1386 1511 1431 1540 sui
1465 1513 1594 1551 generis,

883 1549 945 1577 Alii
960 1553 1055 1577 tamen
1069 1560 1140 1578 orno
1161 1560 1192 1577 se
1207 1549 1351 1578 insevisse
1362 1549 1474 1587 pinum,
1496 1555 1593 1581 casta-

883 1596 965 1615 neam
982 1588 1113 1625 quercui,
1130 1587 1283 1616 assirmant.
1318 1589 1418 1617 Etiam
1430 1589 1595 1620 Columella

882 1624 933 1654 lib.
955 1626 994 1660 V,
1016 1628 1052 1654 ll
1074 1631 1099 1664 ς.
1122 1627 1159 1655 12
1186 1626 1322 1664 antiquos
1345 1628 1496 1657 contendit
1518 1629 1594 1657 male

883 1662 960 1692 idem
976 1674 1110 1703 negasse,
1130 1670 1157 1693 et
1172 1665 1313 1703 quandam
1328 1665 1413 1704 quasi
1426 1665 1514 1704 leqem
1523 1677 1591 1696 san-

882 1702 968 1734 xisse,
988 1713 1035 1731 eos
1050 1707 1159 1731 [ιιηίιιηι
1178 1703 1305 1732 surculos
1319 1714 1405 1741 posse
1423 1705 1592 1740 coalescere,

882 1741 932 1783 qui
945 1740 1003 1770 sint
1017 1742 1120 1770 cortice
1135 1752 1167 1771 ac
1183 1741 1256 1770 libro
1267 1752 1300 1770 ac
1311 1744 1414 1778 fructu
1435 1743 1594 1773 consimiles

882 1778 919 1807 eis
952 1779 1114 1814 arboribus,
1145 1779 1247 1819 quibus
1281 1780 1457 1811 inseruntur.
1497 1782 1594 1820 Cujus

883 1817 933 1846 ille
957 1818 1097 1856 opinionis
1112 1828 1240 1847 errorem
1251 1818 1456 1848 discutiendnm
1475 1821 1592 1850 traden-

883 1856 1004 1895 (lamque
1017 1859 1143 1895 posteris
1158 1857 1297 1886 rationem
1316 1858 1516 1894 existimabat,
1558 1871 1596 1889 urz

880 1900 979 1933 posset
992 1906 1073 1924 omne
1086 1907 1175 1934 qenus
1188 1896 1296 1925 surculi
1310 1897 1388 1925 omni
1398 1897 1497 1935 generi
1508 1870 1593 1927 arzo-

883 1933 926 1962 νίψ-
941 1934 1040 1963 inseri.
1080 1935 1171 1971 Quod
1193 1935 1230 1963 ad
1249 1936 1340 1964 verba
1360 1936 1476 1970 attinet,
1495 1939 1593 1966 tenen-

884 1973 965 2007 dum,
986 1973 1101 2011 vulgari
1124 1973 1242 2012 quidem
1261 1974 1372 2003 ratione
1393 1974 1470 2003 dici:
1492 1975 1595 2004 arbuto

884 2021 981 2039 nucem
995 2012 1094 2045 inseri,
1116 2016 1147 2040 at
1167 2022 1219 2041 nec
1241 2012 1337 2041 minus
1362 2016 1458 2041 tamen
1481 2014 1593 2043 rariore

885 2050 990 2078 modo:
1014 2050 1148 2078 urbatum
1172 2050 1262 2079 inseri
1281 2060 1362 2084 nuce,
1384 2055 1417 2079 ut
1430 2051 1459 2079 h.
1473 2051 1493 2080 l.
1513 2052 1595 2081 nucis

878 2090 957 2126 J'etu,
979 2089 1058 2126 quod
1071 2099 1128 2117 non
1145 2089 1251 2122 tertios
1267 2089 1320 2117 sed
1333 2092 1419 2119 sexto
1432 2099 1504 2119 casu
1518 2091 1594 2119 acci÷

886 2126 1038 2169 piendum.
1059 2127 1103 2155 H.
1125 2127 1218 2155 Plura
1232 2128 1322 2156 verba
1333 2137 1372 2155 ex
1384 2128 1597 2166 praepositione

887 2175 917 2193 ιιι
930 2165 1095 2203 composita
1108 2165 1259 2203 duplicem
1271 2165 1431 2194 admittunt
1443 2170 1595 2197 construc-

888 2204 997 2232 tionem
1009 2226 1015 2237 ,
1038 2204 1100 2232 vid.
1113 2204 1188 2235 Not.
1202 2204 1240 2233 ad
1253 2204 1323 2233 AEn.
1338 2204 1379 2237 V,
1391 2205 1462 2234 403.
1502 2206 1592 2236 Secu-

886 2246 935 2271 tus
964 2246 1013 2271 est
1046 2242 1166 2281 Virgilii
1199 2242 1447 2273 constructionem
1479 2244 1596 2273 Plinius

887 2281 963 2314 XV,
983 2291 1010 2309 c.
1032 2282 1080 2310 15.
1104 2281 1181 2312 med.
1226 2281 1309 2320 uippe
1335 2292 1420 2322 quum
1453 2282 1597 2322 Viryilius

886 2319 1004 2349 insitam
1026 2318 1144 2348 nucibus
1163 2329 1198 2347 ar
1218 2324 1309 2353 utum,
1334 2320 1418 2349 malis
1431 2321 1594 2359 platanum,

887 2358 995 2386 cerasis
1027 2358 1134 2387 ulmum
1166 2358 1253 2387 dicat.
1288 2357 1335 2387 W.
1387 2359 1460 2388 Nux
1495 2365 1593 2395 autem

890 2396 1027 2435 generale
1048 2396 1237 2431 vocabulum,
1258 2400 1292 2428 ut
1318 2397 1358 2426 sit
1379 2408 1440 2428 nux
1463 2399 1594 2438 juglans,

888 2435 1030 2468 avellana,
1057 2435 1224 2473 amygdala,
1248 2435 1343 2473 pinea.
1369 2436 1413 2466 H.
1452 2437 1496 2466 H.
1517 2438 1595 2466 Vos-

890 2473 951 2506 sius
971 2477 1066 2511 putat,
1087 2473 1306 2511 intelligendam
1326 2484 1394 2504 esse
1416 2485 1513 2504 nucem
1525 2476 1595 2513 jug]-

885 2511 1005 2546 landem,
1022 2511 1089 2549 (the
1101 2511 1242 2540 XValnut.
1257 2512 1309 2550 S.)
1326 2512 1451 2543 {VK-70
1460 2514 1597 2553 platanus

887 2550 965 2587 gerit
974 2550 1081 2578 malum
1090 2548 1391 2590 insitam.--7lfa9us
1398 2552 1524 2581 incanuit
1533 2562 1595 2580 cas-

887 2593 978 2617 lmzeoe
985 2589 1071 2625 flore,
1094 2592 1120 2616 et
1133 2598 1220 2617 ornus
1230 2588 1295 2618 albo
1302 2590 1366 2628 piri
1369 2591 1445 2627 flore
1458 2590 1595 2625 incanuit,

888 2627 916 2655 h.
939 2638 966 2656 e.
987 2629 1054 2665 tago
1074 2631 1220 2661 castanea,
1242 2638 1314 2657 orno
1338 2630 1421 2667 pirus
1447 2628 1596 2658 inseritur.

890 2665 988 2694 Ornus
1009 2664 1115 2694 fraxini
1135 2666 1283 2696 silvestris
1300 2677 1403 2705 genus.
1425 2678 1452 2697 v.
1474 2666 1594 2697 Martia,

888 2705 916 2733 h.
934 2704 952 2732 l.
