1796 3077
604 262 874 302 AENEIDOS.

933 262 1036 301 ΜΒ.
1065 261 1115 301 v.
1508 267 1603 313 389

157 382 340 440 Agmine
360 384 514 440 partito
536 383 712 441 fulgent,
734 385 992 439 paribusque
1014 383 1236 440 magistris.

161 442 258 483 Una
278 443 388 484 acies
403 443 619 497 juvenum,
650 443 773 483 duxit
792 457 918 496 quarn
938 456 1094 497 parvus
1115 448 1308 483 ovantem

158 498 328 540 Nomen
348 500 414 540 avi
434 499 621 542 referens
642 498 858 549 Priamus3
889 506 963 540 tua
982 498 1108 548 clara,
1128 497 1281 548 Polite,

159 555 404 610 ProgenieS‚
427 564 603 598 auctura
622 555 771 597 Italos:

803 570 928 610 quem
945 555 1157 597 Thracius
1178 554 1283 596 albis
1529 553 1612 594 565

159 611 309 654 Portat
328 628 462 667 equus
482 613 643 655 bicolor
663 612 835 654 maculis
852 630 862 663 3
893 613 1070 667 vestigia
1094 612 1219 667 primi

159 668 275 711 Alba
295 671 427 724 pedis,
448 670 714 724 frontemque
734 676 948 712 ostentans
970 670 1127 711 arduus
1145 668 1296 710 albam.

160 724 285 768 Alter
307 727 430 782 Atys,
450 742 584 782 genus
605 727 719 768 unde
736 726 826 767 Atii
843 727 1004 768 duxere
1023 726 1192 776 Latini3

163 781 326 825 Parvus
347 784 471 839 Atys,
493 798 713 838 pueroque
729 797 837 837 puer
856 782 1033 824 dilectus
1054 782 1161 824 Iulo.

164 839 408 890 Extremus,
429 840 648 894 formaque
669 847 765 880 ante
786 854 930 881 omnes
951 839 1111 894 pulcer,
1133 838 1263 887 Iulus,
1532 835 1616 879 570

165 896 341 938 Sidonio
362 904 426 938 est
444 897 632 938 invectus
653 911 763 950 equo
781 911 789 936 ε
822 911 948 950 quem
969 896 1150 937 candida
1169 896 1287 936 Dido

164 953 275 994 Esse
296 954 360 995 sui
380 954 558 995 dederat
576 961 893 995 monumentum
912 961 955 995 et
972 954 1125 1008 pignus
1146 952 1321 1002 amoris;

164 1009 320 1052 Cetera
340 1010 571 1053 Trinacriis
592 1011 726 1066 pubes
748 1010 921 1052 senioris
942 1010 1114 1053 Acestae

166 1066 321 1109 Fertur
341 1068 474 1122 equis.

166 1123 400 1179 Excipiunt
420 1124 573 1179 plausu
592 1125 784 1179 pavidos,
805 1125 1079 1181 gaudentque
1100 1131 1265 1165 tuentes
1535 1122 1618 1162 575

165 1180 429 1222 Dardanidae
446 1198 455 1231 3
486 1189 762 1237 veterumque
779 1190 1013 1238 agnoscunt
1033 1196 1107 1222 ora
1127 1187 1364 1236 parentum.

166 1237 399 1292 Postquam
420 1253 584 1279 omnem
603 1238 689 1280 laeti
708 1254 949 1281 consessum
969 1238 1198 1292 oculosque
1221 1252 1391 1278 suorum

166 1293 424 1336 Lustravere
443 1295 487 1335 in
507 1296 648 1349 equis:
681 1297 846 1351 signum
866 1295 1047 1337 clamore
1067 1294 1224 1350 paratis

167 1351 378 1406 Epytides
398 1351 522 1406 longe
543 1353 675 1403 dedit,
694 1354 963 1407 insonuitque
983 1352 1166 1407 flagello.

168 1408 235 1448 Illi
256 1408 493 1450 discurrere
515 1424 651 1463 pare-5,
673 1417 800 1464 atque
820 1410 987 1464 agmina
1006 1410 1115 1451 terni
1537 1408 1622 1448 580

170 1464 371 1506 Diductis
393 1465 554 1507 solvere
575 1466 728 1516 choris,
750 1481 979 1521 rursusque
1001 1465 1138 1507 vocati

172 1522 429 1563 Convertere
452 1523 550 1571 vias,
572 1523 809 1578 infestaque
829 1523 912 1565 tela
931 1523 1080 1564 tulere.

172 1578 278 1620 Inde
301 1578 404 1619 alios
423 1579 570 1620 ineunt
589 1594 736 1621 cursus
757 1580 944 1634 aliosque
965 1595 1159 1621 recursus

172 1634 377 1677 Adversis
398 1636 558 1690 spatiis,
582 1636 836 1691 alternisque
855 1638 1028 1679 orbibus
1050 1637 1174 1678 orbes

172 1749 332 1779 centurias
347 1753 409 1779 {res
425 1750 559 1788 equitum
583 1751 694 1790 respici
710 1751 812 1781 dicere
828 1752 880 1781 de·

177 1789 280 1817 bebat.
300 1790 338 1817 cf.
363 1789 431 1818 Liv.
456 1790 483 1824 I,
505 1791 551 1818 13.
573 1790 634 1819 Sed
654 1791 770 1819 ornavit
791 1793 883 1828 po’e‘ta

177 1827 274 1856 locum
297 1827 418 1871 egregie
444 1837 557 1863 eorum,
579 1828 630 1867 qui
654 1834 768 1858 turmas
791 1830 881 1858 duce·

179 1866 261 1899 bant,
273 1866 440 1895 nominibus
450 1871 479 1895 et
488 1867 574 1905 equis
585 1867 883 1897 declarandis.-562

177 1904 339 1943 mer-qistriS,
356 1915 385 1934 v.
399 1914 467 1943 sup.
480 1916 511 1937 v.
524 1906 593 1935 546.
603 1906 736 1945 paribus,
750 1910 782 1935 ut
797 1917 883 1935 suum

179 1952 308 1982 quaeque
321 1954 337 1972 e
353 1943 436 1972 trinis
452 1947 549 1973 turma
561 1945 737 1982 magistrum
751 1946 884 1974 haberet.

178 1983 324 2011 Fortasse
351 1982 388 2011 ad
421 1986 533 2013 turmas
560 1985 702 2022 may‘orum
728 1994 886 2023 puerorum

179 2021 326 2059 respexit.
341 2031 370 2049 v.
391 2021 514 2050 Sueton.
540 2021 603 2051 Jul.
629 2024 684 2058 393
706 2023 814 2052 Octav.
836 2024 884 2052 33.

178 2059 296 2089 Parvus
309 2059 358 2088 hic
375 2060 516 2089 Priamus
530 2061 642 2091 Politae
659 2062 749 2096 filius,
772 2061 886 2091 Priami

180 2098 260 2137 regIS
274 2108 378 2137 nepos.
422 2100 467 2128 De
478 2099 577 2129 Polite
590 2101 668 2129 conf.
684 2101 772 2131 Iliad.
786 2105 817 2137 β,
829 2102 887 2129 791

181 2141 213 2164 et
239 2147 305 2175 sup.
332 2137 386 2165 lib.
409 2138 455 2174 11,
483 2139 542 2167 526
567 2149 612 2177 sq.
636 2144 757 2168 (mctnra
786 2139 889 2168 Italos.

182 2175 278 2203 Serv:
308 2175 493 2205 Polites—de
515 2188 570 2215 quo
597 2178 671 2208 Cato
696 2178 726 2207 in
757 2178 889 2217 Oriyini-

182 2213 234 2241 hus
248 2213 328 2247 dicit,
348 2214 424 2251 quod
437 2215 475 2243 ad
490 2216 609 2245 Italiam
627 2217 737 2246 venerit
750 2222 777 2246 et
792 2227 887 2254 seqre-

183 2256 271 2295 ,φαίης
285 2251 320 2280 ab
333 2252 438 2281 AEnea
452 2255 610 2283 condiderit
623 2256 756 2295 oppidum
772 2256 887 2285 Polito-

184 2300 261 2318 rium
277 2301 354 2318 asuo
365 2291 484 2320 nomine.
523 2294 631 2323 Paullo
643 2296 751 2333 postin
763 2295 847 2333 equis
860 2305 889 2323 v.

183 2330 339 2358 565-557
352 2334 527 2367 argutantur
535 2332 677 2371 Interptt.
710 2334 756 2363 uia
769 2344 823 2362 non
837 2333 889 2361 ad-

180 2369 296 2406 jectum
321 2372 379 2401 est,
400 2373 512 2406 praeter
536 2371 632 2400 album
659 2382 695 2400 co
709 2382 802 2407 orem,
825 2371 891 2410 qui-

187 2416 254 2435 nam
284 2406 361 2435 alius
386 2405 470 2435 color
499 2408 597 2438 fuerit.
617 2410 698 2439 albas
720 2411 847 2440 macula-s
862 2411 892 2438 in

187 2444 344 2484 praecipua
362 2444 463 2483 aliqua
486 2448 621 2484 corporis
645 2452 730 2487 parte
745 2449 892 2479 declarari

187 2488 273 2521 puta,
294 2484 323 2512 in
347 2484 487 2521 pedibus,
512 2495 588 2523 quos
621 2487 742 2525 poetica
776 2488 891 2517 ratione

183 2522 274 2559 primi
292 2522 414 2560 vestiyia
441 2523 525 2561 pedis
550 2523 640 2559 dixit,
662 2530 692 2554 et
720 2526 750 2555 in
783 2527 891 2555 fronte.

190 2561 277 2594 Sunt,
297 2561 349 2599 qui
376 2565 494 2599 putent,
516 2562 682 2592 Homerum
707 2565 746 2594 ΙΙ.
771 2569 805 2599 ψ,
835 2565 893 2593 k153

191 2600 291 2637 poe'tae
305 2604 370 2628 ante
384 2600 486 2629 oculos
501 2601 704 2631 fuisse-568
714 2604 813 2633 Atiam
824 2613 893 2641 gen-

189 2641 250 2665 tem
273 2639 448 2667 memoravit
474 2644 598 2678 propter
629 2640 741 2674 Atiam,
763 2642 894 2680 Augusti

192 2680 326 2704 matrem.
350 2687 378 2705 v.
399 2678 485 2707 Serv.
511 2684 540 2707 et
564 2679 600 2707 ad
625 2689 693 2707 eum
718 2681 840 2709 Burm.:
862 2681 896 2708 it.

194 2714 302 2758 {le-ina
314 2715 349 2744 ad
365 2715 395 2745 h.
407 2716 427 2744 1.
441 2717 478 2745 cf.
501 2718 548 2746 vel
570 2719 653 2747 Suet.
671 2718 820 2748 Octav.4.
836 2718 896 2748 La-

191 2757 246 2781 ιυιι
280 2754 378 2793 simpl.
404 2765 459 2793 pro
490 2757 643 2792 Romanis,
677 2761 709 2786 ut
744 2767 826 2796 saepe
861 2757 897 2787 al.

920 1752 1066 1782 Heinsius
1081 1760 1117 1781 eo
1134 1751 1235 1785 refert,
1257 1750 1337 1789 quod
1353 1748 1415 1778 Atii
1427 1747 1530 1778 Aricia
1544 1751 1628 1777 erant

921 1791 1049 1820 oriundi.
1090 1790 1198 1828 Neque
1213 1794 1325 1819 temere
1338 1788 1389 1817 illa
1403 1788 1538 1825 adjecta:
1555 1797 1628 1825 pue-

920 1840 1010 1868 roque
1033 1839 1106 1867 puer
1119 1829 1238 1857 dilectus
1256 1828 1334 1861 Iulo,
1356 1832 1389 1855 ut
1399 1828 1461 1864 jam
1477 1829 1539 1854 turn
1558 1835 1627 1854 con-

919 1868 1082 1906 junctionis
1104 1868 1180 1896 inter
1200 1866 1301 1896 Atiam
1323 1869 1355 1894 et
1376 1865 1486 1894 Juliam
1511 1868 1628 1902 gentem

923 1913 1062 1945 tanquam
1078 1907 1191 1935 semina
1206 1905 1302 1944 prima
1316 1906 1400 1942 jacta
1421 1904 1631 1932 essem—572

924 1946 999 1975 Esse
1027 1956 1042 1974 e
1066 1945 1234 1974 Graecismo
1253 1943 1402 1972 abundat:
1424 1947 1490 1970 ὸῶκε
1515 1944 1630 1975 ξεινήϊον

926 1985 1006 2019 εἶναι,
1019 1988 1048 2013 et
1063 1983 1100 2012 al.
1122 1983 1273 2013 Sidonium
1288 1991 1401 2020 equum,
1417 1981 1518 2010 dicere
1533 1979 1632 2023 potuit

927 2024 1027 2057 etiam,
1048 2023 1099 2060 qui
1115 2033 1154 2051 ex
1167 2022 1271 2051 Africa
1285 2024 1376 2049 esset.
1416 2019 1494 2048 Nam
1508 2019 1630 2047 Phoem-

926 2062 988 2091 cios
1003 2071 1096 2099 equos
1115 2071 1173 2089 non
1195 2059 1316 2089 memini
1333 2057 1556 2087 nesrath—573
1576 2056 1632 2085 Ce-

927 2106 991 2130 tera
1008 2099 1179 2129 Trinacriis.
1193 2098 1326 2128 Provide
1340 2097 1406 2125 haec
1422 2096 1540 2133 adjecta
1554 2098 1633 2123 sunt.

928 2141 1056 2169 Poterat
1070 2139 1146 2167 enim
1159 2136 1264 2175 quaeri,
1286 2135 1365 2163 nude
1379 2134 1517 2170 Trojanis
1533 2133 1631 2162 classe

930 2177 1075 2211 advectis,
1096 2177 1124 2205 in
1141 2175 1246 2213 primis.
1262 2184 1297 2204 ea
1309 2177 1409 2207 aetate‚
1424 2177 1469 2201 tot
1479 2172 1548 2210 equi
1560 2181 1632 2215 sup-

928 2216 1178 2256 petierint.—5S5
1192 2213 1322 2252 pauidos.
1362 2211 1504 2240 Servius:
1527 2210 1633 2248 glorlae

929 2255 1095 2293 cupiditate
1110 2253 1268 2285 sollicitos,
1281 2255 1315 2279 ut
1329 2250 1381 2278 III
1395 2250 1450 2279 Ge.
1465 2250 1523 2278 106
1535 2249 1634 2277 Corda

925 2304 1018 2333 pavor
1028 2292 1161 2332 pulsans·
1175 2292 1213 2320 cf.
1254 2289 1346 2318 Silius
1366 2288 1460 2322 XVI,
1479 2289 1550 2318 431.
1563 2288 1632 2316 514.

930 2333 1096 2362 570.--576
1121 2335 1312 2367 veterumque,
1351 2337 1464 2361 senum,
1498 2332 1634 2355 παλαιῶν.

931 2372 1007 2401 Mox
1027 2380 1078 2400 eos
1101 2369 1199 2407 cogita
1224 2368 1314 2404 longo
1338 2366 1440 2395 ordine
1460 2365 1635 2395 incedentes

932 2419 1072 2448 campum
1088 2409 1117 2437 in
1134 2408 1236 2436 orbem
1251 2405 1374 2434 obiisse.

969 2450 1027 2477 580
1045 2458 1089 2486 sq.
1109 2456 1198 2485 pares
1212 2445 1288 2478 loco,
1310 2443 1416 2472 ordine
1431 2443 1546 2477 eodem,
1567 2451 1635 2479 sup.

932 2498 960 2516 v.
975 2487 1051 2516 114:
1074 2485 1166 2514 ternis
1193 2482 1320 2512 diversis
1341 2481 1459 2515 turmis,
1478 2491 1553 2521 quas
1567 2481 1634 2509 cho-

932 2536 982 2555 ros
1002 2517 1142 2564 aphellat.
1162 2522 1339 2557 discedunt3
1359 2524 1410 2549 aut
1430 2521 1507 2551 terni
1525 2520 1636 2558 quique

933 2564 1121 2593 incesserunt
1135 2561 1177 2590 ita
1190 2565 1223 2589 ut
1238 2559 1398 2589 duodecim
1422 2563 1522 2589 essent
1536 2563 1634 2601 cater-

936 2613 993 2637 vae,
1007 2602 1097 2630 trium
1113 2608 1298 2638 unaquaeque
1330 2607 1469 2626 uerorum
1480 2609 1486 2634 ;
1499 2607 1570 2626 mox
1579 2600 1635 2624 ite-

934 2651 999 2670 rum
1014 2641 1131 2673 coeunt,
1151 2637 1255 2672 vocati,
1269 2647 1285 2666 a
1322 2636 1441 2665 acibus.
1462 2636 1566 2674 insessa
1580 2633 1637 2661 tela

935 2679 1036 2714 tulere,
1058 2682 1091 2707 ut
1106 2676 1179 2707 alias
1187 2678 1271 2715 ferre
1286 2675 1370 2714 siqua
1389 2675 1506 2712 infesta,
1526 2673 1636 2701 inferre

936 2718 984 2747 vel
1000 2722 1111 2751 tenere,
1130 2716 1250 2751 habere,
1271 2714 1514 2753 gerere.--Mox.
1530 2721 1560 2739 v.
1581 2711 1639 2754 5831

938 2757 1066 2787 adversis
1079 2754 1192 2795 spatii-s,
1213 2754 1242 2784 h.
1257 2764 1283 2784 e.
1305 2752 1414 2792 quibus
1435 2751 1494 2791 ipsi
1510 2751 1639 2783 adversi,

1335 2797 1358 2829 4
