1796 3077
471 467 533 522 P.
576 463 928 519 VIRGILII
969 463 1345 518 MARONIS

555 613 654 680 AE
749 613 823 680 N
890 613 958 680 E
1035 613 1083 680 Ι·
1151 612 1247 678 S.

613 777 840 821 LIBER
884 777 1184 820 PRIMUS.

800 917 995 946 -ο-

686 1027 1108 1067 ARGUMENTUM.

217 1145 350 1185 Tuom
379 1154 500 1197 capta,
531 1145 682 1192 AEneas,
713 1146 894 1185 Anchisae
922 1156 960 1185 et
982 1146 1143 1184 Veneris
1166 1145 1275 1190 filius,
1302 1158 1387 1183 cnm
1408 1143 1545 1182 erroris
1569 1143 1628 1181 sui

167 1211 265 1236 anno
298 1201 461 1250 septimo
495 1213 560 1250 per
592 1213 696 1237 mare
726 1200 969 1249 Tyrrhenum
998 1214 1019 1237 a
1048 1201 1176 1239 Sicilia
1208 1200 1245 1236 in
1276 1198 1424 1237 Italiam
1461 1197 1627 1246 navigat,

167 1252 335 1290 immissa
370 1255 418 1290 ab
450 1252 574 1297 AEolo,
600 1266 691 1302 rege
710 1262 923 1298 ventorum,
944 1263 1081 1303 rogatu
1099 1252 1122 1289 J
1127 1253 1271 1296 unoniS‚
1292 1251 1516 1302 gravissima
1529 1259 1626 1287 tem-

166 1314 314 1354 pestate
332 1306 380 1343 ad
401 1306 589 1356 Libycum
609 1306 699 1343 litus
719 1306 923 1356 adpellitur
946 1309 1125 1351 1—1583
1155 1317 1192 1345 et
1219 1319 1394 1356 egressus
1420 1305 1459 1341 in
1475 1312 1627 1349 terram,

166 1366 311 1408 septem
331 1359 473 1408 ingenti
493 1359 755 1408 magnitudine
775 1372 907 1397 cervos
926 1360 1073 1409 sagittis
1088 1359 1306 1410 prosternit,
1327 1357 1571 1407 singulosque
1590 1356 1628 1393 in

166 1410 335 1460 singulas
366 1425 480 1449 naves
508 1411 584 1461 (tot
614 1413 713 1449 enim
743 1425 792 1449 ex
817 1413 989 1463 dispersa
1019 1412 1139 1451 classe
1170 1411 1395 1461 collegerat)
1425 1410 1625 1459 aequaliter

168 1463 387 1509 distribuit3
416 1465 539 1502 socios
562 1465 712 1510 deinde,
738 1465 862 1515 longis
876 1466 957 1516 jam
977 1467 1169 1505 erroribus
1189 1466 1379 1514 fatigatos,
1402 1477 1468 1514 spe
1487 1463 1628 1500 futurae

167 1517 304 1564 quietis
323 1517 373 1554 ad
393 1517 644 1562 tolerandum,
666 1518 769 1567 quod
798 1519 987 1568 reliquum
1013 1529 1112 1557 esset
1137 1519 1289 1563 laboris,
1321 1518 1627 1554 hortatur—222

165 1569 267 1606 Tum
300 1569 431 1607 Venus
461 1571 593 1608 AEneae
621 1571 679 1608 sui
703 1571 1034 1621 Trojanorumque
1063 1585 1216 1611 causam
1248 1571 1350 1621 apud
1374 1570 1511 1607 Jovem
1534 1569 1628 1618 agit,

167 1623 414 1673 omniumque
433 1624 693 1661 calamitatum
714 1624 863 1662 illarum
886 1625 1035 1675 culpam
1055 1625 1078 1663 J
1083 1626 1199 1664 unoni
1221 1624 1412 1668 attribuit3
1439 1623 1541 1660 unde
1559 1622 1581 1658 J
1586 1636 1629 1659 u-

168 1676 282 1724 piter,
300 1686 465 1714 reserata
484 1677 647 1714 fatorum
667 1678 775 1722 serie,
796 1692 862 1728 spe
881 1677 1001 1716 felicis
1021 1679 1252 1728 posteritatis
1272 1677 1529 1728 potentiaeque
1548 1675 1628 1712 Ro-

170 1742 368 1767 manorum
388 1730 558 1768 dolorem
579 1730 668 1766 flliae
685 1731 1046 1768 consolatur—304.
1082 1732 1203 1783 Cujus
1219 1731 1389 1769 oratione
1407 1728 1630 1768 confirmata

170 1781 315 1827 Venus,
337 1783 482 1826 AEneae,
495 1782 665 1819 locorum
681 1783 813 1831 ignaro
832 1792 869 1820 et
884 1784 1130 1833 explorandae
1153 1785 1319 1835 regionis
1346 1797 1458 1821 causa
1476 1790 1629 1832 postero

170 1834 230 1871 die
252 1836 325 1872 huc
343 1834 432 1872 illuc
457 1835 659 1879 oberranti,
693 1848 776 1872 sese
804 1836 956 1873 obviam
980 1839 1138 1885 praebet,
1159 1851 1274 1875 naves
1296 1837 1486 1887 dispersas
1505 1835 1629 1872 salvas

171 1901 254 1924 esse
269 1888 430 1932 nuntiat,
450 1887 691 1936 ostenditque
710 1901 785 1924 non
798 1888 929 1938 procul
950 1889 1051 1926 illinc
1066 1892 1196 1927 abesse
1212 1890 1493 1938 Carthaginem,
1513 1900 1627 1936 quam

172 1948 261 1976 tunc
279 1940 315 1976 in
335 1940 379 1976 iis
395 1940 487 1977 locis
503 1940 690 1977 condebat
710 1941 813 1978 Dido
834 1944 978 1978 409—.
1048 1942 1187 1980 AEneas
1208 1943 1346 1991 itaque,
1362 1942 1492 1978 matris
1512 1941 1625 1976 bene-

171 1992 256 2030 ficio
270 2005 361 2030 cava
380 1994 479 2030 nube
498 1993 657 2038 cinctus,
677 2006 753 2030 una
772 2007 857 2031 cum
877 1994 1024 2032 Achate
1042 1995 1309 2045 Carthaginem
1324 1993 1544 2043 ingreditur,
1562 1994 1629 2030 ubi

170 2054 209 2082 et
245 2046 367 2083 socios
402 2046 527 2083 salvos
564 2046 749 2096 comperit
781 2055 818 2084 et
851 2061 874 2085 a
909 2048 1062 2086 Didone
1098 2049 1261 2098 benigne
1293 2047 1625 2096 excipitur—656.

172 2098 303 2135 Venus
325 2107 465 2142 tamen,
495 2099 597 2148 quod
622 2113 745 2149 neque
764 2099 932 2137 Junonio
958 2101 1124 2152 hospitio
1153 2113 1277 2150 neque
1302 2100 1477 2137 muliebri
1497 2100 1627 2137 incon-

172 2152 321 2189 stantiae
341 2152 431 2189 satis
452 2152 604 2197 fidebat,
626 2153 750 2202 sopito
767 2153 805 2190 in
824 2153 957 2190 Idaliae
972 2154 1067 2192 lucis
1087 2154 1265 2198 Ascanio,
1285 2154 1349 2203 qui
1369 2167 1390 2190 a
1409 2153 1569 2190 navibus
1589 2153 1627 2190 in

174 2205 391 2242 convivium
411 2207 684 2250 arcessebatur,
713 2219 783 2256 pro
807 2219 851 2243 eo
871 2205 1098 2257 Cupidinem
1119 2207 1326 2251 substituit,
1348 2206 1411 2255 qui
1432 2207 1529 2243 inter
1547 2219 1624 2243 am-

169 2257 306 2307 plexus
322 2266 360 2295 et
379 2258 508 2296 oscula
526 2258 685 2296 latenter
706 2259 846 2309 reginae
866 2273 1031 2297 amorem
1052 2261 1208 2312 inspirat
1226 2260 1369 2297 AEneae.

171 2365 194 2402 I
197 2365 243 2402 lle
262 2379 340 2416 eg0‚
356 2368 416 2417 qni
433 2368 611 2419 quondam
628 2368 766 2419 gracili
785 2368 988 2405 modulatas
1002 2383 1117 2407 avena

176 2419 345 2464 Carmen,
365 2427 409 2464 ct,
430 2436 596 2472 egressus
612 2422 723 2466 silvis,
744 2422 862 2459 vicina
878 2423 992 2472 coegi,

179 2471 239 2516 Ut,
261 2474 422 2522 quamvis
442 2475 559 2519 αυιῗᾶο,
576 2481 750 2525 parerent
770 2489 861 2512 arva
880 2476 1029 2519 col0›zo;

173 2524 328 2562 Gratim
343 2540 431 2575 opus
447 2529 626 2578 agricolis
643 2542 653 2564 :
684 2535 723 2565 at
743 2542 834 2565 nunc
852 2528 1038 2566 horrentia
1059 2529 1201 2567 llffartis

211 2643 240 2687 ᾼ
260 2644 389 2673 carmine
409 2645 545 2675 bucolico
560 2650 590 2675 et
610 2647 750 2685 georgico
773 2648 810 2676 nd
832 2648 881 2676 he·
924 2647 1008 2677 Bene
1022 2653 1131 2682 autern,
1144 2648 1275 2677 oratione
1287 2651 1346 2676 tam
1359 2647 1445 2686 longa
1459 2646 1623 2684 interjecta,

174 2691 287 2711 micum
311 2691 343 2710 se
369 2685 534 2721 procedere
555 2686 715 2721 significat,
744 2686 880 2724 quisquis
921 2692 1038 2724 poterat
1055 2687 1172 2716 illudat
1191 2688 1220 2715 in
1243 2686 1367 2724 apodosi
1389 2686 1519 2723 praefigi,
1543 2687 1623 2724 quod

173 2721 227 2748 hos
256 2730 360 2750 versus
388 2723 522 2760 scripSIt.
562 2724 717 2753 Sententia
742 2725 877 2763 integra:
921 2726 1011 2754 toties
1027 2727 1135 2754 sactum
1151 2726 1305 2759 videmus3
1326 2726 1406 2762 quod
1427 2725 1502 2753 adeo
1521 2735 1624 2763 repre-

173 2758 228 2788 Ille
249 2769 413 2798 eqo—-uunc
434 2761 462 2790 h.
476 2761 523 2791 Μ.
541 2772 623 2791 arma
637 2764 783 2802 virumque
797 2774 877 2793 cano.
918 2764 1021 2800 hendi,
1038 2769 1088 2794 aut
1104 2764 1175 2793 acin
1188 2768 1214 2792 et
1230 2764 1336 2792 mutari
1352 2763 1452 2793 nolim.
1495 2764 1623 2802 Reliqua

567 2806 588 2838 G
