1796 3077
198 249 293 295 562

634 242 680 281 Ρ.
710 240 942 278 V1RG1L11
972 241 1222 281 MARONIS

200 363 345 419 Atque
366 366 523 407 animos
544 371 690 420 aptent
709 366 847 414 armis,
867 377 1107 418 pugnaeque
1127 369 1278 417 parent
1297 379 1355 405 se.

201 420 382 476 Jamque
402 423 443 463 in
463 429 693 476 conspectu
714 421 907 463 Teucros
927 420 1058 461 habet
1078 428 1120 460 et
1141 434 1216 460 sua
1235 429 1382 470 castra,

1557 419 1643 460 260

202 478 328 519 Stans
349 478 459 519 celsa
479 479 521 518 in
540 480 699 533 puppi:
732 478 912 533 clipeum
932 492 1060 531 quum
1081 476 1234 517 deinde
1256 477 1420 518 sinist-ra

200 534 368 575 Extulit
383 535 612 576 ardentem.
674 535 909 577 Clamorem
926 534 979 574 ad
1001 534 1138 575 sidera
1157 532 1308 574 tollunt

200 591 463 632 Dardanidae
484 607 506 632 e
527 592 655 633 muris
673 611 683 643 ;
715 607 811 647 spes
832 592 978 633 addita
991 591 1164 632 suscitat
1184 590 1290 640 iras3

200 647 308 689 Tela
320 663 446 689 manu
459 649 638 703 jaciunt.

697 648 860 696 Quales
881 649 959 689 sub
976 648 1159 689 nubibus
1180 647 1281 688 atris

200 705 450 758 Strymoniae
471 706 574 747 dant
593 707 712 761 signa
732 721 871 761 grues,
893 712 1019 759 atque
1040 705 1198 746 aethera
1218 710 1385 745 tranant

1560 701 1643 742 5265

199 761 308 802 Cum
328 763 479 812 sonitu,
500 762 750 818 fugiuntque
770 769 892 804 notos
912 761 1092 803 clamore
1114 762 1314 803 secundo.

198 817 260 859 At
281 818 445 860 Rutulo
464 820 554 874 regi
574 820 837 874 ducibusque
859 834 909 860 ea
929 820 1032 859 mira
1050 819 1182 859 videri

198 875 422 926 Ausoniis3
455 877 589 918 donec
611 892 751 918 versas
767 877 819 917 ad
839 876 961 917 litora
982 890 1147 930 puppes

199 931 467 986 Respiciunt,
485 941 703 988 totumque
720 933 845 975 allabi
865 933 1067 974 classibus
1089 947 1246 986 aequor.

197 988 338 1030 Ardet
359 1004 468 1044 apex
489 992 628 1044 capiti,
651 991 872 1044 cristisque
893 1005 916 1030 a
936 990 1092 1030 vertice
1111 989 1277 1029 flamma

1562 984 1646 1025 270

199 1045 423 1096 Funditur,
445 1055 487 1088 et
509 1055 648 1088 vastos
669 1048 797 1088 umbo
819 1046 946 1087 vomit
966 1060 1118 1086 aureus
1137 1046 1276 1099 ignes:

197 1102 301 1143 Non
317 1118 450 1152 secus,
472 1119 520 1145 ac
540 1103 699 1158 liquida
721 1104 755 1144 si
768 1103 938 1158 quando
959 1109 1082 1144 nocte
1103 1109 1278 1142 cometae

199 1160 428 1214 Sanguinei
447 1160 627 1215 lugubre
649 1162 816 1210 rubent,
837 1167 910 1200 aut
927 1160 1059 1200 Sirius
1076 1159 1201 1199 ardor
1218 1175 1227 1199 :

195 1215 272 1257 Ille
294 1218 402 1257 sitim
421 1219 674 1271 morbosque
694 1218 832 1258 ferens
852 1215 1097 1256 mortalibus
1117 1215 1252 1269 aegris,

195 1272 411 1322 Nascitur,
431 1281 473 1314 et
493 1273 597 1314 laevo
616 1275 835 1314 contristat
855 1272 1010 1313 lumine
1028 1271 1196 1312 coelum.

252 1329 383 1370 Haud
404 1337 543 1370 tamen
562 1331 713 1371 audaci
732 1330 881 1370 Turno
901 1329 1060 1369 fiducia
1079 1328 1204 1369 cessit

198 1386 346 1427 Litora
366 1387 610 1440 praecipere,
631 1394 674 1427 et
694 1387 907 1426 venientes
930 1384 1086 1438 pellere
1107 1390 1232 1424 terra.

234 1507 291 1535 281
307 1505 406 1544 Clipei
420 1516 437 1534 a
457 1506 591 1535 Vulcano
606 1506 677 1535 faeti
688 1509 856 1544 opportuna
869 1505 902 1534 fit

195 1545 428 1573 mentio—264.
442 1545 501 1574 266
526 1545 575 1574 Ad
589 1545 749 1573 clamorem
765 1548 902 1583 spectare

196 1584 448 1621 comparationem
472 1583 500 1612 h.
513 1583 533 1611 l.
548 1588 628 1612 recte
647 1588 746 1612 monet
766 1583 901 1612 Servius.

195 1623 367 1651 Clamorem
387 1622 508 1655 tollunt,
533 1623 651 1660 qualem
675 1632 764 1659 grues
788 1622 817 1651 in
839 1622 902 1651 dis-

195 1670 304 1691 cessu:
340 1670 394 1698 pro
421 1671 479 1699 quo
503 1661 593 1696 dixit,
614 1659 713 1700 quales
732 1661 802 1689 dant
821 1661 904 1698 siqua

190 1710 290 1738 yrues.
334 1699 413 1728 Nam
453 1700 650 1737 Trojanorum
680 1700 902 1728 multitudinem

195 1739 356 1776 designare
371 1748 428 1766 non
440 1742 551 1776 potest,
569 1744 602 1767 ut
614 1739 672 1773 VI,
687 1740 746 1767 310
760 1748 818 1776 sq.‚
835 1748 902 1767 cum

196 1777 307 1815 singuli
318 1777 345 1805 in
355 1777 447 1806 inuris
461 1781 551 1811 stent,
560 1787 614 1806 non
626 1777 740 1815 agmine
751 1777 903 1812 incedant,

193 1817 289 1844 multo
303 1815 400 1844 minus
413 1816 540 1844 telorum
552 1816 678 1854 copiam.
708 1817 808 1844 Dueta
821 1825 903 1844 com-

193 1854 308 1892 paratio
323 1855 362 1882 de
378 1854 511 1882 Homero
524 1854 563 1882 Il.
574 1868 601 1889 γ,
617 1855 634 1883 3
650 1865 733 1892 sqq.3
749 1864 801 1882 nec
815 1854 902 1882 dubi-

195 1898 226 1922 to
253 1893 384 1931 poetam,
411 1892 480 1930 quia
505 1892 625 1921 nubibus
651 1895 725 1921 atris
750 1893 903 1930 apposuit,

195 1932 233 1960 de
248 1931 329 1959 abitu
344 1940 449 1968 gruum
462 1931 490 1958 iu
503 1930 660 1959 calidiores
675 1931 791 1969 plagas,
801 1930 902 1968 ingru-

195 1973 263 1998 ente
278 1969 385 2002 hieme,
409 1969 572 2006 cogitasse.
586 1980 614 1997 v.
629 1969 664 1997 ad
681 1969 750 1998 [En.
767 1969 819 2002 vl,
835 1971 903 1998 310.

196 2008 261 2036 Nec
273 2008 360 2036 aliter
374 2007 526 2036 Homerus
542 2008 562 2036 l.
578 2018 604 2036 c.
626 2008 694 2036 Non
714 2017 786 2037 vero
800 2009 837 2036 ad
850 2009 904 2036 im-

195 2047 279 2075 brem
307 2046 468 2074 instantem
494 2047 646 2075 evolantes
675 2057 764 2085 grues
795 2048 851 2076 Ge.
876 2047 904 2080 I,

194 2086 264 2114 37⁴.
279 2086 347 2113 375.
361 2085 419 2113 huc
443 2084 537 2113 traho.
579 2085 686 2123 Itaque
701 2095 731 2113 v.
754 2086 823 2114 2615.
843 2086 905 2114 noti

195 2133 251 2162 pro
273 2123 498 2161 quibuscunque
514 2124 613 2152 ventis
637 2124 766 2152 hibernis
788 2134 822 2152 ac
836 2124 903 2162 plu-

195 2162 254 2191 viis
269 2162 342 2190 dicti
369 2162 659 2200 sunt.—d(1›ztsiyna
686 2163 786 2200 simpl.
812 2164 905 2192 edunt

194 2202 373 2236 clamorem3
394 2204 540 2239 quatenus
554 2201 578 2229 is
598 2211 653 2239 pro
675 2201 759 2240 signo
779 2205 837 2236 est,
852 2211 904 2231 eos

198 2240 302 2268 volatu
327 2239 445 2274 adesse,
462 2239 509 2267 vel
530 2240 622 2268 abire.
665 2240 783 2268 Clamor
804 2251 903 2268 secun-

196 2278 260 2311 dus,
273 2279 373 2313 lamus,
387 2282 420 2306 ut
435 2277 506 2306 alibi
521 2280 904 2317 quoque.—2ti9totumque

194 2317 283 2345 allabi
303 2316 443 2344 classibus
465 2327 575 2355 (equor.
616 2318 716 2346 Docte
737 2318 775 2346 de
800 2327 904 2354 magna

197 2356 316 2384 navium
340 2355 437 2393 copia,
459 2356 494 2383 nd
514 2355 696 2384 Rutulorum
716 2356 903 2393 phantasiam

197 2398 228 2421 et
243 2395 277 2422 ad
295 2394 480 2422 mirationem
491 2394 654 2422 faciendam
670 2394 904 2423 accommodate.

198 2432 326 2469 Vulgari
341 2433 483 2465 oratione,
496 2432 602 2460 classis
620 2432 760 2460 allabitur
777 2432 836 2461 late
849 2442 903 2470 per

196 2473 291 2498 totuin
319 2481 411 2499 mare.
464 2471 553 2499 Nunc
576 2481 657 2499 mare
677 2471 787 2508 ipsum,
816 2481 903 2508 quam

197 2509 283 2546 longe
310 2513 488 2546 prospectus
510 2514 604 2546 patet,
631 2510 758 2538 navibus
780 2514 903 2543 tectum,

199 2547 320 2575 videtur
342 2548 461 2575 allluere
489 2549 527 2576 ad
552 2548 648 2583 lith,
675 2558 741 2576 cum
756 2548 905 2577 classibus.

199 2586 265 2614 Nec
278 2585 364 2613 aliter
377 2586 705 2616 Servius.-270—275
721 2588 768 2615 De
788 2597 904 2615 summo

197 2633 346 2653 armornm
376 2623 491 2658 AEnea‘,
518 2635 584 2663 qnae
610 2635 627 2653 a
657 2626 789 2654 Vulcano
821 2631 902 2655 erant

199 2665 288 2696 facta,
300 2661 458 2699 splendore
474 2664 661 2701 cogitandum
677 2668 734 2698 est,
749 2674 835 2703 quein
848 2674 903 2703 per

197 2703 292 2739 ignem
308 2704 333 2727 et
346 2701 489 2729 (lammam
503 2702 587 2730 roddi
605 2703 734 2732 sollenne
750 2708 805 2732 est.
836 2703 899 2732 Ho-

942 1515 1044 1535 merus
1062 1516 1134 1535 vero
1149 1505 1245 1544 ipsam
1260 1506 1406 1534 flammam
1421 1505 1503 1534 exire
1517 1503 1589 1533 fecit
1601 1514 1647 1534 ar·

941 1545 1007 1574 mis.
1030 1545 1124 1573 Plura
1133 1549 1200 1574 sunt
1215 1545 1378 1574 Homerica
1390 1544 1464 1578 loca,
1479 1553 1545 1582 quae
1561 1544 1648 1572 Maro

942 1588 1010 1612 ante
1036 1583 1137 1612 oculos
1158 1583 1273 1618 habuit,
1294 1583 1423 1622 primum
1439 1582 1649 1621 splendidissi—

942 1632 1020 1650 mum
1034 1622 1117 1651 illum
1140 1622 1178 1651 de
1202 1622 1348 1651 Diomede
1368 1621 1407 1650 Il.
1429 1635 1454 1655 e,
1475 1621 1546 1656 47,
1560 1631 1649 1659 quem

943 1661 1071 1689 variavit
1094 1661 1122 1689 in
1147 1661 1264 1690 Achille
1279 1661 1368 1690 Iliad.
1381 1674 1409 1694 σ,
1423 1660 1588 1689 205-214.
1601 1660 1651 1689 Ad

943 1699 1019 1728 linnc
1034 1700 1221 1737 potissimum
1236 1699 1408 1738 respexisse
1418 1699 1566 1737 putandus
1582 1699 1651 1727 Ma·

943 1748 987 1767 ro.
1019 1740 1244 1776 Comparandus
1259 1748 1377 1777 quoque
1392 1738 1468 1772 VII,
1483 1738 1650 1768 785—788.

944 1777 1019 1805 Mox
1036 1788 1064 1807 v.
1079 1778 1146 1806 272.
1161 1778 1411 1815 comparationem
1421 1781 1533 1805 cometae
1545 1776 1583 1805 de
1596 1786 1650 1805 suo

944 1816 1054 1853 adjecit
1069 1817 1174 1845 Maro:
1196 1827 1262 1845 nam
1283 1817 1322 1845 ll.
1337 1817 1486 1850 ‹3‚75—77
1500 1816 1537 1844 de
1552 1815 1649 1844 stellae

943 1855 1118 1890 trajectione
1133 1856 1205 1893 agit,
1215 1865 1271 1883 non
1282 1856 1319 1884 de
1333 1859 1459 1884 cometa.
1488 1853 1649 1890 Quomodo

942 1893 1036 1921 nostri
1049 1894 1148 1930 poetae
1164 1894 1315 1923 excellere
1327 1898 1356 1922 et
1371 1903 1513 1931 superare
1533 1893 1650 1930 possint

945 1936 1074 1965 veteres,
1083 1933 1256 1970 exemplum
1268 1939 1333 1962 esto
1341 1933 1396 1961 hoc
1406 1931 1650 1961 MiltoniParad.

943 1969 1016 1998 Lost
1031 1970 1082 1998 lib.
1097 1971 1143 2004 ΙΙ,
1157 1973 1215 2000 708
1231 1981 1308 2010 sqq.‚
1323 1971 1373 1999 ubi
1397 1966 1537 1998 cometen
1554 1980 1647 1999 exus-

944 2012 1006 2036 tum
1022 2009 1083 2046 igni
1097 2013 1128 2038 et
1144 2011 1180 2038 ab
1193 2009 1349 2047 Ophiucho
1363 2012 1549 2037 consumtum
1566 2008 1648 2037 flam-

944 2056 1025 2075 mare
1046 2052 1075 2075 et
1101 2057 1184 2076 coma
1212 2057 1320 2085 quassa
1340 2050 1455 2085 pestem
1481 2051 1511 2076 et
1538 2048 1647 2076 samem

943 2084 1104 2114 immittere
1125 2086 1209 2114 dicit.
1261 2086 1323 2115 Sed
1343 2086 1413 2114 sirii
1431 2095 1484 2114 seu
1504 2086 1648 2116 caniculae

942 2124 1125 2161 comparatio
1140 2128 1203 2153 tota
1230 2125 1359 2153 debetur
1378 2124 1533 2156 Homero:
1562 2125 1600 2154 Il.
1618 2139 1648 2161 χ,

942 2163 1057 2191 26—33
1080 2163 1119 2190 de
1143 2163 1369 2192 Achille.-270
1390 2173 1478 2201 apex:
1502 2163 1649 2201 cogitavit

943 2202 1215 2236 Maepomconumffini
1224 2202 1316 2230 crista
1326 2202 1451 2230 inserta:
1469 2206 1500 2230 et
1510 2202 1648 2241 designat

942 2249 1017 2267 nunc
1033 2243 1125 2267 totam
1141 2241 1258 2269 omnino
1273 2241 1387 2279 galeam
1410 2251 1469 2269 aere
1489 2251 1648 2270 coruscan-

942 2279 1112 2307 tem-*272
1132 2278 1242 2318 liquida„
1254 2284 1335 2308 nocte
1345 2290 1354 2307 .·
1380 2280 1524 2308 translate
1536 2280 1573 2308 ab
1588 2290 1647 2309 aere

942 2316 1070 2354 liquido,
1089 2327 1144 2354 pro
1162 2318 1351 2348 clara—273
1361 2318 1460 2347 Sirius
1482 2322 1529 2346 est
1546 2318 1648 2355 adjec-

943 2354 1013 2383 tivae
1030 2356 1144 2385 sormae.
1171 2360 1271 2390 Σείριος
1281 2360 1378 2391 ἀστὴρ,
1393 2356 1647 2386 undeh.l.Sirius

942 2394 1042 2428 ardor,
1055 2404 1109 2432 pro
1117 2395 1183 2432 ipsa
1193 2396 1290 2424 stella.
1317 2396 1372 2424 Ille
1388 2395 1525 2428 nascitur,
1540 2395 1646 2429 oritur,

934 2433 1047 2469 ferens,
1064 2434 1092 2461 h.
1106 2444 1130 2462 e.
1146 2438 1213 2463 ortu
1230 2444 1283 2463 suo
1299 2434 1348 2464 ille
1370 2435 1457 2463 affert
1473 2432 1551 2461 sitim
1569 2443 1646 2462 mor-

943 2471 1057 2509 bosque,
1079 2472 1200 2501 nimium
1222 2476 1328 2502 aestum
1349 2477 1379 2502 et
1397 2472 1504 2500 febres.
1518 2471 1646 2509 Adjecta

943 2509 1007 2538 liaec
1021 2511 1056 2538 ad
1065 2511 1265 2540 exornandam
1278 2516 1308 2540 et
1320 2510 1553 2549 amplificandam
1562 2521 1645 2539 com-

943 2549 1135 2586 parationem,
1155 2560 1193 2578 ex
1210 2560 1290 2578 more
1303 2551 1401 2587 poetae
1416 2549 1453 2576 ad
1474 2550 1646 2587 exemplum

945 2587 1179 2616 linwert—275
1196 2588 1265 2617 Ioevo
1279 2587 1390 2622 lamine,
1405 2586 1507 2621 noxio,
1527 2592 1560 2617 ut
1574 2589 1646 2626 iufe-

941 2625 992 2654 lix.
1015 2626 1167 2656 contristat
1186 2627 1295 2659 coelnm,
1316 2635 1419 2661 magna
1438 2636 1505 2654 cum
1526 2627 1568 2661 vi,
1588 2636 1643 2665 pro

941 2665 1048 2702 fulget,
1069 2666 1124 2694 sed
1135 2665 1233 2695 tristia
1245 2665 1436 2702 portendens.

979 2705 1038 2733 :576
1049 2704 1135 2734 litora
1154 2703 1320 2743 proecipere‚
1345 2707 1411 2732 unte
1425 2713 1541 2740 capere,
1557 2713 1644 2732 oceu-
