<?xml version="1.0" encoding="UTF-8"?>
<!DOCTYPE html PUBLIC "-//W3C//DTD XHTML 1.0 Transitional//EN"
    "http://www.w3.org/TR/xhtml1/DTD/xhtml1-transitional.dtd">
<html xmlns="http://www.w3.org/1999/xhtml" xml:lang="en" lang="en">
 <head>
  <title>
</title>
<meta http-equiv="Content-Type" content="text/html;charset=utf-8" />
  <meta name='ocr-system' content='tesseract 3.04.00' />
  <meta name='ocr-capabilities' content='ocr_page ocr_carea ocr_par ocr_line ocrx_word'/>
</head>
<body>
  <div class='ocr_page' id='page_1' title='image "./operahey00virguoft_0663.png"; bbox 0 0 1796 3077; ppageno 0'>
   <div class='ocr_carea' id='block_1_1' title="bbox 610 226 1621 278">
    <p class='ocr_par' dir='ltr' id='par_1_1' title="bbox 610 226 1621 278">
     <span class='ocr_line' id='line_1_1' title="bbox 610 226 1621 278; baseline 0.006 -14"><span class='ocrx_word' id='word_1_1' title='bbox 610 226 880 265; x_wconf 85' lang='lat' dir='ltr'><strong>AENEIDOS.</strong></span> <span class='ocrx_word' id='word_1_2' title='bbox 925 227 1026 264; x_wconf 90' lang='lat' dir='ltr'><strong>LIB.</strong></span> <span class='ocrx_word' id='word_1_3' title='bbox 1058 227 1151 264; x_wconf 86' lang='lat' dir='ltr'>XII.</span> <span class='ocrx_word' id='word_1_4' title='bbox 1526 232 1621 278; x_wconf 84' lang='lat'><strong>655</strong></span> 
     </span>
    </p>
   </div>
   <div class='ocr_carea' id='block_1_2' title="bbox 166 344 1342 458">
    <p class='ocr_par' dir='ltr' id='par_1_2' title="bbox 166 344 1342 458">
     <span class='ocr_line' id='line_1_2' title="bbox 166 344 1254 401; baseline 0.002 -16"><span class='ocrx_word' id='word_1_5' title='bbox 166 344 287 386; x_wconf 85' lang='lat' dir='ltr'><strong>Mille</strong></span> <span class='ocrx_word' id='word_1_6' title='bbox 309 345 416 401; x_wconf 85' lang='lat' dir='ltr'><strong>fugit</strong></span> <span class='ocrx_word' id='word_1_7' title='bbox 436 347 677 401; x_wconf 82' lang='lat' dir='ltr'><strong>refugitque</strong></span> <span class='ocrx_word' id='word_1_8' title='bbox 698 348 784 388; x_wconf 87' lang='lat' dir='ltr'><strong>vias</strong></span> <span class='ocrx_word' id='word_1_9' title='bbox 802 364 811 397; x_wconf 81' lang='lat'><em>3</em></span> <span class='ocrx_word' id='word_1_10' title='bbox 843 354 887 387; x_wconf 86' lang='lat' dir='ltr'><strong>at</strong></span> <span class='ocrx_word' id='word_1_11' title='bbox 907 347 1069 387; x_wconf 89' lang='lat' dir='ltr'><strong>vividus</strong></span> <span class='ocrx_word' id='word_1_12' title='bbox 1091 346 1254 388; x_wconf 84' lang='lat' dir='ltr'><strong>Umber</strong></span> 
     </span>
     <span class='ocr_line' id='line_1_3' title="bbox 166 401 1342 458; baseline 0.002 -16"><span class='ocrx_word' id='word_1_13' title='bbox 166 401 317 443; x_wconf 74' lang='lat' dir='ltr'><strong>Haeret</strong></span> <span class='ocrx_word' id='word_1_14' title='bbox 337 402 470 452; x_wconf 84' lang='lat' dir='ltr'><strong>hians,</strong></span> <span class='ocrx_word' id='word_1_15' title='bbox 487 404 576 457; x_wconf 80' lang='lat' dir='ltr'><strong>jam</strong></span> <span class='ocrx_word' id='word_1_16' title='bbox 589 405 763 458; x_wconf 87' lang='lat' dir='ltr'><strong>jamque</strong></span> <span class='ocrx_word' id='word_1_17' title='bbox 784 412 912 452; x_wconf 88' lang='lat' dir='ltr'><strong>tenet,</strong></span> <span class='ocrx_word' id='word_1_18' title='bbox 935 403 1161 457; x_wconf 86' lang='lat' dir='ltr'><strong>similisque</strong></span> <span class='ocrx_word' id='word_1_19' title='bbox 1183 404 1342 445; x_wconf 90' lang='lat' dir='ltr'><strong>tenenti</strong></span> 
     </span>
    </p>
   </div>
   <div class='ocr_carea' id='block_1_3' title="bbox 165 458 1172 515">
    <p class='ocr_par' dir='ltr' id='par_1_3' title="bbox 165 458 1172 515">
     <span class='ocr_line' id='line_1_4' title="bbox 165 458 1172 515; baseline 0.002 -17"><span class='ocrx_word' id='word_1_20' title='bbox 165 458 384 512; x_wconf 90' lang='lat' dir='ltr'><strong>Increpuit</strong></span> <span class='ocrx_word' id='word_1_21' title='bbox 403 459 533 509; x_wconf 87' lang='lat' dir='ltr'><strong>malis,</strong></span> <span class='ocrx_word' id='word_1_22' title='bbox 555 474 781 515; x_wconf 85' lang='lat' dir='ltr'><strong>morsuque</strong></span> <span class='ocrx_word' id='word_1_23' title='bbox 802 460 944 501; x_wconf 87' lang='lat' dir='ltr'><strong>elusus</strong></span> <span class='ocrx_word' id='word_1_24' title='bbox 965 460 1077 500; x_wconf 79' lang='lat' dir='ltr'><strong>inani</strong></span> <span class='ocrx_word' id='word_1_25' title='bbox 1095 467 1172 501; x_wconf 90' lang='lat' dir='ltr'><strong>est.</strong></span> 
     </span>
    </p>
   </div>
   <div class='ocr_carea' id='block_1_4' title="bbox 162 513 1617 964">
    <p class='ocr_par' dir='ltr' id='par_1_4' title="bbox 166 513 1257 570">
     <span class='ocr_line' id='line_1_5' title="bbox 166 513 1257 570; baseline 0.003 -17"><span class='ocrx_word' id='word_1_26' title='bbox 166 513 283 554; x_wconf 91' lang='lat' dir='ltr'><strong>Tum</strong></span> <span class='ocrx_word' id='word_1_27' title='bbox 304 529 403 556; x_wconf 84' lang='lat' dir='ltr'><strong>vero</strong></span> <span class='ocrx_word' id='word_1_28' title='bbox 424 517 614 557; x_wconf 85' lang='lat' dir='ltr'><strong>exoritur</strong></span> <span class='ocrx_word' id='word_1_29' title='bbox 634 516 816 566; x_wconf 83' lang='lat' dir='ltr'><strong>clamor3</strong></span> <span class='ocrx_word' id='word_1_30' title='bbox 847 517 1036 570; x_wconf 88' lang='lat' dir='ltr'><strong>ripaeque</strong></span> <span class='ocrx_word' id='word_1_31' title='bbox 1056 516 1257 570; x_wconf 85' lang='lat' dir='ltr'><strong>lacusque</strong></span> 
     </span>
    </p>

    <p class='ocr_par' dir='ltr' id='par_1_5' title="bbox 166 569 1321 624">
     <span class='ocr_line' id='line_1_6' title="bbox 166 569 1321 624; baseline 0.003 -15"><span class='ocrx_word' id='word_1_32' title='bbox 166 569 442 624; x_wconf 85' lang='lat' dir='ltr'><strong>Responsant</strong></span> <span class='ocrx_word' id='word_1_33' title='bbox 462 573 584 621; x_wconf 87' lang='lat' dir='ltr'><strong>circa,</strong></span> <span class='ocrx_word' id='word_1_34' title='bbox 608 580 651 614; x_wconf 88' lang='lat' dir='ltr'><strong>et</strong></span> <span class='ocrx_word' id='word_1_35' title='bbox 670 572 823 614; x_wconf 84' lang='lat' dir='ltr'><strong>coelum</strong></span> <span class='ocrx_word' id='word_1_36' title='bbox 843 580 962 613; x_wconf 88' lang='lat' dir='ltr'><strong>tonat</strong></span> <span class='ocrx_word' id='word_1_37' title='bbox 982 587 1105 613; x_wconf 90' lang='lat' dir='ltr'><strong>omne</strong></span> <span class='ocrx_word' id='word_1_38' title='bbox 1126 571 1321 613; x_wconf 85' lang='lat' dir='ltr'><strong>tumultu.</strong></span> 
     </span>
    </p>

    <p class='ocr_par' dir='ltr' id='par_1_6' title="bbox 162 625 1333 682">
     <span class='ocr_line' id='line_1_7' title="bbox 162 625 1333 682; baseline 0.003 -17"><span class='ocrx_word' id='word_1_39' title='bbox 162 625 240 666; x_wconf 92' lang='lat' dir='ltr'><strong>Ille</strong></span> <span class='ocrx_word' id='word_1_40' title='bbox 262 627 383 667; x_wconf 86' lang='lat' dir='ltr'><strong>simul</strong></span> <span class='ocrx_word' id='word_1_41' title='bbox 404 628 585 682; x_wconf 83' lang='lat' dir='ltr'><strong>fugiens,</strong></span> <span class='ocrx_word' id='word_1_42' title='bbox 610 628 798 669; x_wconf 87' lang='lat' dir='ltr'><strong>Rutulos</strong></span> <span class='ocrx_word' id='word_1_43' title='bbox 822 628 944 669; x_wconf 89' lang='lat' dir='ltr'><strong>simul</strong></span> <span class='ocrx_word' id='word_1_44' title='bbox 963 629 1156 682; x_wconf 83' lang='lat' dir='ltr'>increpat</span> <span class='ocrx_word' id='word_1_45' title='bbox 1176 643 1333 678; x_wconf 89' lang='lat' dir='ltr'><strong>omnes,</strong></span> 
     </span>
    </p>

    <p class='ocr_par' dir='ltr' id='par_1_7' title="bbox 162 681 1422 739">
     <span class='ocr_line' id='line_1_8' title="bbox 162 681 1422 739; baseline 0.004 -18"><span class='ocrx_word' id='word_1_46' title='bbox 162 681 347 724; x_wconf 85' lang='lat' dir='ltr'>Nomine</span> <span class='ocrx_word' id='word_1_47' title='bbox 369 699 579 738; x_wconf 81' lang='lat' dir='ltr'><strong>quemque</strong></span> <span class='ocrx_word' id='word_1_48' title='bbox 599 700 770 734; x_wconf 84' lang='lat' dir='ltr'><strong>vocans,</strong></span> <span class='ocrx_word' id='word_1_49' title='bbox 792 692 1022 739; x_wconf 90' lang='lat' dir='ltr'><strong>notumque</strong></span> <span class='ocrx_word' id='word_1_50' title='bbox 1043 685 1247 738; x_wconf 80' lang='lat' dir='ltr'><strong>efflagitat</strong></span> <span class='ocrx_word' id='word_1_51' title='bbox 1267 699 1422 726; x_wconf 84' lang='lat' dir='ltr'><strong>ensem.</strong></span> 
     </span>
    </p>

    <p class='ocr_par' dir='ltr' id='par_1_8' title="bbox 162 737 1617 902">
     <span class='ocr_line' id='line_1_9' title="bbox 162 737 1617 796; baseline 0.001 -18"><span class='ocrx_word' id='word_1_52' title='bbox 162 737 327 779; x_wconf 87' lang='lat' dir='ltr'><strong>AEneas</strong></span> <span class='ocrx_word' id='word_1_53' title='bbox 348 748 525 781; x_wconf 86' lang='lat' dir='ltr'><strong>mortem</strong></span> <span class='ocrx_word' id='word_1_54' title='bbox 547 748 706 789; x_wconf 86' lang='lat' dir='ltr'><strong>contra,</strong></span> <span class='ocrx_word' id='word_1_55' title='bbox 727 756 998 796; x_wconf 72' lang='lat' dir='ltr'><strong>praesensque</strong></span> <span class='ocrx_word' id='word_1_56' title='bbox 1019 742 1202 782; x_wconf 84' lang='lat' dir='ltr'><strong>minatur</strong></span> <span class='ocrx_word' id='word_1_57' title='bbox 1534 740 1617 781; x_wconf 73' lang='lat'><strong>760</strong></span> 
     </span>
     <span class='ocr_line' id='line_1_10' title="bbox 164 794 1350 851; baseline 0.004 -18"><span class='ocrx_word' id='word_1_58' title='bbox 164 794 371 845; x_wconf 87' lang='lat' dir='ltr'><strong>Exitium,</strong></span> <span class='ocrx_word' id='word_1_59' title='bbox 394 798 428 836; x_wconf 90' lang='lat' dir='ltr'><strong>si</strong></span> <span class='ocrx_word' id='word_1_60' title='bbox 447 799 668 851; x_wconf 87' lang='lat' dir='ltr'><strong>quisquam</strong></span> <span class='ocrx_word' id='word_1_61' title='bbox 688 799 814 838; x_wconf 84' lang='lat' dir='ltr'><strong>adeat</strong></span> <span class='ocrx_word' id='word_1_62' title='bbox 831 815 841 847; x_wconf 83' lang='lat'><em>3</em></span> <span class='ocrx_word' id='word_1_63' title='bbox 873 804 1088 851; x_wconf 88' lang='lat' dir='ltr'><strong>terretque</strong></span> <span class='ocrx_word' id='word_1_64' title='bbox 1109 804 1350 847; x_wconf 89' lang='lat' dir='ltr'><strong>trementes,</strong></span> 
     </span>
     <span class='ocr_line' id='line_1_11' title="bbox 163 850 1232 902; baseline 0.004 -12"><span class='ocrx_word' id='word_1_65' title='bbox 163 850 421 892; x_wconf 85' lang='lat' dir='ltr'><strong>Excisurum</strong></span> <span class='ocrx_word' id='word_1_66' title='bbox 442 854 591 893; x_wconf 89' lang='lat' dir='ltr'><strong>urbem</strong></span> <span class='ocrx_word' id='word_1_67' title='bbox 610 854 820 902; x_wconf 87' lang='lat' dir='ltr'><strong>minitans,</strong></span> <span class='ocrx_word' id='word_1_68' title='bbox 842 861 884 894; x_wconf 93' lang='lat' dir='ltr'><strong>et</strong></span> <span class='ocrx_word' id='word_1_69' title='bbox 904 854 1070 894; x_wconf 82' lang='lat' dir='ltr'><strong>saucius</strong></span> <span class='ocrx_word' id='word_1_70' title='bbox 1092 855 1232 894; x_wconf 84' lang='lat' dir='ltr'><strong>instat.</strong></span> 
     </span>
    </p>

    <p class='ocr_par' dir='ltr' id='par_1_9' title="bbox 163 906 1375 964">
     <span class='ocr_line' id='line_1_12' title="bbox 163 906 1375 964; baseline 0.004 -18"><span class='ocrx_word' id='word_1_71' title='bbox 163 906 367 960; x_wconf 82' lang='lat' dir='ltr'><strong>Quinque</strong></span> <span class='ocrx_word' id='word_1_72' title='bbox 388 910 512 949; x_wconf 85' lang='lat' dir='ltr'><strong>orbes</strong></span> <span class='ocrx_word' id='word_1_73' title='bbox 534 909 708 964; x_wconf 85' lang='lat' dir='ltr'><strong>explent</strong></span> <span class='ocrx_word' id='word_1_74' title='bbox 729 925 869 958; x_wconf 89' lang='lat' dir='ltr'><strong>cursu,</strong></span> <span class='ocrx_word' id='word_1_75' title='bbox 890 910 1153 962; x_wconf 85' lang='lat' dir='ltr'><strong>totidemque</strong></span> <span class='ocrx_word' id='word_1_76' title='bbox 1174 917 1375 951; x_wconf 80' lang='lat' dir='ltr'><strong>retexunt</strong></span> 
     </span>
    </p>
   </div>
   <div class='ocr_carea' id='block_1_5' title="bbox 161 962 395 1005">
    <p class='ocr_par' dir='ltr' id='par_1_10' title="bbox 161 962 395 1005">
     <span class='ocr_line' id='line_1_13' title="bbox 161 962 395 1005; baseline 0.009 -2"><span class='ocrx_word' id='word_1_77' title='bbox 161 962 264 1004; x_wconf 90' lang='lat' dir='ltr'><strong>Huc</strong></span> <span class='ocrx_word' id='word_1_78' title='bbox 284 964 395 1005; x_wconf 88' lang='lat' dir='ltr'><strong>illuc.</strong></span> 
     </span>
    </p>
   </div>
   <div class='ocr_carea' id='block_1_6' title="bbox 454 965 1369 1019">
    <p class='ocr_par' dir='ltr' id='par_1_11' title="bbox 454 965 1369 1019">
     <span class='ocr_line' id='line_1_14' title="bbox 454 965 1369 1019; baseline 0.002 -14"><span class='ocrx_word' id='word_1_79' title='bbox 454 965 610 1019; x_wconf 91' lang='lat' dir='ltr'><strong>Neque</strong></span> <span class='ocrx_word' id='word_1_80' title='bbox 631 967 742 1007; x_wconf 91' lang='lat' dir='ltr'><strong>enim</strong></span> <span class='ocrx_word' id='word_1_81' title='bbox 762 966 868 1006; x_wconf 86' lang='lat' dir='ltr'><strong>levia</strong></span> <span class='ocrx_word' id='word_1_82' title='bbox 889 973 963 1006; x_wconf 85' lang='lat' dir='ltr'><strong>aut</strong></span> <span class='ocrx_word' id='word_1_83' title='bbox 982 966 1145 1006; x_wconf 88' lang='lat' dir='ltr'><strong>ludicra</strong></span> <span class='ocrx_word' id='word_1_84' title='bbox 1165 973 1369 1019; x_wconf 86' lang='lat' dir='ltr'><strong>petuntur</strong></span> 
     </span>
    </p>
   </div>
   <div class='ocr_carea' id='block_1_7' title="bbox 156 1019 1614 1637">
    <p class='ocr_par' dir='ltr' id='par_1_12' title="bbox 160 1019 1612 1119">
     <span class='ocr_line' id='line_1_15' title="bbox 162 1019 1612 1076; baseline 0.001 -17"><span class='ocrx_word' id='word_1_85' title='bbox 162 1019 369 1070; x_wconf 78' lang='lat' dir='ltr'><strong>Praemia3</strong></span> <span class='ocrx_word' id='word_1_86' title='bbox 402 1021 478 1061; x_wconf 91' lang='lat' dir='ltr'><strong>sed</strong></span> <span class='ocrx_word' id='word_1_87' title='bbox 499 1021 639 1062; x_wconf 89' lang='lat' dir='ltr'><strong>Turni</strong></span> <span class='ocrx_word' id='word_1_88' title='bbox 660 1023 714 1063; x_wconf 92' lang='lat' dir='ltr'><strong>de</strong></span> <span class='ocrx_word' id='word_1_89' title='bbox 735 1023 820 1062; x_wconf 80' lang='lat' dir='ltr'><strong>vita</strong></span> <span class='ocrx_word' id='word_1_90' title='bbox 840 1030 883 1062; x_wconf 91' lang='lat' dir='ltr'><strong>et</strong></span> <span class='ocrx_word' id='word_1_91' title='bbox 904 1023 1108 1076; x_wconf 83' lang='lat' dir='ltr'><strong>sanguine</strong></span> <span class='ocrx_word' id='word_1_92' title='bbox 1130 1030 1308 1063; x_wconf 80' lang='lat' dir='ltr'><strong>certant.</strong></span> <span class='ocrx_word' id='word_1_93' title='bbox 1529 1021 1612 1061; x_wconf 85' lang='lat'><strong>765</strong></span> 
     </span>
     <span class='ocr_line' id='line_1_16' title="bbox 160 1074 1098 1119; baseline 0.004 -4"><span class='ocrx_word' id='word_1_94' title='bbox 160 1074 290 1116; x_wconf 80' lang='lat' dir='ltr'><strong>Forte</strong></span> <span class='ocrx_word' id='word_1_95' title='bbox 311 1091 428 1118; x_wconf 87' lang='lat' dir='ltr'><strong>sacer</strong></span> <span class='ocrx_word' id='word_1_96' title='bbox 449 1077 596 1119; x_wconf 86' lang='lat' dir='ltr'><strong>Fauno</strong></span> <span class='ocrx_word' id='word_1_97' title='bbox 617 1077 727 1119; x_wconf 89' lang='lat' dir='ltr'><strong>foliis</strong></span> <span class='ocrx_word' id='word_1_98' title='bbox 747 1078 927 1119; x_wconf 80' lang='lat' dir='ltr'><strong>oleaster</strong></span> <span class='ocrx_word' id='word_1_99' title='bbox 946 1079 1098 1119; x_wconf 84' lang='lat' dir='ltr'><strong>amaris</strong></span> 
     </span>
    </p>

    <p class='ocr_par' dir='ltr' id='par_1_13' title="bbox 162 1131 1187 1189">
     <span class='ocr_line' id='line_1_17' title="bbox 162 1131 1187 1189; baseline 0.005 -18"><span class='ocrx_word' id='word_1_100' title='bbox 162 1131 248 1172; x_wconf 89' lang='lat' dir='ltr'><strong>Hic</strong></span> <span class='ocrx_word' id='word_1_101' title='bbox 271 1140 457 1183; x_wconf 86' lang='lat' dir='ltr'><strong>steterat,</strong></span> <span class='ocrx_word' id='word_1_102' title='bbox 480 1135 617 1174; x_wconf 88' lang='lat' dir='ltr'><strong>nautis</strong></span> <span class='ocrx_word' id='word_1_103' title='bbox 638 1134 737 1175; x_wconf 89' lang='lat' dir='ltr'><strong>olim</strong></span> <span class='ocrx_word' id='word_1_104' title='bbox 757 1134 996 1175; x_wconf 85' lang='lat' dir='ltr'><strong>venerabile</strong></span> <span class='ocrx_word' id='word_1_105' title='bbox 1016 1134 1187 1189; x_wconf 79' lang='lat' dir='ltr'><strong>lignum,</strong></span> 
     </span>
    </p>

    <p class='ocr_par' dir='ltr' id='par_1_14' title="bbox 163 1187 1143 1244">
     <span class='ocr_line' id='line_1_18' title="bbox 163 1187 1143 1244; baseline 0.004 -17"><span class='ocrx_word' id='word_1_106' title='bbox 163 1187 329 1229; x_wconf 87' lang='lat' dir='ltr'><strong>Servati</strong></span> <span class='ocrx_word' id='word_1_107' title='bbox 350 1204 403 1229; x_wconf 83' lang='lat' dir='ltr'><strong>ex</strong></span> <span class='ocrx_word' id='word_1_108' title='bbox 425 1191 550 1230; x_wconf 88' lang='lat' dir='ltr'><strong>undis</strong></span> <span class='ocrx_word' id='word_1_109' title='bbox 570 1191 644 1230; x_wconf 90' lang='lat' dir='ltr'><strong>ubi</strong></span> <span class='ocrx_word' id='word_1_110' title='bbox 663 1190 795 1244; x_wconf 83' lang='lat' dir='ltr'><strong>figere</strong></span> <span class='ocrx_word' id='word_1_111' title='bbox 818 1191 929 1231; x_wconf 83' lang='lat' dir='ltr'><strong>dona</strong></span> <span class='ocrx_word' id='word_1_112' title='bbox 949 1190 1143 1231; x_wconf 83' lang='lat' dir='ltr'><strong>solebant</strong></span> 
     </span>
    </p>

    <p class='ocr_par' dir='ltr' id='par_1_15' title="bbox 161 1243 1167 1300">
     <span class='ocr_line' id='line_1_19' title="bbox 161 1243 1167 1300; baseline 0.004 -17"><span class='ocrx_word' id='word_1_113' title='bbox 161 1243 368 1286; x_wconf 82' lang='lat' dir='ltr'><strong>Laurenti</strong></span> <span class='ocrx_word' id='word_1_114' title='bbox 388 1246 498 1294; x_wconf 87' lang='lat' dir='ltr'><strong>divo,</strong></span> <span class='ocrx_word' id='word_1_115' title='bbox 521 1253 564 1287; x_wconf 88' lang='lat' dir='ltr'><strong>et</strong></span> <span class='ocrx_word' id='word_1_116' title='bbox 585 1253 703 1286; x_wconf 84' lang='lat' dir='ltr'><strong>votas</strong></span> <span class='ocrx_word' id='word_1_117' title='bbox 725 1247 986 1300; x_wconf 87' lang='lat' dir='ltr'><strong>suspendere</strong></span> <span class='ocrx_word' id='word_1_118' title='bbox 1006 1255 1167 1287; x_wconf 84' lang='lat' dir='ltr'><strong>vestes:</strong></span> 
     </span>
    </p>

    <p class='ocr_par' dir='ltr' id='par_1_16' title="bbox 160 1300 1614 1411">
     <span class='ocr_line' id='line_1_20' title="bbox 161 1300 1614 1355; baseline 0 -15"><span class='ocrx_word' id='word_1_119' title='bbox 161 1300 249 1341; x_wconf 86' lang='lat' dir='ltr'><strong>Sed</strong></span> <span class='ocrx_word' id='word_1_120' title='bbox 270 1301 443 1355; x_wconf 84' lang='lat' dir='ltr'><strong>stirpem</strong></span> <span class='ocrx_word' id='word_1_121' title='bbox 464 1302 625 1343; x_wconf 84' lang='lat' dir='ltr'><strong>Teucri</strong></span> <span class='ocrx_word' id='word_1_122' title='bbox 645 1301 761 1342; x_wconf 90' lang='lat' dir='ltr'><strong>nullo</strong></span> <span class='ocrx_word' id='word_1_123' title='bbox 782 1302 1021 1343; x_wconf 86' lang='lat' dir='ltr'><strong>discrimine</strong></span> <span class='ocrx_word' id='word_1_124' title='bbox 1042 1317 1207 1343; x_wconf 87' lang='lat' dir='ltr'><strong>sacrum</strong></span> <span class='ocrx_word' id='word_1_125' title='bbox 1531 1300 1614 1341; x_wconf 81' lang='lat'><strong>770</strong></span> 
     </span>
     <span class='ocr_line' id='line_1_21' title="bbox 160 1356 1290 1411; baseline 0.001 -15"><span class='ocrx_word' id='word_1_126' title='bbox 160 1356 441 1405; x_wconf 87' lang='lat' dir='ltr'><strong>Sustulerant,</strong></span> <span class='ocrx_word' id='word_1_127' title='bbox 463 1373 572 1411; x_wconf 86' lang='lat' dir='ltr'><strong>puro</strong></span> <span class='ocrx_word' id='word_1_128' title='bbox 592 1365 639 1398; x_wconf 92' lang='lat' dir='ltr'><strong>ut</strong></span> <span class='ocrx_word' id='word_1_129' title='bbox 658 1365 832 1411; x_wconf 86' lang='lat' dir='ltr'><strong>possent</strong></span> <span class='ocrx_word' id='word_1_130' title='bbox 853 1372 1105 1398; x_wconf 89' lang='lat' dir='ltr'><strong>concurrere</strong></span> <span class='ocrx_word' id='word_1_131' title='bbox 1126 1372 1290 1411; x_wconf 86' lang='lat' dir='ltr'><strong>campo.</strong></span> 
     </span>
    </p>

    <p class='ocr_par' dir='ltr' id='par_1_17' title="bbox 161 1411 1202 1467">
     <span class='ocr_line' id='line_1_22' title="bbox 161 1411 1202 1467; baseline 0.002 -15"><span class='ocrx_word' id='word_1_132' title='bbox 161 1411 247 1454; x_wconf 91' lang='lat' dir='ltr'><strong>Hic</strong></span> <span class='ocrx_word' id='word_1_133' title='bbox 267 1413 389 1454; x_wconf 85' lang='lat' dir='ltr'><strong>hasta</strong></span> <span class='ocrx_word' id='word_1_134' title='bbox 410 1414 565 1455; x_wconf 86' lang='lat' dir='ltr'><strong>AEneae</strong></span> <span class='ocrx_word' id='word_1_135' title='bbox 587 1415 727 1454; x_wconf 82' lang='lat' dir='ltr'><strong>stabat</strong></span> <span class='ocrx_word' id='word_1_136' title='bbox 744 1431 753 1463; x_wconf 93' lang='lat'>;</span> <span class='ocrx_word' id='word_1_137' title='bbox 784 1413 869 1454; x_wconf 91' lang='lat' dir='ltr'><strong>huc</strong></span> <span class='ocrx_word' id='word_1_138' title='bbox 890 1415 1070 1467; x_wconf 87' lang='lat' dir='ltr'><strong>impetus</strong></span> <span class='ocrx_word' id='word_1_139' title='bbox 1091 1413 1202 1454; x_wconf 85' lang='lat' dir='ltr'><strong>illam</strong></span> 
     </span>
    </p>

    <p class='ocr_par' dir='ltr' id='par_1_18' title="bbox 160 1468 1173 1519">
     <span class='ocr_line' id='line_1_23' title="bbox 160 1468 1173 1519; baseline 0.002 -11"><span class='ocrx_word' id='word_1_140' title='bbox 160 1468 400 1519; x_wconf 85' lang='lat' dir='ltr'><strong>Detulerat‚</strong></span> <span class='ocrx_word' id='word_1_141' title='bbox 421 1470 551 1510; x_wconf 87' lang='lat' dir='ltr'><strong>fixam</strong></span> <span class='ocrx_word' id='word_1_142' title='bbox 566 1477 610 1511; x_wconf 92' lang='lat' dir='ltr'><strong>et</strong></span> <span class='ocrx_word' id='word_1_143' title='bbox 629 1470 742 1511; x_wconf 85' lang='lat' dir='ltr'><strong>lenta</strong></span> <span class='ocrx_word' id='word_1_144' title='bbox 760 1470 803 1510; x_wconf 88' lang='lat' dir='ltr'><strong>in</strong></span> <span class='ocrx_word' id='word_1_145' title='bbox 823 1470 965 1511; x_wconf 83' lang='lat' dir='ltr'><strong>radice</strong></span> <span class='ocrx_word' id='word_1_146' title='bbox 984 1470 1173 1510; x_wconf 80' lang='lat' dir='ltr'><strong>tenebat.</strong></span> 
     </span>
    </p>

    <p class='ocr_par' dir='ltr' id='par_1_19' title="bbox 156 1524 1182 1580">
     <span class='ocr_line' id='line_1_24' title="bbox 156 1524 1182 1580; baseline 0 -14"><span class='ocrx_word' id='word_1_147' title='bbox 156 1524 369 1574; x_wconf 88' lang='lat' dir='ltr'><strong>Incubuit,</strong></span> <span class='ocrx_word' id='word_1_148' title='bbox 390 1526 605 1580; x_wconf 91' lang='lat' dir='ltr'><strong>voluitque</strong></span> <span class='ocrx_word' id='word_1_149' title='bbox 624 1541 751 1567; x_wconf 86' lang='lat' dir='ltr'><strong>manu</strong></span> <span class='ocrx_word' id='word_1_150' title='bbox 771 1526 1004 1567; x_wconf 91' lang='lat' dir='ltr'><strong>convellere</strong></span> <span class='ocrx_word' id='word_1_151' title='bbox 1025 1526 1182 1567; x_wconf 87' lang='lat' dir='ltr'><strong>ferrum</strong></span> 
     </span>
    </p>

    <p class='ocr_par' dir='ltr' id='par_1_20' title="bbox 158 1579 1611 1637">
     <span class='ocr_line' id='line_1_25' title="bbox 158 1579 1611 1637; baseline -0.001 -15"><span class='ocrx_word' id='word_1_152' title='bbox 158 1581 444 1631; x_wconf 83' lang='lat' dir='ltr'><strong>Dardanides,</strong></span> <span class='ocrx_word' id='word_1_153' title='bbox 466 1583 635 1637; x_wconf 90' lang='lat' dir='ltr'><strong>teloque</strong></span> <span class='ocrx_word' id='word_1_154' title='bbox 656 1583 787 1636; x_wconf 90' lang='lat' dir='ltr'><strong>sequi,</strong></span> <span class='ocrx_word' id='word_1_155' title='bbox 808 1597 934 1636; x_wconf 90' lang='lat' dir='ltr'><strong>quem</strong></span> <span class='ocrx_word' id='word_1_156' title='bbox 953 1583 1163 1636; x_wconf 83' lang='lat' dir='ltr'><strong>prendere</strong></span> <span class='ocrx_word' id='word_1_157' title='bbox 1183 1595 1309 1622; x_wconf 89' lang='lat' dir='ltr'><strong>cursu</strong></span> <span class='ocrx_word' id='word_1_158' title='bbox 1528 1579 1611 1621; x_wconf 87' lang='lat'><strong>775</strong></span> 
     </span>
    </p>
   </div>
   <div class='ocr_carea' id='block_1_8' title="bbox 157 1637 463 1692">
    <p class='ocr_par' dir='ltr' id='par_1_21' title="bbox 157 1637 463 1692">
     <span class='ocr_line' id='line_1_26' title="bbox 157 1637 463 1692; baseline 0.003 -14"><span class='ocrx_word' id='word_1_159' title='bbox 157 1637 261 1678; x_wconf 91' lang='lat' dir='ltr'><strong>Non</strong></span> <span class='ocrx_word' id='word_1_160' title='bbox 281 1646 463 1692; x_wconf 83' lang='lat' dir='ltr'><strong>poterat.</strong></span> 
     </span>
    </p>
   </div>
   <div class='ocr_carea' id='block_1_9' title="bbox 525 1637 1373 1684">
    <p class='ocr_par' dir='ltr' id='par_1_22' title="bbox 525 1637 1373 1684">
     <span class='ocr_line' id='line_1_27' title="bbox 525 1637 1373 1684; baseline -0.005 -4"><span class='ocrx_word' id='word_1_161' title='bbox 525 1639 640 1680; x_wconf 91' lang='lat' dir='ltr'><strong>Tum</strong></span> <span class='ocrx_word' id='word_1_162' title='bbox 659 1654 759 1680; x_wconf 88' lang='lat' dir='ltr'><strong>vero</strong></span> <span class='ocrx_word' id='word_1_163' title='bbox 780 1654 922 1679; x_wconf 85' lang='lat' dir='ltr'><strong>amens</strong></span> <span class='ocrx_word' id='word_1_164' title='bbox 942 1639 1164 1679; x_wconf 89' lang='lat' dir='ltr'><strong>formidine</strong></span> <span class='ocrx_word' id='word_1_165' title='bbox 1186 1637 1373 1684; x_wconf 88' lang='lat' dir='ltr'><strong>Turnus,</strong></span> 
     </span>
    </p>
   </div>
   <div class='ocr_carea' id='block_1_10' title="bbox 157 1693 1439 1805">
    <p class='ocr_par' dir='ltr' id='par_1_23' title="bbox 157 1693 1439 1805">
     <span class='ocr_line' id='line_1_28' title="bbox 157 1693 1439 1749; baseline -0.002 -15"><span class='ocrx_word' id='word_1_166' title='bbox 157 1693 319 1743; x_wconf 88' lang='lat' dir='ltr'><strong>Faune,</strong></span> <span class='ocrx_word' id='word_1_167' title='bbox 341 1709 504 1748; x_wconf 89' lang='lat' dir='ltr'><strong>precor,</strong></span> <span class='ocrx_word' id='word_1_168' title='bbox 526 1696 739 1744; x_wconf 86' lang='lat' dir='ltr'><strong>miserere,</strong></span> <span class='ocrx_word' id='word_1_169' title='bbox 761 1695 919 1749; x_wconf 83' lang='lat' dir='ltr'><strong>inquit3</strong></span> <span class='ocrx_word' id='word_1_170' title='bbox 952 1702 1083 1748; x_wconf 89' lang='lat' dir='ltr'><strong>tuque</strong></span> <span class='ocrx_word' id='word_1_171' title='bbox 1104 1694 1262 1748; x_wconf 89' lang='lat' dir='ltr'><strong>optima</strong></span> <span class='ocrx_word' id='word_1_172' title='bbox 1282 1693 1439 1733; x_wconf 87' lang='lat' dir='ltr'><strong>ferrum</strong></span> 
     </span>
     <span class='ocr_line' id='line_1_29' title="bbox 157 1749 1222 1805; baseline -0.001 -14"><span class='ocrx_word' id='word_1_173' title='bbox 157 1749 298 1791; x_wconf 85' lang='lat' dir='ltr'><strong>Terra</strong></span> <span class='ocrx_word' id='word_1_174' title='bbox 318 1758 415 1792; x_wconf 90' lang='lat' dir='ltr'><strong>tene</strong></span> <span class='ocrx_word' id='word_1_175' title='bbox 432 1767 440 1791; x_wconf 90' lang='lat'>:</span> <span class='ocrx_word' id='word_1_176' title='bbox 473 1750 584 1792; x_wconf 89' lang='lat' dir='ltr'><strong>colui</strong></span> <span class='ocrx_word' id='word_1_177' title='bbox 603 1759 765 1792; x_wconf 80' lang='lat' dir='ltr'><strong>vestros</strong></span> <span class='ocrx_word' id='word_1_178' title='bbox 787 1752 822 1792; x_wconf 88' lang='lat' dir='ltr'><strong>si</strong></span> <span class='ocrx_word' id='word_1_179' title='bbox 840 1765 1004 1805; x_wconf 87' lang='lat' dir='ltr'><strong>semper</strong></span> <span class='ocrx_word' id='word_1_180' title='bbox 1025 1751 1222 1799; x_wconf 88' lang='lat' dir='ltr'><strong>honores,</strong></span> 
     </span>
    </p>
   </div>
   <div class='ocr_carea' id='block_1_11' title="bbox 156 1869 868 2707">
    <p class='ocr_par' dir='ltr' id='par_1_24' title="bbox 156 1869 868 2707">
     <span class='ocr_line' id='line_1_30' title="bbox 157 1869 863 1908; baseline 0 -10"><span class='ocrx_word' id='word_1_181' title='bbox 157 1879 365 1908; x_wconf 86' lang='lat' dir='ltr'><strong>expavescens</strong></span> <span class='ocrx_word' id='word_1_182' title='bbox 392 1880 501 1899; x_wconf 85' lang='lat' dir='ltr'><strong>cervus</strong></span> <span class='ocrx_word' id='word_1_183' title='bbox 533 1880 591 1899; x_wconf 89' lang='lat' dir='ltr'><strong>non</strong></span> <span class='ocrx_word' id='word_1_184' title='bbox 622 1869 863 1899; x_wconf 81' lang='lat' dir='ltr'><strong>transilit.—753</strong></span> 
     </span>
     <span class='ocr_line' id='line_1_31' title="bbox 163 1908 864 1952; baseline -0.001 -16"><span class='ocrx_word' id='word_1_185' title='bbox 163 1908 282 1942; x_wconf 78' lang='lat' dir='ltr'><strong>Umber,</strong></span> <span class='ocrx_word' id='word_1_186' title='bbox 310 1908 391 1937; x_wconf 88' lang='lat' dir='ltr'><strong>canis</strong></span> <span class='ocrx_word' id='word_1_187' title='bbox 417 1919 455 1937; x_wconf 89' lang='lat' dir='ltr'><strong>ex</strong></span> <span class='ocrx_word' id='word_1_188' title='bbox 485 1909 628 1938; x_wconf 82' lang='lat' dir='ltr'><strong>Umbria:</strong></span> <span class='ocrx_word' id='word_1_189' title='bbox 664 1908 743 1952; x_wconf 79' lang='lat' dir='ltr'><strong>quod</strong></span> <span class='ocrx_word' id='word_1_190' title='bbox 775 1908 864 1936; x_wconf 86' lang='lat' dir='ltr'><strong>facile</strong></span> 
     </span>
     <span class='ocr_line' id='line_1_32' title="bbox 156 1946 866 1984; baseline -0.003 -9"><span class='ocrx_word' id='word_1_191' title='bbox 156 1946 352 1976; x_wconf 85' lang='lat' dir='ltr'><strong>vides.—756</strong></span> <span class='ocrx_word' id='word_1_192' title='bbox 380 1947 459 1975; x_wconf 80' lang='lat' dir='ltr'><strong>lacus</strong></span> <span class='ocrx_word' id='word_1_193' title='bbox 485 1957 523 1975; x_wconf 84' lang='lat' dir='ltr'><strong>ex</strong></span> <span class='ocrx_word' id='word_1_194' title='bbox 557 1949 615 1976; x_wconf 78' lang='lat'><strong>745</strong></span> <span class='ocrx_word' id='word_1_195' title='bbox 629 1958 637 1983; x_wconf 88' lang='lat'>;</span> <span class='ocrx_word' id='word_1_196' title='bbox 669 1946 866 1984; x_wconf 76' lang='lat' dir='ltr'><strong>intelllgenda</strong></span> 
     </span>
     <span class='ocr_line' id='line_1_33' title="bbox 158 1984 866 2022; baseline -0.003 -9"><span class='ocrx_word' id='word_1_197' title='bbox 158 1988 257 2013; x_wconf 90' lang='lat' dir='ltr'><strong>autem</strong></span> <span class='ocrx_word' id='word_1_198' title='bbox 280 1985 395 2013; x_wconf 90' lang='lat' dir='ltr'><strong>arundo</strong></span> <span class='ocrx_word' id='word_1_199' title='bbox 417 1989 447 2013; x_wconf 88' lang='lat' dir='ltr'><strong>et</strong></span> <span class='ocrx_word' id='word_1_200' title='bbox 472 1986 594 2014; x_wconf 89' lang='lat' dir='ltr'><strong>arbusta</strong></span> <span class='ocrx_word' id='word_1_201' title='bbox 613 1985 692 2014; x_wconf 82' lang='lat' dir='ltr'><strong>circa</strong></span> <span class='ocrx_word' id='word_1_202' title='bbox 713 1984 866 2022; x_wconf 79' lang='lat' dir='ltr'><strong>paludem.</strong></span> 
     </span>
     <span class='ocr_line' id='line_1_34' title="bbox 159 2021 863 2061; baseline -0.004 -9"><span class='ocrx_word' id='word_1_203' title='bbox 159 2024 256 2052; x_wconf 79' lang='lat'>—760</span> <span class='ocrx_word' id='word_1_204' title='bbox 270 2034 336 2061; x_wconf 87' lang='lat' dir='ltr'><strong>sqq.</strong></span> <span class='ocrx_word' id='word_1_205' title='bbox 351 2023 483 2052; x_wconf 80' lang='lat' dir='ltr'><strong>Prorsus</strong></span> <span class='ocrx_word' id='word_1_206' title='bbox 500 2024 536 2051; x_wconf 88' lang='lat' dir='ltr'><strong>ad</strong></span> <span class='ocrx_word' id='word_1_207' title='bbox 553 2023 681 2052; x_wconf 85' lang='lat' dir='ltr'><strong>Homeri</strong></span> <span class='ocrx_word' id='word_1_208' title='bbox 695 2023 818 2051; x_wconf 90' lang='lat' dir='ltr'><strong>ductum</strong></span> <span class='ocrx_word' id='word_1_209' title='bbox 833 2021 863 2049; x_wconf 86' lang='lat' dir='ltr'><strong>in</strong></span> 
     </span>
     <span class='ocr_line' id='line_1_35' title="bbox 159 2060 863 2100; baseline -0.004 -10"><span class='ocrx_word' id='word_1_210' title='bbox 159 2060 307 2090; x_wconf 77' lang='lat' dir='ltr'><strong>Hectoris</strong></span> <span class='ocrx_word' id='word_1_211' title='bbox 317 2062 388 2100; x_wconf 81' lang='lat' dir='ltr'><strong>fuga</strong></span> <span class='ocrx_word' id='word_1_212' title='bbox 399 2062 438 2090; x_wconf 92' lang='lat' dir='ltr'><strong>Il.</strong></span> <span class='ocrx_word' id='word_1_213' title='bbox 448 2075 477 2096; x_wconf 88' lang='grc' dir='ltr'><strong>χ,</strong></span> <span class='ocrx_word' id='word_1_214' title='bbox 489 2062 546 2090; x_wconf 82' lang='lat'><strong>205</strong></span> <span class='ocrx_word' id='word_1_215' title='bbox 563 2072 610 2099; x_wconf 88' lang='lat' dir='ltr'><strong>sq.</strong></span> <span class='ocrx_word' id='word_1_216' title='bbox 630 2062 679 2090; x_wconf 88' lang='lat' dir='ltr'><strong>Ad</strong></span> <span class='ocrx_word' id='word_1_217' title='bbox 693 2065 863 2088; x_wconf 88' lang='lat' dir='ltr'><strong>nostrorum</strong></span> 
     </span>
     <span class='ocr_line' id='line_1_36' title="bbox 157 2098 863 2129; baseline -0.004 -1"><span class='ocrx_word' id='word_1_218' title='bbox 157 2109 232 2128; x_wconf 82' lang='lat' dir='ltr'><strong>vero</strong></span> <span class='ocrx_word' id='word_1_219' title='bbox 256 2100 411 2128; x_wconf 89' lang='lat' dir='ltr'><strong>hominum</strong></span> <span class='ocrx_word' id='word_1_220' title='bbox 435 2109 541 2129; x_wconf 90' lang='lat' dir='ltr'><strong>sensus</strong></span> <span class='ocrx_word' id='word_1_221' title='bbox 565 2100 603 2128; x_wconf 90' lang='lat' dir='ltr'><strong>de</strong></span> <span class='ocrx_word' id='word_1_222' title='bbox 628 2100 737 2129; x_wconf 88' lang='lat' dir='ltr'><strong>decoro</strong></span> <span class='ocrx_word' id='word_1_223' title='bbox 763 2098 863 2126; x_wconf 90' lang='lat' dir='ltr'><strong>herois</strong></span> 
     </span>
     <span class='ocr_line' id='line_1_37' title="bbox 158 2136 864 2176; baseline -0.003 -11"><span class='ocrx_word' id='word_1_224' title='bbox 158 2137 224 2166; x_wconf 86' lang='lat' dir='ltr'><strong>haec</strong></span> <span class='ocrx_word' id='word_1_225' title='bbox 248 2139 398 2176; x_wconf 79' lang='lat' dir='ltr'><strong>exigenda</strong></span> <span class='ocrx_word' id='word_1_226' title='bbox 431 2147 629 2176; x_wconf 84' lang='lat' dir='ltr'><strong>nequaquam.</strong></span> <span class='ocrx_word' id='word_1_227' title='bbox 669 2138 799 2166; x_wconf 70' lang='lat' dir='ltr'><strong>Hostem</strong></span> <span class='ocrx_word' id='word_1_228' title='bbox 835 2136 864 2164; x_wconf 90' lang='lat' dir='ltr'><strong>in</strong></span> 
     </span>
     <span class='ocr_line' id='line_1_38' title="bbox 158 2173 861 2214; baseline -0.004 -10"><span class='ocrx_word' id='word_1_229' title='bbox 158 2185 325 2214; x_wconf 84' lang='lat' dir='ltr'><strong>congressu</strong></span> <span class='ocrx_word' id='word_1_230' title='bbox 345 2185 455 2214; x_wconf 86' lang='lat' dir='ltr'><strong>pugnae</strong></span> <span class='ocrx_word' id='word_1_231' title='bbox 470 2176 562 2205; x_wconf 85' lang='lat' dir='ltr'><strong>semel</strong></span> <span class='ocrx_word' id='word_1_232' title='bbox 575 2177 700 2209; x_wconf 87' lang='lat' dir='ltr'><strong>victum,</strong></span> <span class='ocrx_word' id='word_1_233' title='bbox 712 2175 803 2204; x_wconf 87' lang='lat' dir='ltr'><strong>etiam</strong></span> <span class='ocrx_word' id='word_1_234' title='bbox 817 2173 861 2201; x_wconf 92' lang='lat' dir='ltr'><strong>in-</strong></span> 
     </span>
     <span class='ocr_line' id='line_1_39' title="bbox 159 2213 862 2247; baseline -0.003 -5"><span class='ocrx_word' id='word_1_235' title='bbox 159 2223 270 2242; x_wconf 86' lang='lat' dir='ltr'><strong>ermem</strong></span> <span class='ocrx_word' id='word_1_236' title='bbox 286 2224 321 2242; x_wconf 82' lang='lat' dir='ltr'><strong>ac</strong></span> <span class='ocrx_word' id='word_1_237' title='bbox 338 2215 463 2247; x_wconf 84' lang='lat' dir='ltr'><strong>nudum.</strong></span> <span class='ocrx_word' id='word_1_238' title='bbox 475 2214 610 2243; x_wconf 74' lang='lat' dir='ltr'><strong>trucidat</strong></span> <span class='ocrx_word' id='word_1_239' title='bbox 630 2213 812 2243; x_wconf 85' lang='lat' dir='ltr'><strong>Homericus</strong></span> <span class='ocrx_word' id='word_1_240' title='bbox 826 2222 862 2240; x_wconf 86' lang='lat' dir='ltr'><strong>ac</strong></span> 
     </span>
     <span class='ocr_line' id='line_1_40' title="bbox 158 2251 863 2290; baseline -0.001 -11"><span class='ocrx_word' id='word_1_241' title='bbox 158 2251 345 2290; x_wconf 82' lang='lat' dir='ltr'><strong>Virgilianus</strong></span> <span class='ocrx_word' id='word_1_242' title='bbox 374 2252 478 2280; x_wconf 81' lang='lat' dir='ltr'><strong>heros:</strong></span> <span class='ocrx_word' id='word_1_243' title='bbox 510 2256 541 2281; x_wconf 87' lang='lat' dir='ltr'><strong>et</strong></span> <span class='ocrx_word' id='word_1_244' title='bbox 567 2253 668 2282; x_wconf 86' lang='lat' dir='ltr'><strong>nescio</strong></span> <span class='ocrx_word' id='word_1_245' title='bbox 701 2262 736 2280; x_wconf 88' lang='lat' dir='ltr'><strong>an</strong></span> <span class='ocrx_word' id='word_1_246' title='bbox 759 2254 863 2279; x_wconf 86' lang='lat' dir='ltr'><strong>nostra</strong></span> 
     </span>
     <span class='ocr_line' id='line_1_41' title="bbox 161 2289 862 2328; baseline -0.003 -10"><span class='ocrx_word' id='word_1_247' title='bbox 161 2293 236 2318; x_wconf 85' lang='lat' dir='ltr'><strong>aetas</strong></span> <span class='ocrx_word' id='word_1_248' title='bbox 252 2290 281 2318; x_wconf 87' lang='lat' dir='ltr'><strong>in</strong></span> <span class='ocrx_word' id='word_1_249' title='bbox 302 2289 416 2328; x_wconf 85' lang='lat' dir='ltr'><strong>praeliis</strong></span> <span class='ocrx_word' id='word_1_250' title='bbox 429 2290 511 2319; x_wconf 87' lang='lat' dir='ltr'><strong>aliud</strong></span> <span class='ocrx_word' id='word_1_251' title='bbox 523 2291 643 2328; x_wconf 80' lang='lat' dir='ltr'><strong>probet.</strong></span> <span class='ocrx_word' id='word_1_252' title='bbox 686 2291 732 2319; x_wconf 85' lang='lat' dir='ltr'><strong>De</strong></span> <span class='ocrx_word' id='word_1_253' title='bbox 744 2293 862 2318; x_wconf 87' lang='lat' dir='ltr'><strong>nostro-</strong></span> 
     </span>
     <span class='ocr_line' id='line_1_42' title="bbox 159 2328 863 2367; baseline -0.001 -11"><span class='ocrx_word' id='word_1_254' title='bbox 159 2337 225 2356; x_wconf 89' lang='lat' dir='ltr'><strong>rum</strong></span> <span class='ocrx_word' id='word_1_255' title='bbox 241 2331 341 2356; x_wconf 84' lang='lat' dir='ltr'><strong>autem</strong></span> <span class='ocrx_word' id='word_1_256' title='bbox 353 2328 550 2357; x_wconf 86' lang='lat' dir='ltr'><strong>certaminum</strong></span> <span class='ocrx_word' id='word_1_257' title='bbox 563 2338 598 2357; x_wconf 79' lang='lat' dir='ltr'><strong>ac</strong></span> <span class='ocrx_word' id='word_1_258' title='bbox 615 2337 794 2367; x_wconf 83' lang='lat' dir='ltr'><strong>pugnarum,</strong></span> <span class='ocrx_word' id='word_1_259' title='bbox 811 2337 863 2356; x_wconf 88' lang='lat' dir='ltr'><strong>seu</strong></span> 
     </span>
     <span class='ocr_line' id='line_1_43' title="bbox 158 2365 864 2403; baseline -0.003 -9"><span class='ocrx_word' id='word_1_260' title='bbox 158 2366 338 2400; x_wconf 87' lang='lat' dir='ltr'><strong>duellorum,</strong></span> <span class='ocrx_word' id='word_1_261' title='bbox 359 2366 556 2403; x_wconf 86' lang='lat' dir='ltr'><strong>singularium</strong></span> <span class='ocrx_word' id='word_1_262' title='bbox 571 2367 711 2395; x_wconf 87' lang='lat' dir='ltr'><strong>ludibriis</strong></span> <span class='ocrx_word' id='word_1_263' title='bbox 732 2365 864 2403; x_wconf 81' lang='lat' dir='ltr'><strong>cogitare</strong></span> 
     </span>
     <span class='ocr_line' id='line_1_44' title="bbox 160 2403 865 2441; baseline -0.001 -9"><span class='ocrx_word' id='word_1_264' title='bbox 160 2404 190 2432; x_wconf 87' lang='lat' dir='ltr'><strong>h.</strong></span> <span class='ocrx_word' id='word_1_265' title='bbox 204 2404 226 2432; x_wconf 90' lang='lat' dir='ltr'><strong>l.</strong></span> <span class='ocrx_word' id='word_1_266' title='bbox 246 2405 428 2441; x_wconf 85' lang='lat' dir='ltr'><strong>interpretes</strong></span> <span class='ocrx_word' id='word_1_267' title='bbox 442 2414 499 2432; x_wconf 93' lang='lat' dir='ltr'><strong>non</strong></span> <span class='ocrx_word' id='word_1_268' title='bbox 511 2405 674 2433; x_wconf 85' lang='lat' dir='ltr'><strong>debebant.</strong></span> <span class='ocrx_word' id='word_1_269' title='bbox 695 2409 722 2433; x_wconf 78' lang='lat' dir='ltr'><strong>et</strong></span> <span class='ocrx_word' id='word_1_270' title='bbox 739 2403 865 2437; x_wconf 76' lang='lat' dir='ltr'><strong>saucius,</strong></span> 
     </span>
     <span class='ocr_line' id='line_1_45' title="bbox 159 2441 866 2480; baseline -0.003 -9"><span class='ocrx_word' id='word_1_271' title='bbox 159 2442 209 2471; x_wconf 85' lang='lat' dir='ltr'><strong>vel</strong></span> <span class='ocrx_word' id='word_1_272' title='bbox 229 2442 288 2471; x_wconf 81' lang='lat' dir='ltr'><strong>etsi</strong></span> <span class='ocrx_word' id='word_1_273' title='bbox 303 2442 440 2478; x_wconf 82' lang='lat' dir='ltr'><strong>saucius3</strong></span> <span class='ocrx_word' id='word_1_274' title='bbox 462 2443 524 2477; x_wconf 86' lang='lat' dir='ltr'><strong>vel,</strong></span> <span class='ocrx_word' id='word_1_275' title='bbox 546 2448 688 2480; x_wconf 88' lang='lat' dir='ltr'><strong>quantum</strong></span> <span class='ocrx_word' id='word_1_276' title='bbox 710 2443 823 2470; x_wconf 85' lang='lat' dir='ltr'><strong>licebat</strong></span> <span class='ocrx_word' id='word_1_277' title='bbox 838 2441 866 2470; x_wconf 84' lang='lat' dir='ltr'><strong>ei</strong></span> 
     </span>
     <span class='ocr_line' id='line_1_46' title="bbox 161 2481 862 2519; baseline -0.001 -10"><span class='ocrx_word' id='word_1_278' title='bbox 161 2481 374 2509; x_wconf 58' lang='lat' dir='ltr'><strong>saucia-763</strong></span> <span class='ocrx_word' id='word_1_279' title='bbox 388 2484 520 2509; x_wconf 77' lang='lat' dir='ltr'><strong>retexunt</strong></span> <span class='ocrx_word' id='word_1_280' title='bbox 530 2481 692 2519; x_wconf 83' lang='lat' dir='ltr'><strong>eleganter,</strong></span> <span class='ocrx_word' id='word_1_281' title='bbox 712 2483 862 2518; x_wconf 83' lang='lat' dir='ltr'><strong>repetunt,</strong></span> 
     </span>
     <span class='ocr_line' id='line_1_47' title="bbox 160 2518 865 2551; baseline -0.003 -4"><span class='ocrx_word' id='word_1_282' title='bbox 160 2523 330 2548; x_wconf 83' lang='lat' dir='ltr'><strong>recurrunt.</strong></span> <span class='ocrx_word' id='word_1_283' title='bbox 343 2519 382 2547; x_wconf 86' lang='lat' dir='ltr'><strong>cf.</strong></span> <span class='ocrx_word' id='word_1_284' title='bbox 394 2519 447 2547; x_wconf 90' lang='lat' dir='ltr'><strong>lib.</strong></span> <span class='ocrx_word' id='word_1_285' title='bbox 461 2518 501 2551; x_wconf 86' lang='lat' dir='ltr'><strong>V,</strong></span> <span class='ocrx_word' id='word_1_286' title='bbox 515 2520 584 2547; x_wconf 80' lang='lat'><strong>583.</strong></span> <span class='ocrx_word' id='word_1_287' title='bbox 599 2519 745 2548; x_wconf 71' lang='lat' dir='ltr'><strong>584.-1n</strong></span> <span class='ocrx_word' id='word_1_288' title='bbox 765 2527 865 2546; x_wconf 86' lang='lat' dir='ltr'><strong>verss.</strong></span> 
     </span>
     <span class='ocr_line' id='line_1_48' title="bbox 161 2556 864 2586; baseline -0.001 -2"><span class='ocrx_word' id='word_1_289' title='bbox 161 2557 231 2585; x_wconf 74' lang='lat'><strong>764.</strong></span> <span class='ocrx_word' id='word_1_290' title='bbox 251 2559 309 2586; x_wconf 81' lang='lat'><strong>765</strong></span> <span class='ocrx_word' id='word_1_291' title='bbox 330 2557 473 2586; x_wconf 83' lang='lat' dir='ltr'><strong>transfert</strong></span> <span class='ocrx_word' id='word_1_292' title='bbox 484 2557 666 2586; x_wconf 82' lang='lat' dir='ltr'><strong>Homericos</strong></span> <span class='ocrx_word' id='word_1_293' title='bbox 691 2556 864 2586; x_wconf 85' lang='lat' dir='ltr'><strong>notissimos</strong></span> 
     </span>
     <span class='ocr_line' id='line_1_49' title="bbox 164 2595 867 2630; baseline 0 -9"><span class='ocrx_word' id='word_1_294' title='bbox 164 2603 272 2623; x_wconf 85' lang='lat' dir='ltr'><strong>versus</strong></span> <span class='ocrx_word' id='word_1_295' title='bbox 286 2595 325 2623; x_wconf 90' lang='lat'><strong>11.</strong></span> <span class='ocrx_word' id='word_1_296' title='bbox 339 2608 368 2630; x_wconf 82' lang='grc' dir='ltr'><strong>χ,</strong></span> <span class='ocrx_word' id='word_1_297' title='bbox 387 2595 552 2624; x_wconf 83' lang='lat'><strong>158-161.</strong></span> <span class='ocrx_word' id='word_1_298' title='bbox 575 2595 649 2624; x_wconf 80' lang='lat' dir='ltr'><strong>levia</strong></span> <span class='ocrx_word' id='word_1_299' title='bbox 667 2600 718 2623; x_wconf 77' lang='lat' dir='ltr'><strong>ant</strong></span> <span class='ocrx_word' id='word_1_300' title='bbox 735 2595 867 2623; x_wconf 77' lang='lat' dir='ltr'><strong>ludicra:</strong></span> 
     </span>
     <span class='ocr_line' id='line_1_50' title="bbox 161 2632 868 2670; baseline 0.001 -11"><span class='ocrx_word' id='word_1_301' title='bbox 161 2632 261 2670; x_wconf 88' lang='lat' dir='ltr'><strong>qualia</strong></span> <span class='ocrx_word' id='word_1_302' title='bbox 273 2639 359 2662; x_wconf 84' lang='lat' dir='ltr'><strong>erant</strong></span> <span class='ocrx_word' id='word_1_303' title='bbox 378 2633 407 2662; x_wconf 89' lang='lat' dir='ltr'><strong>in</strong></span> <span class='ocrx_word' id='word_1_304' title='bbox 428 2632 641 2662; x_wconf 85' lang='lat' dir='ltr'><strong>certaminibus</strong></span> <span class='ocrx_word' id='word_1_305' title='bbox 656 2643 689 2661; x_wconf 89' lang='lat' dir='ltr'><strong>ac</strong></span> <span class='ocrx_word' id='word_1_306' title='bbox 703 2633 794 2669; x_wconf 86' lang='lat' dir='ltr'><strong>ludis,</strong></span> <span class='ocrx_word' id='word_1_307' title='bbox 815 2642 868 2661; x_wconf 89' lang='lat' dir='ltr'><strong>seu</strong></span> 
     </span>
     <span class='ocr_line' id='line_1_51' title="bbox 162 2671 751 2707; baseline 0.002 -9"><span class='ocrx_word' id='word_1_308' title='bbox 162 2673 324 2707; x_wconf 78' lang='grc' dir='ltr'>στεφανῒται</span> <span class='ocrx_word' id='word_1_309' title='bbox 337 2671 380 2700; x_wconf 74' lang='lat' dir='ltr'><strong>illi</strong></span> <span class='ocrx_word' id='word_1_310' title='bbox 394 2676 496 2701; x_wconf 72' lang='lat' dir='ltr'><strong>essent</strong></span> <span class='ocrx_word' id='word_1_311' title='bbox 510 2681 562 2700; x_wconf 84' lang='lat' dir='ltr'><strong>seu</strong></span> <span class='ocrx_word' id='word_1_312' title='bbox 574 2674 751 2706; x_wconf 73' lang='grc' dir='ltr'>χρηματῗται.</span> 
     </span>
    </p>
   </div>
   <div class='ocr_carea' id='block_1_12' title="bbox 900 1866 1611 2706">
    <p class='ocr_par' dir='ltr' id='par_1_25' title="bbox 900 1866 1611 2706">
     <span class='ocr_line' id='line_1_52' title="bbox 943 1866 1608 1903; baseline -0.005 -5"><span class='ocrx_word' id='word_1_313' title='bbox 943 1870 1002 1898; x_wconf 81' lang='grc'><strong>766</strong></span> <span class='ocrx_word' id='word_1_314' title='bbox 1022 1869 1174 1903; x_wconf 82' lang='lat' dir='ltr'><strong>Oleaster,</strong></span> <span class='ocrx_word' id='word_1_315' title='bbox 1197 1872 1311 1901; x_wconf 72' lang='grc' dir='ltr'><strong>κότινος,</strong></span> <span class='ocrx_word' id='word_1_316' title='bbox 1327 1867 1434 1900; x_wconf 78' lang='lat' dir='ltr'><strong>fuerat,</strong></span> <span class='ocrx_word' id='word_1_317' title='bbox 1455 1867 1484 1894; x_wconf 91' lang='lat' dir='ltr'><strong>in</strong></span> <span class='ocrx_word' id='word_1_318' title='bbox 1507 1866 1608 1895; x_wconf 87' lang='lat' dir='ltr'><strong>medio</strong></span> 
     </span>
     <span class='ocr_line' id='line_1_53' title="bbox 904 1905 1608 1946; baseline -0.006 -10"><span class='ocrx_word' id='word_1_319' title='bbox 904 1917 1022 1946; x_wconf 86' lang='lat' dir='ltr'><strong>campo,</strong></span> <span class='ocrx_word' id='word_1_320' title='bbox 1036 1917 1113 1935; x_wconf 88' lang='lat' dir='ltr'><strong>nunc</strong></span> <span class='ocrx_word' id='word_1_321' title='bbox 1133 1906 1247 1935; x_wconf 80' lang='lat' dir='ltr'><strong>recisus</strong></span> <span class='ocrx_word' id='word_1_322' title='bbox 1271 1906 1322 1938; x_wconf 82' lang='lat' dir='ltr'><strong>ita,</strong></span> <span class='ocrx_word' id='word_1_323' title='bbox 1345 1909 1378 1932; x_wconf 88' lang='lat' dir='ltr'><strong>ut</strong></span> <span class='ocrx_word' id='word_1_324' title='bbox 1397 1905 1465 1932; x_wconf 80' lang='lat' dir='ltr'><strong>inlae</strong></span> <span class='ocrx_word' id='word_1_325' title='bbox 1487 1905 1608 1933; x_wconf 86' lang='lat' dir='ltr'><strong>radices</strong></span> 
     </span>
     <span class='ocr_line' id='line_1_54' title="bbox 905 1942 1609 1983; baseline -0.003 -9"><span class='ocrx_word' id='word_1_326' title='bbox 905 1950 1021 1974; x_wconf 83' lang='lat' dir='ltr'><strong>tantum</strong></span> <span class='ocrx_word' id='word_1_327' title='bbox 1035 1945 1217 1983; x_wconf 82' lang='lat' dir='ltr'><strong>superstites</strong></span> <span class='ocrx_word' id='word_1_328' title='bbox 1234 1946 1347 1976; x_wconf 83' lang='lat' dir='ltr'><strong>essent,</strong></span> <span class='ocrx_word' id='word_1_329' title='bbox 1361 1943 1469 1980; x_wconf 90' lang='lat' dir='ltr'><strong>quibus</strong></span> <span class='ocrx_word' id='word_1_330' title='bbox 1483 1942 1609 1972; x_wconf 86' lang='lat' dir='ltr'><strong>inhaese-</strong></span> 
     </span>
     <span class='ocr_line' id='line_1_55' title="bbox 905 1981 1608 2020; baseline -0.001 -9"><span class='ocrx_word' id='word_1_331' title='bbox 905 1988 954 2012; x_wconf 83' lang='lat' dir='ltr'><strong>rat</strong></span> <span class='ocrx_word' id='word_1_332' title='bbox 975 1984 1081 2012; x_wconf 86' lang='lat' dir='ltr'><strong>AEneae</strong></span> <span class='ocrx_word' id='word_1_333' title='bbox 1106 1985 1193 2011; x_wconf 80' lang='lat' dir='ltr'><strong>hasta</strong></span> <span class='ocrx_word' id='word_1_334' title='bbox 1212 1981 1314 2020; x_wconf 88' lang='lat' dir='ltr'><strong>paullo</strong></span> <span class='ocrx_word' id='word_1_335' title='bbox 1334 1985 1401 2009; x_wconf 88' lang='lat' dir='ltr'><strong>ante</strong></span> <span class='ocrx_word' id='word_1_336' title='bbox 1421 1981 1451 2009; x_wconf 91' lang='lat' dir='ltr'><strong>in</strong></span> <span class='ocrx_word' id='word_1_337' title='bbox 1476 1982 1608 2010; x_wconf 87' lang='lat' dir='ltr'><strong>Turnum</strong></span> 
     </span>
     <span class='ocr_line' id='line_1_56' title="bbox 904 2019 1608 2050; baseline -0.001 -1"><span class='ocrx_word' id='word_1_338' title='bbox 904 2024 1015 2050; x_wconf 81' lang='lat' dir='ltr'><strong>temere</strong></span> <span class='ocrx_word' id='word_1_339' title='bbox 1036 2021 1165 2049; x_wconf 88' lang='lat' dir='ltr'><strong>emissa:</strong></span> <span class='ocrx_word' id='word_1_340' title='bbox 1188 2030 1235 2048; x_wconf 88' lang='lat' dir='ltr'><strong>vs.</strong></span> <span class='ocrx_word' id='word_1_341' title='bbox 1253 2020 1321 2047; x_wconf 84' lang='lat'><strong>711.</strong></span> <span class='ocrx_word' id='word_1_342' title='bbox 1342 2019 1410 2047; x_wconf 87' lang='lat' dir='ltr'><strong>Jam</strong></span> <span class='ocrx_word' id='word_1_343' title='bbox 1432 2019 1498 2047; x_wconf 82' lang='lat' dir='ltr'><strong>haec</strong></span> <span class='ocrx_word' id='word_1_344' title='bbox 1519 2020 1608 2048; x_wconf 84' lang='lat' dir='ltr'><strong>arbos</strong></span> 
     </span>
     <span class='ocr_line' id='line_1_57' title="bbox 904 2057 1608 2094; baseline -0.001 -7"><span class='ocrx_word' id='word_1_345' title='bbox 904 2069 990 2087; x_wconf 87' lang='lat' dir='ltr'><strong>sacra</strong></span> <span class='ocrx_word' id='word_1_346' title='bbox 1005 2063 1069 2087; x_wconf 83' lang='lat' dir='ltr'><strong>erat</strong></span> <span class='ocrx_word' id='word_1_347' title='bbox 1086 2059 1203 2091; x_wconf 86' lang='lat' dir='ltr'><strong>Fauno,</strong></span> <span class='ocrx_word' id='word_1_348' title='bbox 1218 2058 1413 2090; x_wconf 79' lang='lat' dir='ltr'><strong>Laurentum,</strong></span> <span class='ocrx_word' id='word_1_349' title='bbox 1428 2057 1608 2094; x_wconf 84' lang='lat' dir='ltr'><strong>omninoque</strong></span> 
     </span>
     <span class='ocr_line' id='line_1_58' title="bbox 903 2094 1608 2131; baseline -0.006 -5"><span class='ocrx_word' id='word_1_350' title='bbox 903 2098 1089 2129; x_wconf 83' lang='lat' dir='ltr'><strong>Latinorum,</strong></span> <span class='ocrx_word' id='word_1_351' title='bbox 1104 2096 1226 2129; x_wconf 85' lang='lat' dir='ltr'><strong>numini,</strong></span> <span class='ocrx_word' id='word_1_352' title='bbox 1240 2100 1270 2124; x_wconf 80' lang='lat' dir='ltr'><strong>et</strong></span> <span class='ocrx_word' id='word_1_353' title='bbox 1282 2094 1444 2131; x_wconf 85' lang='lat' dir='ltr'><strong>conspicua</strong></span> <span class='ocrx_word' id='word_1_354' title='bbox 1464 2095 1608 2131; x_wconf 82' lang='lat' dir='ltr'><strong>appensis</strong></span> 
     </span>
     <span class='ocr_line' id='line_1_59' title="bbox 904 2134 1607 2173; baseline -0.003 -9"><span class='ocrx_word' id='word_1_355' title='bbox 904 2136 1118 2173; x_wconf 85' lang='lat' dir='ltr'><strong>naufragorum</strong></span> <span class='ocrx_word' id='word_1_356' title='bbox 1133 2134 1211 2162; x_wconf 74' lang='lat' dir='ltr'><strong>votis</strong></span> <span class='ocrx_word' id='word_1_357' title='bbox 1226 2144 1230 2160; x_wconf 92' lang='lat'>:</span> <span class='ocrx_word' id='word_1_358' title='bbox 1253 2136 1342 2161; x_wconf 82' lang='lat' dir='ltr'><strong>notus</strong></span> <span class='ocrx_word' id='word_1_359' title='bbox 1367 2136 1523 2160; x_wconf 84' lang='lat' dir='ltr'><strong>nautarum</strong></span> <span class='ocrx_word' id='word_1_360' title='bbox 1541 2142 1607 2162; x_wconf 91' lang='lat' dir='ltr'><strong>mos</strong></span> 
     </span>
     <span class='ocr_line' id='line_1_60' title="bbox 903 2170 1604 2208; baseline -0.004 -6"><span class='ocrx_word' id='word_1_361' title='bbox 903 2174 953 2202; x_wconf 92' lang='lat' dir='ltr'><strong>vel</strong></span> <span class='ocrx_word' id='word_1_362' title='bbox 975 2183 1014 2202; x_wconf 87' lang='lat' dir='ltr'><strong>ex</strong></span> <span class='ocrx_word' id='word_1_363' title='bbox 1038 2173 1148 2201; x_wconf 86' lang='lat' dir='ltr'><strong>Horat.</strong></span> <span class='ocrx_word' id='word_1_364' title='bbox 1169 2173 1195 2200; x_wconf 91' lang='lat'><strong>1.</strong></span> <span class='ocrx_word' id='word_1_365' title='bbox 1218 2172 1317 2200; x_wconf 86' lang='lat' dir='ltr'><strong>Carm.</strong></span> <span class='ocrx_word' id='word_1_366' title='bbox 1344 2173 1372 2204; x_wconf 90' lang='lat'><strong>5,</strong></span> <span class='ocrx_word' id='word_1_367' title='bbox 1395 2170 1604 2208; x_wconf 27' lang='lat' dir='ltr'><strong>14i—-li9mcm,</strong></span> 
     </span>
     <span class='ocr_line' id='line_1_61' title="bbox 902 2208 1606 2246; baseline -0.004 -6"><span class='ocrx_word' id='word_1_368' title='bbox 902 2212 1101 2240; x_wconf 66' lang='lat' dir='ltr'><strong>arbon—770</strong></span> <span class='ocrx_word' id='word_1_369' title='bbox 1114 2210 1190 2238; x_wconf 80' lang='lat' dir='ltr'><strong>nullo</strong></span> <span class='ocrx_word' id='word_1_370' title='bbox 1199 2208 1374 2242; x_wconf 75' lang='lat' dir='ltr'><strong>discrimine,</strong></span> <span class='ocrx_word' id='word_1_371' title='bbox 1385 2208 1512 2246; x_wconf 78' lang='lat' dir='ltr'><strong>ideoque</strong></span> <span class='ocrx_word' id='word_1_372' title='bbox 1524 2208 1606 2237; x_wconf 88' lang='lat' dir='ltr'><strong>nullo</strong></span> 
     </span>
     <span class='ocr_line' id='line_1_62' title="bbox 901 2247 1606 2288; baseline -0.006 -10"><span class='ocrx_word' id='word_1_373' title='bbox 901 2254 1041 2288; x_wconf 82' lang='lat' dir='ltr'><strong>respectu</strong></span> <span class='ocrx_word' id='word_1_374' title='bbox 1059 2249 1172 2282; x_wconf 77' lang='lat' dir='ltr'><strong>habito,</strong></span> <span class='ocrx_word' id='word_1_375' title='bbox 1196 2248 1276 2286; x_wconf 91' lang='lat' dir='ltr'><strong>quod</strong></span> <span class='ocrx_word' id='word_1_376' title='bbox 1291 2256 1376 2275; x_wconf 84' lang='lat' dir='ltr'><strong>sacra</strong></span> <span class='ocrx_word' id='word_1_377' title='bbox 1390 2250 1454 2274; x_wconf 83' lang='lat' dir='ltr'><strong>erat</strong></span> <span class='ocrx_word' id='word_1_378' title='bbox 1465 2247 1606 2275; x_wconf 83' lang='lat' dir='ltr'><strong>arbor.—</strong></span> 
     </span>
     <span class='ocr_line' id='line_1_63' title="bbox 900 2284 1608 2326; baseline -0.003 -10"><span class='ocrx_word' id='word_1_379' title='bbox 900 2290 956 2317; x_wconf 86' lang='lat'><strong>771</strong></span> <span class='ocrx_word' id='word_1_380' title='bbox 986 2297 1062 2326; x_wconf 81' lang='lat' dir='ltr'><strong>puro</strong></span> <span class='ocrx_word' id='word_1_381' title='bbox 1075 2297 1184 2325; x_wconf 80' lang='lat' dir='ltr'><strong>campo,</strong></span> <span class='ocrx_word' id='word_1_382' title='bbox 1220 2295 1326 2318; x_wconf 74' lang='lat' dir='ltr'><strong>vacuo,</strong></span> <span class='ocrx_word' id='word_1_383' title='bbox 1360 2294 1417 2312; x_wconf 89' lang='lat' dir='ltr'><strong>non</strong></span> <span class='ocrx_word' id='word_1_384' title='bbox 1449 2284 1608 2322; x_wconf 84' lang='lat' dir='ltr'><strong>impedito.</strong></span> 
     </span>
     <span class='ocr_line' id='line_1_64' title="bbox 903 2323 1605 2359; baseline -0.004 -4"><span class='ocrx_word' id='word_1_385' title='bbox 903 2327 953 2355; x_wconf 73' lang='lat' dir='ltr'><strong>Sic</strong></span> <span class='ocrx_word' id='word_1_386' title='bbox 962 2327 1014 2354; x_wconf 82' lang='lat' dir='ltr'><strong>Gr.</strong></span> <span class='ocrx_word' id='word_1_387' title='bbox 1024 2329 1243 2359; x_wconf 68' lang='grc' dir='ltr'>καθαρὸςχῶρος,</span> <span class='ocrx_word' id='word_1_388' title='bbox 1256 2328 1289 2351; x_wconf 84' lang='lat' dir='ltr'><strong>ut</strong></span> <span class='ocrx_word' id='word_1_389' title='bbox 1304 2323 1342 2351; x_wconf 78' lang='lat' dir='ltr'><strong>Il·</strong></span> <span class='ocrx_word' id='word_1_390' title='bbox 1355 2327 1389 2356; x_wconf 74' lang='grc' dir='ltr'><strong>ψ,</strong></span> <span class='ocrx_word' id='word_1_391' title='bbox 1404 2323 1453 2351; x_wconf 76' lang='lat' dir='ltr'><strong>fil.</strong></span> <span class='ocrx_word' id='word_1_392' title='bbox 1482 2323 1605 2352; x_wconf 76' lang='lat' dir='ltr'><strong>Passim</strong></span> 
     </span>
     <span class='ocr_line' id='line_1_65' title="bbox 902 2360 1606 2401; baseline -0.004 -8"><span class='ocrx_word' id='word_1_393' title='bbox 902 2374 967 2393; x_wconf 89' lang='lat' dir='ltr'><strong>mos</strong></span> <span class='ocrx_word' id='word_1_394' title='bbox 986 2364 1127 2401; x_wconf 89' lang='lat' dir='ltr'><strong>loquendi</strong></span> <span class='ocrx_word' id='word_1_395' title='bbox 1146 2363 1315 2391; x_wconf 82' lang='lat' dir='ltr'><strong>illustratus</strong></span> <span class='ocrx_word' id='word_1_396' title='bbox 1330 2371 1346 2389; x_wconf 84' lang='lat' dir='ltr'><strong>a</strong></span> <span class='ocrx_word' id='word_1_397' title='bbox 1360 2360 1435 2389; x_wconf 86' lang='lat' dir='ltr'><strong>viris</strong></span> <span class='ocrx_word' id='word_1_398' title='bbox 1447 2361 1560 2395; x_wconf 87' lang='lat' dir='ltr'><strong>doctis,</strong></span> <span class='ocrx_word' id='word_1_399' title='bbox 1577 2372 1606 2390; x_wconf 92' lang='lat' dir='ltr'><strong>v.</strong></span> 
     </span>
     <span class='ocr_line' id='line_1_66' title="bbox 904 2400 1606 2434; baseline -0.007 -2"><span class='ocrx_word' id='word_1_400' title='bbox 904 2414 930 2432; x_wconf 83' lang='lat' dir='ltr'><strong>c.</strong></span> <span class='ocrx_word' id='word_1_401' title='bbox 955 2403 992 2431; x_wconf 84' lang='lat' dir='ltr'><strong>ad</strong></span> <span class='ocrx_word' id='word_1_402' title='bbox 1019 2402 1111 2431; x_wconf 83' lang='lat' dir='ltr'><strong>Ovid.</strong></span> <span class='ocrx_word' id='word_1_403' title='bbox 1140 2401 1226 2429; x_wconf 86' lang='lat' dir='ltr'><strong>Fast.</strong></span> <span class='ocrx_word' id='word_1_404' title='bbox 1255 2400 1322 2433; x_wconf 83' lang='grc' dir='ltr'><strong>ΙΙΙ,</strong></span> <span class='ocrx_word' id='word_1_405' title='bbox 1351 2400 1519 2428; x_wconf 81' lang='grc'><strong>582.-772</strong></span> <span class='ocrx_word' id='word_1_406' title='bbox 1550 2400 1606 2434; x_wconf 83' lang='lat' dir='ltr'><strong>hic,</strong></span> 
     </span>
     <span class='ocr_line' id='line_1_67' title="bbox 904 2437 1606 2472; baseline -0.006 -3"><span class='ocrx_word' id='word_1_407' title='bbox 904 2441 934 2469; x_wconf 92' lang='lat' dir='ltr'><strong>in</strong></span> <span class='ocrx_word' id='word_1_408' title='bbox 958 2440 1111 2469; x_wconf 81' lang='lat' dir='ltr'><strong>radicibus</strong></span> <span class='ocrx_word' id='word_1_409' title='bbox 1131 2439 1231 2467; x_wconf 84' lang='lat' dir='ltr'><strong>trunci</strong></span> <span class='ocrx_word' id='word_1_410' title='bbox 1251 2437 1375 2466; x_wconf 85' lang='lat' dir='ltr'><strong>relictis.</strong></span> <span class='ocrx_word' id='word_1_411' title='bbox 1395 2437 1480 2465; x_wconf 77' lang='lat' dir='ltr'><strong>hasta</strong></span> <span class='ocrx_word' id='word_1_412' title='bbox 1499 2437 1606 2472; x_wconf 76' lang='lat' dir='ltr'><strong>stabat,</strong></span> 
     </span>
     <span class='ocr_line' id='line_1_68' title="bbox 903 2475 1608 2516; baseline -0.006 -9"><span class='ocrx_word' id='word_1_413' title='bbox 903 2490 941 2508; x_wconf 86' lang='lat' dir='ltr'><strong>ex</strong></span> <span class='ocrx_word' id='word_1_414' title='bbox 956 2481 1043 2516; x_wconf 79' lang='lat' dir='ltr'><strong>jactu</strong></span> <span class='ocrx_word' id='word_1_415' title='bbox 1065 2477 1243 2506; x_wconf 77' lang='lat' dir='ltr'><strong>7ll.-774.</strong></span> <span class='ocrx_word' id='word_1_416' title='bbox 1261 2477 1319 2504; x_wconf 81' lang='lat'><strong>775</strong></span> <span class='ocrx_word' id='word_1_417' title='bbox 1342 2475 1456 2504; x_wconf 84' lang='lat' dir='ltr'><strong>Eadem</strong></span> <span class='ocrx_word' id='word_1_418' title='bbox 1475 2475 1504 2504; x_wconf 90' lang='lat' dir='ltr'><strong>in</strong></span> <span class='ocrx_word' id='word_1_419' title='bbox 1522 2477 1608 2504; x_wconf 79' lang='lat' dir='ltr'><strong>hasta</strong></span> 
     </span>
     <span class='ocr_line' id='line_1_69' title="bbox 904 2514 1607 2552; baseline -0.006 -7"><span class='ocrx_word' id='word_1_420' title='bbox 904 2516 1032 2546; x_wconf 84' lang='lat' dir='ltr'><strong>Achillis</strong></span> <span class='ocrx_word' id='word_1_421' title='bbox 1047 2515 1242 2544; x_wconf 85' lang='lat' dir='ltr'><strong>convellenda</strong></span> <span class='ocrx_word' id='word_1_422' title='bbox 1255 2523 1349 2552; x_wconf 90' lang='lat' dir='ltr'><strong>opera</strong></span> <span class='ocrx_word' id='word_1_423' title='bbox 1363 2514 1485 2551; x_wconf 85' lang='lat' dir='ltr'><strong>ponitur</strong></span> <span class='ocrx_word' id='word_1_424' title='bbox 1496 2515 1533 2542; x_wconf 89' lang='lat' dir='ltr'><strong>ab</strong></span> <span class='ocrx_word' id='word_1_425' title='bbox 1548 2515 1607 2542; x_wconf 87' lang='lat' dir='ltr'><strong>As-</strong></span> 
     </span>
     <span class='ocr_line' id='line_1_70' title="bbox 905 2552 1606 2593; baseline -0.006 -10"><span class='ocrx_word' id='word_1_426' title='bbox 905 2559 1039 2593; x_wconf 83' lang='lat' dir='ltr'><strong>teropaeo</strong></span> <span class='ocrx_word' id='word_1_427' title='bbox 1051 2554 1090 2582; x_wconf 94' lang='lat' dir='ltr'><strong>Il.</strong></span> <span class='ocrx_word' id='word_1_428' title='bbox 1103 2561 1134 2590; x_wconf 88' lang='grc' dir='ltr'><strong>φ,</strong></span> <span class='ocrx_word' id='word_1_429' title='bbox 1149 2554 1207 2582; x_wconf 77' lang='grc'><strong>174</strong></span> <span class='ocrx_word' id='word_1_430' title='bbox 1222 2563 1289 2590; x_wconf 78' lang='lat' dir='ltr'><strong>sqq.</strong></span> <span class='ocrx_word' id='word_1_431' title='bbox 1302 2562 1389 2586; x_wconf 87' lang='lat' dir='ltr'><strong>nunc,</strong></span> <span class='ocrx_word' id='word_1_432' title='bbox 1405 2561 1472 2580; x_wconf 89' lang='lat' dir='ltr'><strong>cum</strong></span> <span class='ocrx_word' id='word_1_433' title='bbox 1492 2552 1606 2589; x_wconf 77' lang='lat' dir='ltr'><strong>lignum</strong></span> 
     </span>
     <span class='ocr_line' id='line_1_71' title="bbox 907 2590 1609 2624; baseline -0.006 -3"><span class='ocrx_word' id='word_1_434' title='bbox 907 2598 997 2622; x_wconf 76' lang='lat' dir='ltr'><strong>tenax</strong></span> <span class='ocrx_word' id='word_1_435' title='bbox 1027 2593 1180 2620; x_wconf 87' lang='lat' dir='ltr'><strong>morderet</strong></span> <span class='ocrx_word' id='word_1_436' title='bbox 1200 2601 1235 2619; x_wconf 89' lang='lat' dir='ltr'><strong>ac</strong></span> <span class='ocrx_word' id='word_1_437' title='bbox 1259 2590 1404 2619; x_wconf 83' lang='lat' dir='ltr'><strong>retineret</strong></span> <span class='ocrx_word' id='word_1_438' title='bbox 1426 2590 1552 2624; x_wconf 79' lang='lat' dir='ltr'><strong>hastam,</strong></span> <span class='ocrx_word' id='word_1_439' title='bbox 1574 2595 1609 2618; x_wconf 85' lang='lat' dir='ltr'><strong>ut</strong></span> 
     </span>
     <span class='ocr_line' id='line_1_72' title="bbox 907 2628 1609 2662; baseline -0.006 -3"><span class='ocrx_word' id='word_1_440' title='bbox 907 2631 962 2659; x_wconf 87' lang='lat' dir='ltr'><strong>diu</strong></span> <span class='ocrx_word' id='word_1_441' title='bbox 983 2631 1096 2658; x_wconf 85' lang='lat' dir='ltr'><strong>frustra</strong></span> <span class='ocrx_word' id='word_1_442' title='bbox 1113 2629 1324 2662; x_wconf 81' lang='lat' dir='ltr'><strong>revelleretur,</strong></span> <span class='ocrx_word' id='word_1_443' title='bbox 1346 2628 1478 2656; x_wconf 80' lang='lat' dir='ltr'><strong>refertur</strong></span> <span class='ocrx_word' id='word_1_444' title='bbox 1497 2637 1544 2656; x_wconf 89' lang='lat' dir='ltr'><strong>res</strong></span> <span class='ocrx_word' id='word_1_445' title='bbox 1570 2629 1609 2656; x_wconf 87' lang='lat' dir='ltr'><strong>ad</strong></span> 
     </span>
     <span class='ocr_line' id='line_1_73' title="bbox 909 2666 1611 2706; baseline -0.004 -9"><span class='ocrx_word' id='word_1_446' title='bbox 909 2668 960 2698; x_wconf 83' lang='lat' dir='ltr'><strong>dei</strong></span> <span class='ocrx_word' id='word_1_447' title='bbox 975 2668 1071 2697; x_wconf 87' lang='lat' dir='ltr'><strong>Fanni</strong></span> <span class='ocrx_word' id='word_1_448' title='bbox 1092 2678 1178 2706; x_wconf 83' lang='lat' dir='ltr'><strong>opem</strong></span> <span class='ocrx_word' id='word_1_449' title='bbox 1199 2668 1301 2697; x_wconf 86' lang='lat' dir='ltr'><strong>Turno</strong></span> <span class='ocrx_word' id='word_1_450' title='bbox 1326 2666 1524 2695; x_wconf 53' lang='lat' dir='ltr'><strong>laianu-778</strong></span> <span class='ocrx_word' id='word_1_451' title='bbox 1536 2666 1611 2694; x_wconf 80' lang='lat' dir='ltr'><strong>colui</strong></span> 
     </span>
    </p>
   </div>
   <div class='ocr_carea' id='block_1_13' title="bbox 1008 2707 1034 2746">
    <p class='ocr_par' dir='ltr' id='par_1_26' title="bbox 1008 2707 1034 2746">
     <span class='ocr_line' id='line_1_74' title="bbox 1008 2707 1034 2746; baseline 0 0"><span class='ocrx_word' id='word_1_452' title='bbox 1008 2707 1034 2746; x_wconf 85' lang='lat'>8</span> 
     </span>
    </p>
   </div>
  </div>
 </body>
</html>
