1796 3077
575 276 845 318 AENEIDOS.

901 275 1002 319 ΗΒ.
1035 272 1128 319 V11‘.
1520 287 1615 333 457

160 401 244 445 Ast
264 418 357 458 ego,
374 417 526 458 magna
546 401 666 444 Jovis
685 403 856 458 conjux,
877 401 934 445 nil
953 402 1141 459 linquere
1158 403 1352 447 inausum

161 460 272 508 Quae
292 460 588 515 potui'infelix,
610 475 707 514 quae
727 468 879 502 memet
898 461 941 502 in
960 462 1098 503 omnia
1117 462 1238 511 verti,

160 517 322 560 Vincor
341 519 395 560 ab
416 518 581 559 AEnea!
615 518 746 564 Quod
767 518 801 558 si
820 534 914 560 mea
934 520 1104 560 numina
1123 534 1207 560 non
1226 526 1322 561 sunt

1524 519 1610 561 310

161 574 325 631 Magna
333 576 432 616 satis
444 610 449 614 .
462 576 652 617 dubitem
659 575 776 616 haud
785 576 982 630 equidem
989 575 1212 631 implorare
1221 577 1336 630 quod
1344 590 1521 633 usquam
1528 584 1606 620 est.

158 631 351 675 Flectere
373 633 407 673 si
427 647 592 687 nequeo
616 633 820 687 SuperOS,
842 632 1092 675 Acheronta
1110 635 1304 677 movebo,

158 689 263 731 Non
283 690 455 731 dabitur
475 690 630 744 regnis,
646 697 749 739 esto,
770 690 998 745 prohibere
1019 691 1195 742 Latinis,

157 745 304 802 Atque
321 748 491 788 immota
510 753 651 788 manet
671 746 766 788 fatis
789 747 966 789 Lavinia
985 748 1143 803 conjux
1161 763 1171 790 ε

157 803 220 845 At
236 804 421 851 trahere,
436 811 565 858 atque
584 818 724 844 moras
744 805 869 845 tantis
886 805 983 846 licet
1002 806 1161 847 addere
1181 807 1309 848 rebus
1325 822 1339 856 ς

1520 805 1606 848 315

157 861 220 902 At
240 861 338 903 licet
358 861 578 902 amborum
598 859 779 915 populos
797 862 1046 903 exscindere
1065 876 1226 917 regum.

157 917 255 960 Hac
275 933 407 973 gener
427 925 555 971 atque
575 931 696 959 socer
715 918 868 959 coeant
880 919 1076 961 mercede
1092 934 1276 962 suorum.

157 975 373 1030 Sanguine
394 973 586 1030 Trojano
605 981 648 1016 et
669 974 834 1016 Rutulo
854 976 1070 1026 dotabere,
1090 977 1235 1032 virgo:

156 1032 217 1073 Et
240 1032 418 1073 Bellona
437 1040 578 1073 manet
598 1039 640 1073 te
659 1033 869 1087 pronuba.

155 1089 312 1131 Cisseis
334 1104 559 1143 praegnans
579 1089 697 1144 ignes
718 1090 842 1130 enixa
855 1089 1024 1145 jugales
1041 1106 1050 1132 :

927 1032 1026 1075 Nec
1044 1033 1137 1076 face
1151 1040 1314 1077 tantum

156 1147 273 1193 Quin
292 1147 404 1188 idem
425 1146 586 1188 Veneri
601 1154 747 1200 partus
767 1161 881 1197 suuS,
897 1155 940 1188 et
959 1146 1079 1189 Paris
1100 1147 1218 1198 alter,

154 1204 191 1245 F
194 1211 440 1257 unestaeque
459 1204 611 1244 iterum
632 1203 816 1244 recidiva
834 1204 877 1244 in
893 1203 1103 1259 Pergama
1121 1205 1258 1247 taedae.

211 1260 321 1301 Haec
338 1261 412 1301 ubi
432 1260 546 1302 dicta
566 1260 698 1308 dedit,
719 1267 853 1301 terras
873 1260 1088 1302 horrenda
1105 1262 1276 1316 petivit3

154 1318 409 1359 Luctificam
428 1317 598 1359 Allecto
620 1316 824 1358 Dirarum
844 1318 899 1358 ab
921 1318 1021 1359 sede
1042 1333 1234 1360 sororum

151 1375 417 1429 Infernisque
438 1375 521 1416 ciet
540 1375 726 1416 tenebris
743 1390 752 1414 :
784 1375 852 1415 cui
872 1375 1007 1416 tristia
1026 1375 1153 1425 bella,
1523 1374 1610 1416 325

154 1432 333 1487 Iraeque,
354 1432 615 1486 insidiaeque,
637 1438 680 1471 et
699 1431 872 1472 crimina
890 1432 1019 1473 noxia
1037 1433 1171 1474 cordi.

151 1490 260 1531 Odit
279 1497 322 1530 et
344 1489 434 1543 ipse
455 1496 578 1543 pater
599 1487 768 1537 Pluton,
793 1488 923 1530 odere
943 1503 1109 1531 sorores

150 1546 374 1588 Tartareae
393 1554 645 1588 monstrum:
678 1552 741 1586 tot
761 1559 853 1586 sese
872 1547 999 1588 vertit
1014 1547 1058 1587 in
1076 1560 1164 1596 ora,

152 1604 265 1646 Tam
284 1618 407 1645 saevae
427 1603 571 1654 facies,
593 1610 656 1645 tot
675 1601 854 1657 pullulat
873 1610 965 1644 atra
983 1602 1184 1645 colubris.

151 1717 221 1745 525.
236 1716 307 1745 add.
321 1715 465 1754 Apollod.
477 1716 505 1751 Ι,
520 1717 549 1745 8.
565 1716 593 1744 2.
606 1714 713 1744 Nostri
725 1715 862 1744 Maronis

154 1755 294 1794 vestigiis
311 1755 422 1783 institit
440 1755 555 1784 Statius
570 1755 633 1783 VII
649 1754 746 1783 Theb.
757 1755 815 1783 203
831 1758 862 1783 et

153 1795 321 1824 :ML—305
350 1795 488 1823 concessit
519 1794 550 1822 in
574 1794 647 1827 iras,
676 1793 713 1822 ad
741 1803 860 1831 poenam

154 1837 185 1861 et
201 1833 473 1862 vindictam.—307
485 1843 540 1871 pro
555 1831 674 1871 vulgari
688 1842 694 1859 :
723 1832 792 1868 Quo
817 1836 861 1860 ta-

155 1882 220 1900 inen
248 1871 365 1901 scelere
386 1875 436 1900 aut
466 1872 603 1910 Lapithae
625 1874 676 1900 aut
700 1870 861 1909 calydonii

154 1914 263 1939 taniam
277 1921 397 1949 poenam
410 1911 599 1939 meruerant?
613 1909 737 1939 Scilicet
748 1920 862 1948 [urnam

149 1949 255 1978 scelere
268 1960 377 1978 merere
387 1950 425 1978 ad
434 1950 660 1988 exquisitiorein
676 1949 800 1977 formam
814 1958 861 1977 re-

151 1992 293 2018 vocatum
306 1992 354 2018 est
366 1999 371 2016 :
398 1989 490 2017 scelus
504 1998 631 2023 merere;
652 1987 781 2026 ideoque
794 1997 861 2026 poe-

152 2036 218 2056 nam
230 2027 374 2056 sceleris:
389 2031 422 2056 ut
439 2037 506 2066 sup.
521 2028 568 2063 II,
578 2028 638 2057 229
651 2026 742 2056 scelus
756 2037 861 2066 expen-

150 2066 226 2095 disse
237 2071 400 2096 merentem.
422 2067 473 2096 Sic
488 2071 549 2099 ἄτη.

192 2106 348 2135 308—319
368 2116 434 2144 quae
450 2105 547 2144 potui,
562 2105 591 2134 h.
610 2104 751 2140 sustinui,
767 2104 859 2133 semel

152 2143 182 2172 in
196 2154 263 2172 eum
278 2145 377 2173 locum
392 2154 440 2173 me
462 2144 581 2179 demisi,
597 2148 631 2173 nt
651 2144 751 2173 onmia
765 2143 856 2172 aude-

152 2183 324 2212 rem.-——3l4
336 2184 455 2212 immota
477 2188 572 2212 manet
578 2183 657 2222 fatis
677 2183 781 2221 conjnx
802 2193 857 2211 ex-

151 2221 295 2260 quisitius
307 2231 362 2259 pro
377 2232 384 2250 :
407 2226 524 2252 manent
536 2223 659 2251 immota
672 2223 733 2251 fata
744 2223 781 2251 de
797 2222 856 2251 La-

152 2260 234 2289 vinia
247 2261 283 2289 ab
299 2261 396 2290 AEnea
410 2262 538 2300 conjuge
549 2262 696 2296 ducenda,
712 2265 746 2290 ut
758 2261 810 2290 lib.
826 2260 855 2294 Ι,

152 2300 211 2328 257
222 2303 336 2328 manent
349 2299 467 2328 immota
485 2304 599 2329 tuorum
615 2300 695 2329 Fata
709 2300 772 2335 tibi,
787 2309 857 2328 con-

149 2338 271 2377 jugium
286 2338 345 2366 hoo
355 2337 512 2367 interverti
526 2339 738 2378 nequit.——317
752 2349 860 2367 merces

152 2387 210 2415 pro
226 2377 305 2406 malo
320 2380 351 2406 et
365 2376 512 2415 pernicie,
532 2378 621 2407 etiam
635 2378 707 2407 alibi
720 2378 860 2417 frequen-

152 2419 260 2445 tatum.
277 2415 378 2444 cogant
397 2419 445 2444 est
461 2417 680 2455 conjungantur
693 2417 808 2446 foedere
827 2419 858 2446 et

153 2455 345 2484 matrimonio
360 2454 466 2483 AEneae
477 2456 509 2483 et
522 2455 744 2484 Laviniae.—In
759 2467 788 2484 v.
801 2457 860 2485 318

154 2493 335 2532 Euripidem
344 2503 526 2532 expressum
557 2498 641 2523 utant
651 2494 782 2533 Hippol.
791 2496 861 2523 550.

154 2532 213 2561 Est
225 2533 332 2562 saltem
346 2532 513 2562 similitudo
550 2532 730 2570 iqua.-—319
737 2533 860 2562 Bellona

150 2571 294 2610 pronuba.
320 2571 462 2601 Graviter
484 2571 609 2605 dictum,
636 2571 662 2600 si
688 2582 704 2600 e
731 2572 749 2602 J
754 2572 860 2601 unonis

154 2619 283 2648 persona
302 2609 434 2649 proferri
458 2609 642 2644 memineris,
656 2620 723 2639 nam
738 2610 862 2649 proprie

153 2649 235 2678 Juno
243 2649 377 2688 pronuba
391 2653 439 2678 est
451 2659 481 2678 v.
496 2659 521 2677 c.
534 2659 601 2687 sup.
617 2649 676 2684 IV,
693 2651 761 2678 166.

193 2689 352 2717 319—322
366 2689 468 2717 Docta
490 2692 521 2716 et
540 2697 607 2716 cuin
629 2691 692 2716 arte
709 2688 861 2717 elaborata

153 2727 261 2760 oratio,
284 2728 448 2757 secundum
467 2727 556 2765 plura
575 2725 761 2764 tragicorum
782 2737 860 2765 grae-

155 2776 261 2797 eorum
290 2765 368 2799 loca.
417 2766 485 2797 Nou
512 2770 574 2796 tuin
596 2766 686 2796 modo
719 2765 861 2801 Hecuba,

899 1715 1000 1745 Cissei
1017 1716 1051 1750 f.‚
1060 1716 1304 1755 prceynansficce,
1326 1725 1395 1744 cum
1408 1715 1502 1745 facem
1515 1719 1602 1745 utero

901 1764 1007 1793 gerere
1032 1755 1204 1789 somniaret,
1223 1755 1307 1783 enixa
1328 1759 1371 1783 est
1391 1755 1605 1794 iynesjuyales,

900 1793 1086 1832 conjugales,
1099 1794 1217 1832 peperit
1231 1793 1419 1822 matrimonio
1433 1793 1536 1829 filium,
1552 1795 1607 1833 qui

902 1832 985 1861 Asiae
1010 1832 1180 1861 incendium
1205 1836 1270 1861 erat
1282 1832 1422 1869 futurus3
1444 1842 1549 1861 verum
1563 1833 1606 1862 si-

900 1871 965 1900 mili
982 1871 1071 1900 modo
1087 1871 1181 1900 facem
1201 1871 1335 1900 edidisse
1355 1874 1444 1909 partu
1457 1872 1606 1901 credenda

901 1909 959 1938 erit
977 1910 1079 1938 Venus
1092 1920 1099 1947 3
1120 1909 1226 1938 similis
1241 1909 1317 1953 ignis
1331 1910 1389 1938 erit
1402 1910 1513 1938 Veneri
1525 1910 1606 1939 filius

902 1958 987 1983 suus,
1001 1949 1115 1978 AEneas
1127 1948 1326 1987 (exquisxtius
1340 1958 1347 1976 t
1369 1948 1439 1987 quin
1458 1948 1531 1977 idem
1547 1948 1606 1978 Ve-

900 1987 980 2016 neris
989 1992 1095 2026 partus
1108 1988 1209 2026 suus),
1225 1991 1255 2016 et
1268 1987 1326 2016 erit
1338 1987 1391 2017 ille
1406 1988 1480 2016 alter
1499 1987 1605 2023 Paris,

901 2030 933 2055 et
944 2031 1032 2055 erunt
1043 2026 1148 2055 iterum
1161 2028 1291 2064 funestae
1307 2026 1389 2055 toedae
1410 2026 1440 2055 in
1453 2027 1605 2064 Peryamoe

902 2065 1039 2099 recidiva,
1054 2065 1084 2093 h.
1100 2075 1128 2094 e.
1142 2075 1219 2094 nova
1234 2065 1299 2093 haec
1321 2065 1423 2102 ija,
1439 2075 1492 2094 seu
1515 2066 1605 2094 resti-

900 2107 966 2133 tuta
980 2104 1176 2142 Trojanorum
1190 2104 1319 2136 fortuna,
1333 2103 1443 2132 iterum
1465 2104 1605 2141 experie-

897 2145 947 2171 tur
969 2146 1121 2181 tamquam
1144 2143 1270 2171 alterum
1294 2141 1423 2170 Iliacum
1439 2142 1605 2174 excidium.

897 2181 1023 2210 recidiva
1038 2182 1187 2219 Perqmna
1198 2181 1237 2210 cf.
1251 2180 1289 2209 ad
1303 2181 1373 2215 IV.,
1386 2181 1454 2209 344.
1466 2181 1603 2210 Multum

897 2220 1005 2258 tragici
1030 2221 1156 2259 spiritus
1176 2219 1244 2248 huic
1264 2219 1331 2247 loco
1356 2219 1443 2248 inest.
1482 2220 1603 2249 Versus

895 2258 955 2288 318
971 2259 1146 2293 sententiam
1161 2258 1310 2287 similibus
1319 2258 1513 2297 Tragicorum
1525 2258 1604 2288 locis

895 2298 1028 2327 illustrat
1052 2297 1209 2333 Guellius3
1242 2296 1381 2335 AEschyli
1405 2298 1514 2336 Agam.
1531 2298 1602 2327 410.

897 2339 954 2367 417
968 2337 1125 2375 Euripidis
1139 2336 1268 2374 Hippol.
1281 2336 1408 2365 550—3.

936 2377 994 2405 323
1009 2386 1076 2415 sqq.
1104 2375 1246 2413 Sequitur
1259 2374 1346 2403 locus
1358 2375 1396 2404 de
1409 2374 1524 2410 Alecto,
1538 2375 1601 2405 Fu-

897 2415 1007 2444 riarum
1025 2425 1094 2450 una,
1114 2424 1153 2444 ex
1168 2413 1272 2442 inseris
1293 2412 1428 2443 excitata
1441 2424 1458 2443 a
1469 2414 1602 2450 Junone,

898 2459 929 2483 et
942 2454 1072 2488 Amatae,
1088 2452 1185 2482 Latini
1199 2452 1298 2486 uxori,
1311 2462 1382 2481 mox
1398 2453 1514 2482 Latinis
1525 2463 1602 2492 quo-

900 2503 957 2532 que
973 2493 1121 2522 matribus
1141 2491 1282 2527 familias,
1304 2494 1369 2520 tum
1386 2493 1499 2527 Turno,
1520 2493 1602 2521 Teu-

899 2531 959 2561 cris
993 2541 1112 2570 quoque
1146 2534 1176 2559 et
1207 2530 1425 2569 Aboriginibus
1455 2530 1602 2566 immissa,

899 2570 1019 2609 egregie
1043 2569 1165 2608 quidem
1180 2568 1231 2598 ille
1252 2572 1396 2598 tractatus
1412 2572 1443 2599 et
1466 2574 1600 2603 ornatus,

899 2609 1056 2640 Juvenalis
1085 2617 1204 2646 quoque
1226 2607 1345 2646 judicio
1372 2608 1451 2644 VII,
1480 2609 1520 2638 66
1553 2619 1602 2647 sq.

899 2647 1133 2677 commendatus.

939 2686 1094 2715 323-329
1107 2686 1261 2721 horrenda,
1285 2689 1320 2715 ut
1332 2695 1419 2721 sceva,
1439 2696 1496 2725 pro
1514 2685 1602 2714 irata.

900 2726 1007 2754 -327.
1027 2725 1085 2754 328
1098 2724 1206 2754 Habes
1227 2725 1335 2754 similia
1352 2724 1490 2764 AEascbyli
1507 2724 1602 2754 verba.

902 2765 1027 2796 Eumen.
1055 2765 1105 2793 69.
1128 2764 1178 2800 70,
1196 2763 1247 2794 ubi
1267 2768 1337 2803 post
1352 2763 1410 2795 alia
1430 2763 1546 2793 tandem
1561 2762 1599 2791 de

1298 2805 1373 2847 Su
