1796 3077
624 241 893 280 AENEIDOS.
950 241 1053 280 Liss.
1081 241 1174 281 VII.

1508 248 1602 294 475

148 361 289 409 Quam
311 361 428 404 multi
451 361 612 416 Libyco
632 362 856 405 volvuntur
876 379 1079 406 marmore
1100 365 1269 414 fluctus,

148 420 295 461 Saevus
316 419 390 460 ubi
412 419 546 460 Orion
566 419 752 461 hibernis
771 421 967 463 conditur
987 422 1110 463 undis
1127 439 1137 472 ;

146 476 229 518 Vel
245 492 372 531 quum
391 476 476 518 sole
497 492 605 518 novo
626 477 769 519 densae
790 486 1003 520 torrentur
1022 479 1173 529 aristae,

1517 479 1600 519 720

147 533 239 575 Aut
261 534 411 575 Hermi
431 549 594 588 campo,
615 542 688 576 aut
710 534 854 589 Lyciae
869 535 1119 578 flaventibus
1135 537 1257 578 arvis.

147 591 278 632 Scuta
299 598 460 640 sonant,
482 591 690 646 pulsuque
713 592 870 647 pedum
890 593 1029 634 tremit
1047 594 1186 634 excita
1206 593 1343 635 tellus.

202 647 315 689 Hinc
337 647 709 703 Agamemnonius,
732 648 910 703 Trojani
931 650 1106 691 nominis
1127 649 1274 700 hostis,

146 705 287 746 Curru
301 706 444 760 Jungit
467 705 649 746 Halesus
674 721 820 760 equos,
841 706 1076 760 Turnoque
1097 706 1259 749 feroces

146 761 268 803 Mille
298 763 408 816 rapit
428 762 608 816 populos
626 779 636 811 ;
667 770 835 804 vertunt
856 762 994 804 felicia
1014 763 1175 805 Bacchi
1518 765 1542 804 7

1546 764 1571 804 No

1574 763 1600 803 Qu

148 818 333 860 Massica
351 819 424 873 qui
442 819 601 866 rastris,
630 826 672 860 et
693 834 800 873 quos
821 820 874 860 de
897 819 1071 861 collibus
1092 819 1185 861 altis

143 874 337 916 Aurunci
353 876 503 916 misere
520 884 677 929 patres,
710 876 979 930 Sidicinaque
995 877 1121 930 juxta

143 932 353 987 AEqu0ra‚
375 933 531 986 quique
554 932 677 973 Cales
698 931 906 986 linquunt,
935 934 1149 988 amnisque
1171 934 1313 975 vadosi

143 988 305 1030 Accola
326 989 537 1037 Volturni,
569 989 811 1043 pariterque
835 990 1044 1031 Saticulus
1066 1006 1201 1045 asper,

141 1045 435 1099 Oscorumque
458 1061 616 1086 manus.

677 1046 857 1087 Teretes
878 1054 972 1087 sunt
994 1047 1149 1089 aclides
1170 1048 1247 1089 illis

1519 1048 1601 1089 730

144 1102 279 1143 Tela:
312 1103 387 1144 sed
405 1103 497 1144 haec
517 1103 630 1144 lento
652 1118 740 1143 mos
762 1112 825 1144 est
845 1112 990 1158 aptare
1011 1104 1192 1159 flagello.

147 1159 298 1200 Laevas
319 1167 447 1201 caetra
468 1160 598 1214 tegit;
631 1159 770 1200 falcati
790 1161 1019 1201 comminus
1041 1176 1174 1202 enses,

203 1216 297 1257 Nec
319 1223 363 1256 tu
384 1217 636 1256 carminibus
656 1218 808 1257 nostris
830 1217 1011 1257 indictus
1033 1218 1180 1265 abibis,

144 1272 323 1322 OEbale,
344 1288 469 1326 quem
490 1287 714 1328 generasse
736 1272 874 1315 Telon
897 1273 1129 1314 Sebethide
1149 1273 1336 1328 nympha

145 1330 311 1379 Fertur,
335 1329 572 1371 Teleboum
590 1329 777 1384 Capreas
797 1345 926 1384 quum
948 1346 1077 1386 regna
1098 1339 1260 1372 teneret

143 1468 250 1502 Rosea,
264 1478 317 1497 seu
335 1468 439 1506 Campi
453 1467 567 1501 Roseae,
581 1468 608 1496 in
619 1478 691 1507 agro
707 1467 851 1501 Reatino.

143 1508 184 1535 ad
195 1507 293 1536 lacum
317 1507 463 1541 Velinum,
479 1507 636 1536 fertilitate
650 1518 765 1536 summa
779 1509 852 1537 satis

141 1546 388 1575 celebres-716
406 1545 546 1574 Hortinoe
565 1546 670 1575 classes
684 1547 782 1585 simpl.
797 1557 850 1585 pro

143 1584 258 1622 copiis:
276 1594 292 1612 a
303 1584 463 1619 classibus,
474 1595 542 1623 quae
553 1585 658 1623 populi
673 1590 775 1623 partes
788 1590 856 1614 sunt

143 1628 249 1652 contra
265 1633 353 1661 quam
378 1623 535 1653 Fontauin.
554 1624 590 1652 de
605 1624 729 1661 Antiqq.
746 1624 854 1652 Hortae

145 1662 227 1691 lib.I
243 1672 271 1690 c·
293 1662 307 1690 l
331 1663 393 1706 μδ
417 1662 717 1701 statuebat.-pop11li
743 1662 854 1697 Latini,

147 1701 258 1744 oppida
272 1700 484 1730 Latinorumin
499 1710 571 1739 agro
585 1701 696 1730 Sabino
706 1701 756 1729 vel
773 1702 857 1730 Sabi-

146 1749 192 1768 ms
218 1740 550 1769 accenso.-—718-719
574 1739 624 1768 Ex
647 1739 805 1778 Apollonio
830 1740 857 1774 Ι,

145 1779 222 1808 1201
238 1787 284 1816 sq.
298 1778 627 1813 adumb1·atuni.—-720,
656 1779 713 1807 721
729 1779 786 1807 sole
803 1790 856 1807 no-

144 1826 191 1850 vo,
211 1816 309 1854 prima
322 1816 436 1846 aestatis
457 1821 552 1855 parte,
567 1818 640 1846 bene
656 1818 743 1846 Serv.
757 1818 857 1855 expli-

145 1860 205 1884 cat..
253 1855 330 1884 Nam
349 1855 404 1885 Sol
422 1866 499 1884 nuno
515 1861 561 1885 est
576 1866 630 1894 pro
653 1856 760 1884 aestivo
781 1861 856 1885 tem-

146 1903 233 1932 pore,
253 1894 328 1922 solis
349 1898 437 1928 aestu,
460 1895 572 1924 dictus.
618 1894 722 1932 Lycia.
745 1904 854 1932 aspera

145 1936 177 1962 et
198 1943 309 1962 saxosa
321 1933 413 1971 regio,
429 1934 530 1963 nescio
544 1943 578 1961 an
602 1933 672 1962 alibi
689 1933 853 1963 fertilitatis

147 1971 236 2000 laude
263 1971 444 2001 celebretur.
486 1973 593 2001 Fidem
621 1976 718 2001 tamen
753 1974 852 2010 poeta:

147 2009 220 2040 facit
245 2010 391 2048 Phrygiae
413 2015 444 2040 et
469 2011 587 2050 Lydiae,
608 2021 696 2049 quam
723 2010 854 2040 Hermus

148 2048 245 2083 alluit,
260 2049 544 2083 vicinia.Ceternm,
560 2049 791 2087 comparationis
809 2050 853 2079 ris

148 2091 181 2116 ut
203 2091 348 2122 teneatur,
365 2089 586 2117 observandum
608 2093 664 2123 est,
688 2093 739 2117 aut
754 2100 781 2118 v.
797 2090 855 2117 718

147 2136 216 2155 oum
232 2127 438 2164 superioribus
449 2128 552 2166 jungi:
575 2131 609 2156 ut
625 2128 664 2156 sit
679 2138 684 2154 :
706 2128 775 2157 ethi
791 2128 856 2165 qui-

151 2165 219 2194 dem
232 2169 289 2193 tam
301 2165 383 2193 multi
393 2166 545 2200 incedunt,
557 2177 642 2204 quam
654 2166 735 2195 multi
749 2168 857 2195 tinctus

148 2203 311 2232 volvuntur
326 2204 374 2232 vel
390 2204 492 2234 arista>
508 2209 670 2239 torrentur,
687 2215 779 2242 quum
795 2210 857 2234 tor-

149 2246 253 2271 rentur
277 2242 339 2271 sole
359 2252 447 2271 novo.
487 2244 536 2273 Ita
557 2253 611 2282 pro
627 2244 857 2282 epiphonemate

149 2285 213 2309 est:
242 2280 333 2309 Scuta
354 2286 561 2311 sontum-aut
584 2282 728 2321 distingui
756 2287 857 2321 potest

149 2321 208 2348 717
234 2323 305 2357 post
332 2329 441 2348 nomen.
482 2320 672 2356 Quammulli
691 2331 767 2350 nova
788 2332 856 2350 sen-

148 2358 244 2387 tentia
265 2358 354 2391 sacta,
377 2358 425 2387 cui
447 2359 587 2396 apodosis
609 2360 777 2398 supplenda
799 2360 854 2389 sit:

150 2401 209 2426 tam
223 2396 310 2425 multi
322 2401 407 2425 erant
418 2396 447 2425 in
459 2397 510 2425 iilo
523 2398 649 2435 agmine.
672 2399 733 2428 Pro
745 2399 855 2436 quibus

149 2435 309 2473 subjicitur
320 2435 486 2464 declaratio
500 2446 506 2463 z
529 2436 620 2464 Scuta
633 2442 737 2466 sonant
749 2448 816 2476 sqq.

190 2475 248 2503 723
272 2485 339 2513 sqq.
361 2474 496 2503 Halesus
530 2475 654 2504 adducit
683 2477 813 2514 populos
842 2487 857 2505 e

175 2512 265 2542 risois
281 2513 489 2542 Auruncorum
505 2517 537 2542 et
549 2514 697 2543 Oscorum
723 2515 860 2544 sedibus.

153 2523 174 2581 ἶ
195 2561 229 2580 se
260 2551 517 2590 Agamemnonius.
552 2561 601 2580 seu
631 2553 859 2590 Agamemnonis

154 2599 173 2618 ο
187 2590 224 2618 'm
240 2599 342 2619 comes
358 2594 387 2619 et
403 2590 499 2624 miles,
516 2599 568 2618 sen
581 2589 720 2628 originem
733 2593 769 2620 ab
781 2593 860 2631 Aga-

152 2638 308 2658 memnone
327 2629 459 2665 ducens3
494 2630 531 2657 ab
553 2638 588 2656 eo
610 2633 695 2657 natus
716 2639 781 2659 esse
803 2641 861 2659 non

153 2667 264 2704 potuit,
290 2676 359 2696 nam
379 2672 464 2706 peter
481 2667 525 2701 X,
547 2668 603 2696 417
632 2672 718 2696 rates.
759 2669 863 2700 Novar„

153 2707 243 2743 poeta
254 2706 320 2741 hnc,
333 2707 412 2744 quod
422 2707 640 2745 Campanorum
653 2706 759 2736 ducem
772 2708 858 2736 facit:

1520 1333 1602 1373 735

893 1479 959 1498 nain
977 1468 1049 1498 alias
1067 1471 1133 1507 ejus
1149 1469 1289 1499 memoria
1309 1470 1346 1498 ad
1362 1469 1497 1499 Faliscos
1514 1478 1599 1507 spee-

894 1509 1066 1547 (ἃμ-ηιμ]
1093 1509 1201 1542 Turno,
1232 1513 1300 1537 nota
1326 1509 1486 1546 elegantia.
1513 1518 1601 1546 quam

892 1557 963 1576 mox
979 1553 1009 1576 et
1027 1548 1152 1576 Tacitus
1175 1547 1285 1585 aliique
1304 1552 1375 1575 sunt
1391 1546 1521 1584 sequuti,
1546 1556 1602 1584 pro

895 1586 1027 1614 adducit.
1084 1585 1213 1624 Proprie
1239 1585 1301 1614 vim
1326 1591 1356 1614 et
1383 1585 1600 1614 festinationem

895 1624 1002 1653 innuit.
1038 1625 1173 1654 Aurunci
1186 1624 1264 1653 ultra
1273 1624 1378 1659 Lirim,
1392 1625 1420 1652 in
1431 1624 1602 1661 Campania,

896 1663 1039 1691 montium
1061 1664 1146 1701 juga.
1171 1663 1295 1691 Sidicini
1314 1672 1487 1701 camporum
1507 1663 1602 1700 plani-

898 1702 969 1730 tiem
986 1702 1117 1731 tenuisse
1131 1702 1271 1730 dicuntur
1282 1703 1393 1740 poetae,
1408 1711 1473 1730 nam
1484 1711 1603 1740 oequora

897 1741 978 1769 nulla
990 1741 1048 1769 alia
1065 1744 1144 1775 sunt,
1171 1750 1259 1778 quam
1273 1750 1457 1777 camporum,
1480 1740 1520 1768 cf.
1534 1741 1603 1769 739.

901 1779 1075 1813 Vulturnus,
1111 1779 1296 1817 Campaniae,
1329 1780 1462 1811 vadosus,
1498 1778 1603 1808 saltem

897 1818 1043 1848 nonnullis
1059 1818 1087 1846 in
1111 1818 1198 1851 locis,
1223 1818 1352 1847 fortaSse
1375 1818 1431 1846 sub
1446 1827 1605 1855 egressum

896 1857 924 1886 in
939 1867 1032 1886 mare.
1073 1856 1158 1885 Alias
1170 1866 1273 1895 rapax,
1287 1856 1370 1891 celer,
1383 1866 1515 1890 sonorus,
1530 1858 1604 1894 poe-

894 1896 933 1925 tis
948 1900 1015 1929 est;
1036 1905 1140 1924 nomen
1156 1905 1275 1933 quoque
1296 1905 1312 1924 a
1333 1895 1451 1923 vulture
1467 1895 1603 1924 ductum.

892 1934 1058 1963 Saticulus:
1081 1934 1225 1967 Saticula,
1252 1933 1425 1973 Campaniae
1442 1934 1526 1968 urbs,
1550 1944 1603 1963 un-

894 1974 931 2002 de
958 1972 1141 2002 Saticulani:
1170 1973 1207 2001 ad
1231 1972 1347 2011 priscos
1362 1972 1504 2002 Ausones
1531 1973 1604 2002 urbs

895 2012 1131 2041 refertur.—-73O
1155 2011 1274 2045 aclidas,
1301 2021 1354 2040 seu
1379 2010 1507 2048 aclydas.
1534 2011 1601 2049 ipse

895 2050 1043 2088 Virgilius
1060 2050 1133 2078 satis
1149 2050 1295 2083 declarat,
1312 2049 1413 2088 jacula
1427 2050 1532 2083 fuisse,
1544 2050 1602 2086 fla-

894 2089 978 2127 gello,
997 2093 1124 2122 amento,
1151 2088 1179 2117 h.
1195 2098 1221 2116 e.
1243 2088 1318 2122 loro,
1345 2092 1457 2126 aptata.
1479 2087 1604 2126 illigata.

897 2138 964 2166 quae
980 2127 1075 2156 emitti
1091 2132 1120 2155 et
1140 2127 1251 2155 retrahi
1271 2130 1405 2165 possent.
1446 2126 1523 2156 Mox
1539 2127 1603 2163 sal-

897 2166 954 2195 cali
969 2165 1093 2194 cominus
1121 2175 1200 2193 enses
1225 2175 1267 2193 se.
1295 2170 1419 2198 armant,
1442 2174 1481 2193 ex
1505 2169 1604 2195 antee.

898 2209 995 2243 teynnl
1010 2214 1019 2241 ‚·
1045 2204 1099 2232 sed
1116 2203 1284 2241 simplicius
1298 2207 1345 2231 est
1360 2204 1495 2241 accipere
1510 2213 1516 2229 :
1540 2204 1605 2241 sal-

898 2244 956 2273 caci
979 2253 1058 2271 enses
1074 2242 1149 2280 ipsis
1169 2246 1235 2271 sunt
1255 2241 1393 2276 cominus,
1418 2241 1537 2280 quoties
1553 2252 1604 2270 co-

899 2283 998 2312 minus
1010 2285 1168 2319 pugnatur.

935 2322 992 2350 733
1010 2318 1146 2354 Telefum,
1162 2319 1265 2348 relicta
1277 2319 1394 2357 Tapho,
1407 2329 1474 2357 quae
1489 2329 1547 2349 una
1561 2330 1601 2349 ex

898 2359 1103 2390 Echinadibus
1132 2358 1237 2387 insulis
1267 2357 1442 2387 Acarnaniae
1473 2358 1603 2396 objectis

897 2404 970 2433 erat,
1000 2398 1043 2427 Ca
1065 2407 1130 2426 reas
1155 2406 1317 2434 occupasse
1341 2397 1491 2425 dicuntur.
1532 2397 1604 2427 Rex

897 2447 999 2467 eorum
1051 2436 1124 2468 elon,
1151 2445 1187 2464 ex
1212 2436 1353 2473 Nympha
1375 2435 1498 2464 sebethi
1520 2436 1605 2465 fluvii

899 2477 936 2505 ad
952 2475 1097 2513 Neapolim
1112 2474 1173 2503 filia
1190 2474 1324 2511 suscepit
1343 2473 1491 2509 OEbalmn,
1508 2476 1558 2513 qui
1574 2475 1604 2504 in

900 2515 1079 2547 continente,
1116 2523 1153 2542 ex
1185 2512 1282 2540 insula
1308 2516 1513 2550 transgressus
1539 2513 1606 2542 loca

900 2554 980 2582 circa
995 2553 1111 2581 Samam
1127 2551 1154 2579 in
1171 2550 1310 2588 Hirpinis
1324 2555 1353 2579 et
1367 2555 1501 2581 extrema
1516 2552 1605 2580 Cam«

901 2592 987 2630 pania
1002 2590 1171 2628 occupavit.
1207 2589 1274 2625 Qua
1286 2590 1363 2618 fama
1374 2590 1439 2618 haec
1452 2590 1605 2628 acceperit

902 2631 1000 2661 Maro,
1031 2639 1105 2658 nune
1134 2638 1190 2656 non
1216 2632 1352 2659 constat,
1373 2628 1432 2657 Sed
1455 2629 1546 2657 Silius
1573 2632 1604 2655 et

902 2668 1017 2697 Statius
1053 2677 1118 2695 eum
1154 2668 1427 2705 sequuntur—735
1464 2667 1507 2695 s'cz
1528 2676 1604 2697 rear,

906 2707 1053 2736 Talehonm
1080 2715 1177 2743 regna,
1201 2705 1337 2741 insulam,
1361 2716 1448 2744 qnam
1467 2706 1507 2734 Te
1521 2706 1604 2734 ebcae
