1796 3077
190 240 285 286 356

625 237 668 274 P.
699 233 931 273 VIRGILII
964 235 1211 273 MARONIs

199 355 385 398 Solvitur
404 356 447 398 in
468 369 648 404 somnos,
670 355 947 398 oculisveaut
966 363 1139 411 pectore
1160 363 1325 397 noctem
1562 356 1645 396 030

199 411 385 468 Accipit.

444 412 713 467 Ingeminunt
732 427 859 463 curae,
882 427 1110 467 rursusque
1132 427 1354 467 resurgens

199 470 329 511 Saevit
348 483 477 517 amor,
498 484 735 524 magnoque
756 471 910 511 irarum
930 471 1107 511 fluctuat
1128 476 1247 510 aestu.

201 527 273 568 Sic
294 527 402 567 adeo
422 526 588 575 insistit,
610 541 836 581 secumque
857 529 916 568 ita
937 542 1035 568 core
1055 525 1237 567 volutat:

199 583 283 633 En,
305 581 406 637 quid
428 584 538 637 ago?
569 597 768 625 rursusne
789 600 942 639 procos
962 584 1081 624 irrisa
1101 583 1263 636 priores

199 640 424 694 Experiar,
447 639 777 694 Nomadumque
797 649 938 696 petam
959 640 1169 682 connubia
1189 638 1384 694 supplex,

198 696 320 743 Quos
342 711 422 750 ego
442 696 518 737 sim
539 698 662 738 toties
678 699 766 752 jam
788 698 1018 754 dedignata
1036 697 1236 738 maritos?

197 753 345 794 Iliacas
365 753 494 808 igitur
514 753 667 795 classes
687 762 814 810 atque
836 755 978 796 ultima
999 754 1214 795 Teucrum

195 810 325 851 Jussa
348 812 532 864 sequar?
563 812 714 865 quiane
736 813 891 855 auxilio
906 814 1026 868 juvat
1046 818 1142 852 ante
1162 810 1335 859 levatos,

195 866 288 908 Aut
306 868 414 908 bene
434 868 546 922 apud
570 883 773 910 memores
793 871 945 911 veteris
967 875 1049 909 stat
1068 868 1203 922 gratia
1224 867 1321 908 facti
1338 870 1354 907 ἲ

197 924 307 970 Quis
328 938 393 965 me
414 932 566 974 autem,
590 925 656 966 fac
677 925 795 976 velle,
818 928 955 968 sinet?
987 926 1200 966 ratibusve
1222 924 1415 977 superbis.

1566 923 1648 962 ΜΟ

195 980 376 1022 Invisam
397 982 602 1035 accipiet?
634 984 781 1032 nescis,
803 984 888 1024 heu
908 983 1098 1037 perdita!
1128 981 1309 1021 necdum

194 1037 525 1079 Laomedonteae
544 1040 672 1080 sentis
692 1041 877 1094 perjuria
897 1040 1036 1094 gentis
1052 1040 1068 1078 2

196 1095 316 1141 Quid
337 1096 453 1136 tum?
486 1095 573 1136 sola
589 1095 690 1151 fuga
710 1105 859 1138 nautas
881 1097 1112 1138 comitabor
1133 1095 1333 1135 ovantes?

195 1150 269 1193 An
288 1151 430 1205 Tyriis
452 1153 646 1206 omnique
666 1168 792 1194 manu
814 1154 967 1207 stipata
987 1166 1176 1192 meorum

194 1208 373 1257 Inferar,
394 1215 436 1250 et
457 1224 564 1262 quos
585 1209 759 1250 Sidonia
778 1211 848 1250 vix
868 1211 974 1250 urbe
994 1207 1149 1255 revelli,

1564 1205 1648 1245 51³5

196 1265 366 1306 Rursus
383 1280 504 1319 agam
524 1265 688 1320 pelago,
711 1274 754 1307 et
774 1267 907 1307 ventis
927 1266 1028 1305 dare
1049 1263 1139 1304 vela
1155 1263 1348 1317 jubebo?

196 1321 314 1368 Quin
333 1336 509 1370 morere,
532 1329 579 1361 ut
598 1323 744 1362 merita
760 1336 819 1371 es,
842 1321 1039 1374 ferroque
1059 1328 1200 1360 averte
1221 1319 1420 1360 dolorem.

196 1378 270 1419 Tu
290 1377 470 1419 lacrimis
491 1379 625 1418 evicta
644 1379 762 1427 meis,
784 1386 829 1419 tu
850 1379 984 1433 prima
1004 1376 1212 1417 furentem

196 1434 292 1484 His,
313 1449 524 1488 germana,
545 1434 663 1475 malis
684 1449 845 1484 oneras,
868 1443 994 1488 atque
1015 1433 1163 1488 objicis
1182 1432 1310 1473 hosti.

196 1491 301 1532 Non
320 1491 436 1532 licuit
458 1490 630 1532 thalami
651 1499 869 1546 expertem
890 1493 977 1532 sine
999 1491 1169 1533 crimine
1191 1490 1317 1530 vitam

1567 1487 1651 1529 550

197 1548 385 1604 Degere,
405 1562 521 1590 more
542 1548 654 1598 ferae,
672 1548 764 1590 talis
786 1564 863 1591 nec
882 1556 1053 1604 tangere
1075 1549 1221 1589 curas!

196 1637 242 1667 At
255 1648 312 1666 non
326 1648 368 1667 sc.
380 1638 476 1677 carpit
487 1648 635 1677 soporem,
645 1638 908 1668 annea-Solvitur

196 1676 227 1704 in
245 1687 375 1720 somnos,
396 1678 559 1716 exquisite,
581 1688 636 1716 pro
652 1678 779 1707 solvitur
795 1688 908 1713 somno,

199 1722 313 1782 fimet&
329 1720 438 1745 noctem
454 1726 508 1754 pro
529 1717 629 1756 quiete
644 1717 742 1745 noctis
759 1727 793 1745 nc
808 1727 909 1746 somno

221 1754 287 1783 txit.
327 1755 509 1794 Iuyeminaut
522 1765 611 1788 curce,
637 1759 741 1793 utpote
762 1756 790 1784 in
814 1756 909 1785 noctis

199 1793 373 1822 solitudine.
397 1794 436 1822 ct'.
457 1803 523 1830 sup.
544 1804 575 1822 v.
599 1795 647 1822 82.
669 1794 713 1823 H.
727 1795 811 1830 fluct.
836 1799 910 1829 rest„

201 1831 301 1868 Did03
322 1832 361 1860 cs.
384 1832 454 1860 AEn.
472 1832 568 1866 VIII,
583 1834 630 1861 19.
645 1842 749 1868 mamm
768 1843 905 1861 curarum

194 1869 319 1905 fluctuat
333 1874 416 1904 anem,
432 1871 556 1899 AEneas.
578 1870 724 1899 W.—533
744 1881 810 1908 sqq.
826 1872 906 1899 conf.

200 1907 309 1946 Eurip.
330 1908 443 1937 Medea
462 1910 520 1937 502
542 1918 609 1947 sqq.
635 1909 744 1937 insistit
765 1913 862 1938 mente
877 1914 907 1938 et

201 1946 396 1984 cogitatione,
421 1951 455 1976 ut
483 1947 536 1977 sit:
558 1948 599 1975 ita
625 1948 703 1985 apud
727 1958 758 1976 se
783 1948 907 1986 cogitat,

201 1985 272 2013 dum
289 1986 447 2020 deliberat,
463 1986 535 2024 quid
550 1986 607 2014 sibi
617 1987 764 2025 agendum
781 1987 829 2015 sit.
846 1987 908 2025 (sic

202 2023 321 2059 insistit,
354 2024 460 2053 horum
483 2025 627 2063 cogitatio
652 2035 717 2053 eam
743 2026 836 2059 subit,
862 2030 909 2054 est

200 2072 300 2091 rarum
326 2063 469 2101 loquendi
496 2073 598 2101 genus.
643 2064 712 2103 W.)
747 2064 846 2098 irrisa,
875 2068 909 2093 nt

201 2101 349 2138 irrideam
371 2102 522 2140 epitheton
538 2103 575 2130 ab
592 2102 702 2131 effectu
713 2102 756 2132 rei
769 2113 807 2131 ex
823 2113 906 2132 more

201 2140 370 2206 gwfflarum.
391 2142 469 2169 conf.
517 2141 638 2170 Ernesti
667 2141 703 2170 ad
734 2141 853 2170 Callim.
880 2142 909 2170 in

237 2178 274 2206 el.
290 2180 358 2208 177.
377 2179 422 2208 H.
442 2179 549 2208 Malim
569 2180 661 2209 irrisa
683 2190 849 2218 exponere:
873 2182 909 2209 ab

204 2216 299 2245 AEnea
314 2218 467 2256 despecta.
494 2218 541 2248 W.
561 2229 667 2257 procos
689 2223 720 2247 et
746 2218 908 2248 Nomadum

204 2265 234 2283 v.
251 2265 318 2293 sup.
332 2266 360 2284 v.
374 2258 422 2285 36.
441 2257 631 2286 37.—altima
653 2257 792 2286 Teucrum
807 2258 907 2295 jussa,

204 2294 375 2331 explicant:
398 2305 536 2333 suprema
553 2296 652 2324 minus
673 2297 768 2331 bene3
789 2298 842 2325 sed
864 2297 907 2325 in-

204 2332 285 2367 tima,
313 2333 474 2362 deterrima
500 2335 811 2363 accommodatissime
840 2335 905 2374 epi-

205 2369 287 2398 theto
310 2372 347 2400 ad
368 2372 600 2411 indignationem
625 2377 655 2402 et
682 2374 794 2408 odium,
823 2374 909 2412 quasi

205 2411 442 2447 exspectandum
458 2412 509 2446 sit,
534 2417 567 2440 ut
588 2412 687 2440 intimo
712 2413 780 2441 loco
800 2412 907 2441 habea-

204 2450 266 2490 tur,
309 2452 401 2491 utque
428 2450 485 2478 sibi
513 2455 662 2489 tamquam
690 2451 784 2480 caloni
816 2451 906 2480 alicui

205 2486 412 2524 indignissmin
438 2499 575 2526 quaeque
601 2490 906 2527 iinpcrentur·—538

207 2525 313 2565 quinne
332 2526 537 2564 ‹1²e.1:e'.lioj1w‹tl
560 2533 625 2557 ante
646 2528 764 2562 levatos,
787 2539 821 2557 an
837 2529 907 2567 quia

206 2564 375 2606 eosjuvat,
385 2564 500 2593 levatos
515 2577 581 2594 esse
596 2567 681 2596 malis
694 2568 905 2603 anxili01ne03

207 2602 269 2636 vel,
292 2612 375 2641 quast
392 2613 459 2631 vero
473 2606 523 2632 hoc
536 2606 629 2641 juvet,
646 2606 754 2643 prosit,
773 2611 803 2635 ct
821 2606 908 2644 quid-

207 2655 215 2669 «
231 2651 296 2671 uam
309 2650 345 2669 eo
359 2642 550 2679 profecerinn,
564 2645 642 2680 quod
661 2645 735 2681 ipsis
751 2649 819 2673 ante
834 2656 907 2673 aux-

207 2654 260 2709 iiio
273 2679 326 2713 fui,
337 2690 353 2707 c
367 2681 520 2718 naufragio
532 2691 584 2708 cos
597 2683 790 2719 excipiendo.
816 2685 906 2719 (Low

205 2720 314 2750 *ionem
339 2718 382 2749 Et
413 2719 489 2754 bene,
514 2730 601 2758 quam
625 2721 744 2758 plurimi
766 2729 795 2750 et
815 2733 909 2760 precs-

950 1638 1110 1668 tantissimi
1122 1638 1192 1667 libri
1206 1638 1326 1673 habent,
1339 1647 1486 1676 quamque
1501 1636 1653 1666 meliorem

949 1687 1018 1706 esse
1043 1677 1181 1716 Heynius
1209 1677 1297 1710 vidit,
1324 1676 1542 1705 restituendam
1565 1679 1653 1713 puto.

950 1716 1027 1745 Nam
1054 1716 1205 1754 posterius
1227 1716 1270 1744 Ee
1295 1714 1473 1753 bene—facti
1493 1715 1531 1743 ad
1551 1714 1654 1751 priora

951 1756 1128 1793 explicanda
1156 1755 1305 1793 adjectum
1332 1764 1398 1783 esse
1419 1757 1514 1792 patet.
1545 1752 1653 1791 W.)-

950 1794 1025 1822 sinet
1039 1804 1092 1828 me,
1113 1804 1157 1822 sc.
1176 1793 1261 1832 sequi
1277 1792 1422 1829 classem,
1442 1792 1471 1821 in
1486 1792 1653 1831 sq(1.—540

945 1834 1042 1861 —543
1058 1833 1218 1861 verborum
1244 1831 1385 1861 dilectum
1400 1832 1538 1860 observa.
1577 1830 1652 1858 Tro-

941 1871 1028 1908 janos
1051 1871 1137 1908 quasi
1159 1869 1286 1909 perfidia
1305 1875 1335 1899 et
1350 1870 1483 1908 perjurio
1495 1870 1620 1898 infames
1635 1879 1652 1897 a

946 1909 1148 1938 Laomedonte
1171 1908 1353 1943 denominat,
1373 1910 1460 1946 cujus
1474 1907 1608 1946 periuria
1622 1907 1651 1935 in

946 1949 973 1977 N
982 1951 1123 1985 eptunum
1133 1951 1163 1976 et
1172 1947 1352 1984 Apollinem,
1362 1957 1431 1975 mox
1447 1947 1475 1974 in
1488 1945 1651 1975 Herculem

948 1991 1018 2015 nota
1033 1990 1112 2014 sunt.
1153 1986 1252 2013 Locus
1265 1986 1354 2014 class.
1375 1985 1452 2015 Iliad
1464 1992 1494 2021 φ,
1509 1985 1568 2012 442
1584 1995 1650 2022 sqq„

947 2026 994 2055 H.
1013 2025 1083 2053 Vid.
1097 2024 1185 2053 etiam
1202 2024 1256 2052 Ge.
1274 2024 1301 2058 Ι,
1315 2024 1383 2052 501.
1406 2023 1547 2053 Ν.-«5»13
1562 2033 1649 2051 orau-

947 2069 1000 2098 ηις,
1026 2063 1183 2098 laetante53
1205 2063 1351 2092 invidiose
1372 2067 1402 2091 et
1427 2062 1494 2090 hoc.
1519 2062 1558 2090 cf.
1583 2072 1651 2100 sup.

946 2104 1013 2132 294.
1035 2102 1200 2131 295.-545
1222 2101 1352 2139 Inferar,
1372 2111 1491 2139 sequar,
1512 2101 1651 2138 insequar

949 2142 1095 2179 Trojanos
1119 2140 1235 2169 classe?
1275 2139 1523 2177 (Similitudinem
1538 2139 1650 2168 habent

949 2181 1076 2219 aliquam
1094 2180 1186 2208 verba
1205 2179 1232 2213 Ι,
1251 2179 1320 2207 439.
1360 2179 1456 2216 Infert
1479 2188 1574 2217 seper
1593 2189 1649 2206 mc-

946 2219 1018 2249 ‹lios.
1044 2218 1179 2256 W-)—et
1201 2228 1272 2255 quos
1294 2217 1424 2252 Sidonia,
1449 2227 1526 2255 quos
1548 2217 1651 2255 paullo

947 2262 1013 2287 ante
1028 2268 1045 2286 a
1058 2257 1139 2295 Tyro
1153 2256 1296 2290 excitavi,
1306 2256 1426 2291 iteruin,
1439 2256 1565 2285 navibus
1577 2265 1646 2283 con-

948 2297 1073 2329 scensis,
1090 2295 1247 2324 maritimis
1258 2295 1397 2324 cursibus
1411 2304 1510 2324 errare
1524 2293 1650 2322 faciam?

947 2336 998 2373 (Si
1031 2334 1181 2372 Virgilius
1217 2334 1276 2362 sibi
1305 2337 1431 2367 constat,
1464 2332 1533 2361 urbs
1558 2331 1644 2360 Sido-

948 2374 998 2403 nia
1011 2378 1058 2402 est
1081 2373 1152 2401 urbs
1175 2383 1192 2401 a
1214 2373 1377 2401 Sidonibus
1399 2370 1651 2408 condita‚Ty1·1ls,

948 2414 988 2442 cf.
1012 2413 1124 2446 Laio.
1154 2413 1234 2449 3:163.
1255 2421 1350 2449 neque
1374 2409 1551 2448 expiicanda
1579 2412 1647 2436 sunt

947 2452 1039 2480 verba
1065 2451 1103 2479 ad
1128 2450 1180 2479 illa
1200 2451 1326 2479 multum
1354 2450 1457 2478 obvia:
1488 2447 1558 2476 urbs
1584 2446 1646 2475 Ro-

946 2501 1040 2524 mana,
1075 2489 1143 2517 urbs
1176 2489 1256 2518 Foro
1269 2488 1414 2527 juliensis.
1458 2485 1504 2516 W.
1538 2503 1575 2506 ——
1589 2487 1649 2514 550

945 2539 1022 2557 more
1049 2530 1137 2566 ferm,
1173 2532 1203 2557 at
1237 2538 1326 2566 quarn
1352 2535 1475 2565 parvum
1514 2534 1580 2552 loc:
1615 2528 1647 2552 nt

946 2568 1051 2596 saltem
1066 2567 1158 2595 serino
1171 2577 1253 2596 more
1270 2566 1415 2595 seclusam
1432 2563 1587 2601 ajucuuda
1599 2573 1647 2591 so-

947 2606 1065 2635 cietatis
1089 2605 1310 2642 conjunctione,
1333 2604 1423 2632 solam
1445 2608 1475 2631 et
1495 2602 1647 2630 hominum

947 2645 1128 2673 conum-reia
1142 2644 1306 2682 fugientem
1329 2643 1430 2670 vivore
1450 2640 1645 2670 licuisset!—

948 2695 997 2711 πρυ
1011 2689 1127 2720 Ιιιιιόψτν
1141 2684 1299 2719 attingere,
1322 2681 1444 2712 sentire,
1466 2679 1536 2707 tales
1550 2689 1647 2712 curas,

948 2724 1068 2752 dolores
1078 2722 1275 2751 aniini.--5t”12
1284 2720 1353 2748 Νυιι
1362 2723 1476 2749 ουνυαΐα
1485 2719 1569 2755 fides,
1580 2721 1624 2746 est
1634 2727 1653 2747 ὰ
