1796 3077
197 224 289 269 225

622 223 666 261 P.
697 221 929 262 VIRGILII
958 222 1206 264 MARONIs

198 340 341 384 RIarte
361 343 498 398 gravis
518 343 724 397 geminam
743 351 869 398 partu
887 343 1006 385 dabit
1023 344 1099 385 Ilia
1117 344 1289 400 prolem.

196 397 302 440 Inde
323 400 432 454 lupae
454 401 565 441 fulvo
581 401 753 441 nutricis
771 401 952 455 tegmine
972 400 1093 441 laetus

196 454 404 498 Romulus
425 457 607 510 excipiet
626 464 806 511 gentem,
824 464 866 498 et
887 456 1099 498 Mavortia
1115 457 1268 498 condet

195 511 373 562 Bloenia,
396 513 695 568 Romanosque
716 529 792 555 suo
814 514 867 555 de
888 515 1053 555 nomine
1075 515 1201 555 dicet.

193 568 276 610 His
298 585 376 624 ego
398 585 474 611 nec
496 579 628 611 metas
650 586 790 612 rerum
810 586 886 612 nec
909 579 1098 626 tempora
1121 585 1261 625 pono3

194 625 421 680 Imperium
444 628 531 669 sine
552 628 635 668 fine
656 628 769 668 dedi.

829 628 947 675 Quin
969 643 1119 682 aspera
1140 627 1269 675 Juno,

194 683 305 729 Quae
325 699 437 725 mare
460 700 569 726 nunc
591 692 810 739 terrasque
830 693 945 726 metu
967 685 1204 739 coelumque
1225 683 1387 738 fatigat,

194 739 378 781 Consilia
400 742 442 782 in
461 741 606 783 melius
627 742 794 791 referet,
816 757 1064 796 mecumque
1086 742 1246 782 fovebit

194 796 423 848 Romanos,
445 814 584 841 rerum
606 799 809 848 dominos,
832 807 1086 854 gentemque
1106 806 1309 851 togatam.

191 853 262 894 Sic
283 854 496 909 placitum.

556 856 714 897 Veniet
736 856 875 897 lustris
897 857 1135 897 labentibus
1156 863 1270 904 aetas,

192 909 338 957 Quum
359 913 508 954 domus
529 913 731 954 Assaraci
754 913 954 954 Phthiam
975 912 1194 966 clarasque
1218 911 1421 966 Mycenas

189 966 369 1010 Servitio
391 979 564 1024 premet,
587 985 635 1012 ac
655 970 773 1011 victis
795 970 1080 1011 dominabitur
1101 968 1243 1022 Argis.

187 1090 246 1121 tur,
276 1089 328 1117 sed
358 1089 394 1117 de
416 1089 504 1118 domo
530 1090 708 1127 regnatricc,
734 1090 771 1118 ab
791 1088 895 1118 AEuea

186 1126 320 1155 oriunda.
350 1127 512 1161 W.)—274
539 1128 597 1157 Ilia
624 1129 721 1166 poetis
745 1129 833 1162 dicta,
858 1129 894 1156 ab

188 1164 259 1199 Ilio,
283 1166 367 1203 quasi
386 1168 512 1204 Trojana
534 1168 629 1204 stirpe
651 1167 784 1199 oriunda,
809 1167 895 1195 Rhea

186 1203 292 1237 Silvia,
308 1206 451 1239 sacerdos,
470 1206 564 1242 Virgo
579 1206 722 1239 Vestalis,
739 1206 849 1243 reyina,
864 1205 892 1233 h.

186 1251 213 1269 e.
228 1243 311 1280 regio
325 1243 469 1282 sanguine
484 1249 558 1279 orta,
568 1248 601 1272 ut
612 1247 779 1279 βασίλισσα,
794 1243 892 1272 Μανῖε

184 1281 294 1318 gyrat-is,
309 1292 325 1309 e
341 1282 440 1310 Marte
456 1283 587 1320 gravida,
601 1282 742 1320 gemellos
757 1292 812 1310 uuo
827 1293 891 1320 par-

185 1322 219 1347 tu
233 1319 505 1350 edet.÷275-277
519 1321 668 1349 Romulus
684 1321 808 1349 Romam
823 1331 891 1349 eon-

186 1357 248 1385 det.
290 1358 386 1394 Quam
399 1364 501 1388 ornate
513 1364 541 1388 et
556 1359 715 1396 splendide
730 1359 785 1387 hoe
802 1361 892 1397 poeta

185 1395 309 1424 extulit!
347 1397 389 1426 Ut
422 1397 518 1435 lupam
550 1397 690 1426 nutricem
718 1398 891 1435 attingeret,

187 1433 361 1467 Romulum,
378 1437 563 1474 antiquorum
578 1436 649 1464 hero
664 1446 701 1464 im
722 1446 814 1470 more,
838 1446 892 1474 pro

186 1473 305 1501 casside
325 1474 405 1512 lupae
429 1475 554 1504 exuvias
569 1485 620 1503 seu
637 1475 767 1512 lupinam
784 1474 891 1512 pellem

187 1511 321 1547 gessisse
343 1517 452 1541 narrat.
492 1513 534 1542 E!
559 1513 641 1551 yalea
666 1513 778 1541 hirsuta
800 1518 893 1542 comta

184 1548 282 1588 lupina
296 1560 373 1578 coma
389 1552 531 1589 Propert.
554 1553 612 1586 IV,
632 1554 678 1586 10,
701 1553 748 1580 20.
773 1552 809 1580 de
832 1553 893 1580 Ro-

185 1589 277 1617 mulo.
299 1589 381 1618 Icelus
402 1591 522 1628 legsmiue
543 1601 597 1628 pro
613 1594 744 1624 ornatus,
763 1595 823 1624 aut,
844 1591 894 1629 qui

186 1627 287 1656 habet.
317 1633 423 1667 teymen
452 1629 525 1668 lupoe
560 1640 615 1667 pro
653 1629 773 1657 exuviis
802 1629 892 1667 lupae.

185 1665 327 1695 Romulus
346 1667 463 1706 excipiet
483 1672 605 1706 gyentem,
621 1668 779 1705 imperium
795 1668 892 1706 gentis

186 1703 360 1741 Hectorem,
376 1717 399 1735 s.
413 1708 568 1744 Trojanae3
592 1707 737 1735 succedet
750 1707 780 1734 in
800 1717 892 1745 regno

189 1743 303 1773 Albano
320 1746 477 1774 Romulus.
492 1745 534 1773 H.
550 1745 668 1782 excipiet
682 1745 710 1773 h.
726 1755 752 1773 e.
767 1745 893 1782 accipiet

186 1784 345 1820 regendam
359 1789 468 1821 flentem
478 1784 647 1819 Trojanam,
658 1793 715 1810 non
724 1782 825 1815 Albzr,
840 1784 891 1811 ubi

185 1830 244 1848 nou
266 1822 409 1858 regnavit,
432 1822 484 1850 sed
504 1821 620 1855 Romae,
643 1831 730 1858 quam
746 1821 890 1850 condidit.

185 1859 348 1888 Commode
363 1860 456 1897 igitur
470 1860 585 1896 adjecta
599 1860 689 1887 verba
702 1864 729 1886 et
741 1859 892 1888 ΒΙαι-ονὶἱα

184 1898 283 1926 condet
298 1898 409 1927 moeniu.
429 1897 475 1927 W‘.
516 1898 593 1925 Sunt
607 1897 670 1925 liaec
686 1896 794 1929 omnia.
814 1898 891 1926 vati-

185 1935 329 1965 ciniorum
359 1941 389 1965 et
417 1935 604 1964 oraculorum
629 1945 721 1970 more,
753 1945 806 1973 per
829 1946 890 1964 am-

185 1973 276 2012 bages
303 1985 335 2003 ac
355 1975 489 2012 pleniore
511 1985 562 2003 ore
585 1974 735 2012 exposita,
757 1984 845 2012 quam
859 1974 890 2003 in

186 2013 318 2042 oratione
331 2014 417 2043 Jovis
431 2015 467 2041 ad
478 2013 566 2042 liliam
580 2012 749 2050 exspectari
764 2017 891 2050 poterat.

185 2050 298 2079 Moeuia
328 2051 490 2086 Mavortia,
524 2052 620 2080 Roma
648 2061 664 2080 a
691 2051 800 2080 Martis
829 2052 890 2080 filio

185 2090 324 2125 condita3
352 2095 384 2119 ut
413 2101 493 2128 saepe
521 2090 667 2119 {ih—278.
691 2091 752 2118 279
779 2090 890 2118 Rerum

186 2133 287 2162 melas,
313 2129 341 2157 h.
366 2139 392 2157 e.
420 2129 563 2158 terminos
585 2128 710 2167 impet-Ii,
732 2128 792 2157 sine
809 2130 890 2165 fine,·

185 2172 294 2195 aeterna
315 2167 394 2201 urbs,
415 2172 448 2196 ut
469 2167 498 2196 in
521 2168 618 2196 numis
639 2172 668 2196 et
683 2168 890 2196 monumentis.

185 2206 213 2234 A
235 2206 334 2243 poetis
362 2207 426 2235 haec
454 2206 616 2235 innumeris
637 2206 666 2235 in
685 2205 760 2234 locis
788 2211 891 2235 ornata

186 2248 218 2272 et
247 2245 476 2273 variata-280.
504 2247 531 2274 1.
559 2245 588 2273 2.
628 2245 702 2283 Ipsa
729 2245 806 2274 Juno
838 2245 884 2273 ali-

187 2282 303 2319 quando
319 2283 417 2311 studio
428 2284 630 2312 Romanorum
639 2283 797 2313 tenebitur.
818 2283 891 2312 Fuit

184 2320 263 2349 enim
280 2331 347 2350 cum
363 2322 438 2351 Jove
460 2327 489 2351 et
511 2322 649 2351 Minerva
666 2332 763 2351 rerum
781 2322 892 2351 Roma-

183 2368 287 2388 narum
312 2360 414 2390 tutela.
453 2362 534 2390 Juno
553 2361 665 2399 fatiyat
696 2365 783 2394 metu,
809 2360 838 2389 h.
865 2371 891 2390 e.

185 2398 362 2433 terroribus,
374 2410 462 2434 mare,
480 2405 585 2434 terras,
602 2399 709 2428 caelum.
751 2399 890 2428 Verearis

184 2435 324 2471 fortusse,
347 2448 382 2466 ne
405 2443 523 2477 turgere
545 2439 683 2467 videatur
700 2437 815 2474 ora1i03
837 2439 889 2467 sed

185 2475 289 2503 subest
317 2477 480 2505 sententia:
516 2478 662 2507 Junonem
687 2477 785 2506 omnia
812 2486 887 2505 nunc

184 2512 322 2547 misc-ere,
355 2518 385 2542 ut
413 2516 559 2553 Trojanos
586 2516 700 2553 perdat.
736 2515 794 2543 lnf.
824 2514 886 2550 XI,

185 2551 253 2580 400.
294 2552 423 2582 Proinde
444 2554 539 2582 onmia.
555 2565 656 2592 mayuo
671 2554 718 2583 Ne
732 2564 811 2582 cessa
826 2558 886 2581 tur-

185 2589 254 2619 bare
267 2595 352 2618 metu.
369 2595 400 2618 ut
416 2592 490 2627 vll,
504 2594 573 2621 301.
613 2593 803 2622 Absumtoein
815 2593 887 2620 Teu-

184 2638 250 2658 cros
260 2629 334 2658 vires
347 2629 462 2668 oculique
479 2630 633 2669 marisque.
666 2631 802 2669 Denique
809 2630 886 2666 suti·

184 2677 265 2705 yare,
280 2672 313 2696 ut
325 2678 466 2702 exercere,
482 2674 528 2697 est
545 2680 664 2700 vexare.
682 2670 720 2699 cf.
738 2670 775 2698 ad
788 2669 886 2704 VIII,

185 2707 332 2736 94.--281
342 2706 359 2736 J
364 2716 497 2741 unonem,
510 2707 604 2737 animo
617 2713 730 2738 mutato
740 2708 770 2737 in
782 2707 887 2737 melio-

183 2753 248 2775 rem
261 2749 388 2785 partem,
409 2747 446 2777 εἰς
461 2749 492 2776 τὸ
505 2750 628 2783 βέλτιον,
646 2748 710 2785 jam
730 2746 885 2778 consulen-

936 1093 995 1117 tem
1022 1089 1083 1126 (sic
1111 1087 1175 1123 XI,
1201 1089 1270 1117 426.
1299 1087 1399 1117 Multa
1429 1087 1639 1118 dies—Retulit

935 1128 1094 1163 (mutavit)
1108 1127 1136 1155 iu
1147 1127 1261 1163 melius)
1276 1127 1481 1165 Romanisque
1490 1127 1640 1164 placatam

934 1175 973 1193 ex
989 1166 1118 1195 Horatio
1135 1166 1333 1194 reminisceris
1351 1167 1449 1194 (lai-m.
1467 1166 1533 1201 ΙΙΙ,
1547 1168 1575 1199 3,
1592 1167 1641 1196 17.

936 1203 1060 1232 Gratum
1081 1204 1190 1232 elocuta
1210 1204 1425 1233 consiliantibus
1438 1204 1463 1233 J
1464 1215 1553 1233 unone
1567 1205 1641 1234 clivis

932 1246 990 1271 ete.
1004 1243 1048 1271 H.
1063 1243 1173 1272 Subest
1190 1244 1283 1271 verbo
1296 1245 1404 1280 referre
1418 1243 1511 1278 notio,
1528 1253 1544 1271 a
1559 1248 1641 1273 recta

932 1280 981 1309 via
1001 1281 1167 1310 declinasse
1188 1281 1347 1311 Juuonem.
1369 1282 1416 1310 Cf.
1431 1283 1507 1311 Ann.
1522 1282 1594 1311 Tac.
1611 1283 1639 1311 Ι.

932 1320 981 1348 33.
997 1320 1017 1347 s.
1033 1321 1159 1348 animum
1181 1320 1208 1348 ἱιι
1230 1320 1331 1348 bonum
1355 1324 1473 1348 vertere.
1494 1320 1528 1348 W
1532 1322 1639 1350 .—-282

933 1358 1072 1395 Augusto
1089 1362 1263 1396 usurpatum
1276 1359 1352 1387 hunc
1367 1369 1498 1392 versum,
1512 1369 1550 1388 ex
1564 1361 1639 1388 Sue-

934 1401 994 1424 ton.
1010 1398 1119 1426 Octav.
1131 1399 1179 1426 40.
1194 1402 1306 1426 notum.
1337 1397 1451 1426 Versus
1467 1398 1639 1436 dignitatem

932 1435 961 1462 in
983 1436 1080 1472 prima
1109 1441 1192 1474 parte
1220 1436 1306 1465 facile
1331 1436 1497 1474 pereipias3
1523 1441 1551 1465 at
1570 1442 1641 1475 post

932 1473 1078 1502 Romanos
1105 1485 1203 1503 rerum
1235 1474 1365 1503 dominos
1399 1485 1491 1503 annon
1520 1476 1642 1514 languet

931 1517 1098 1552 qualemque
1113 1518 1251 1551 loyalam,
1275 1514 1303 1541 h.
1322 1524 1347 1542 e.
1365 1523 1380 1542 a
1395 1514 1568 1543 vestimenti
1589 1525 1640 1553 ge-

934 1561 1006 1580 nere
1022 1552 1230 1589 designatam?
1256 1552 1333 1588 Quis
1356 1562 1432 1581 nunc
1456 1552 1553 1582 simile
1567 1554 1640 1591 quid

935 1590 1025 1618 ferret
1048 1590 1079 1618 iu
1107 1590 1213 1623 Gallis.
1238 1591 1354 1629 AugHs,
1389 1591 1640 1630 designandis?—

934 1628 1057 1657 Scilicet
1092 1630 1243 1658 Romanos
1275 1629 1340 1658 belli
1360 1630 1499 1668 pacisque
1527 1629 1640 1659 artibus

934 1667 1026 1695 claros
1050 1673 1195 1696 memorat
1224 1669 1330 1706 po'e'ta:
1360 1668 1518 1702 Romanos,
1540 1679 1638 1698 rerum

933 1706 1072 1740 dominos,
1087 1707 1114 1735 h.
1130 1718 1156 1736 e.
1170 1708 1250 1735 orbis
1263 1711 1411 1736 terrarum
1425 1707 1639 1745 imperatores;

933 1755 968 1773 an
991 1745 1046 1772 hoc
1070 1746 1133 1773 sine
1155 1746 1263 1774 armis?
1288 1746 1349 1775 sine
1375 1745 1483 1774 bellica
1505 1746 1640 1776 virtute?

933 1783 1000 1811 Jam
1015 1788 1184 1822 yeulemque
1197 1789 1323 1822 toyatam
1340 1784 1488 1823 intelligas
1502 1789 1640 1822 spectare

932 1821 968 1848 ad
984 1825 1073 1858 togae,
1088 1823 1116 1850 h.
1132 1834 1157 1851 e.
1175 1824 1256 1860 pacis
1272 1827 1350 1852 artes
1372 1833 1405 1851 ac
1419 1822 1557 1852 virtutes.
1598 1825 1640 1853 Et

931 1859 1136 1896 cogitandum,
1161 1863 1302 1898 majorem
1326 1861 1498 1900 dignitatem
1519 1862 1548 1890 in
1571 1866 1640 1900 toga

931 1896 1001 1924 olim
1016 1897 1121 1931 fuisse,
1144 1909 1231 1936 quam
1246 1910 1322 1927 nunc
1343 1900 1373 1928 in
1395 1900 1454 1928 ullo
1470 1900 1640 1929 vestimenti

932 1945 1054 1971 genere.
1095 1936 1304 1974 Sicplacitum‚
1334 1937 1376 1965 ita
1403 1947 1457 1975 ego
1482 1939 1637 1973 constitui,

930 1973 1058 2002 decrevi.
1086 1975 1154 2011 (Sic
1182 1985 1198 2003 a
1218 1975 1277 2003 fato
1299 1975 1505 2004 coustitutum.
1532 1975 1638 2013 W.)-

930 2013 1086 2041 ess—285
1123 2013 1287 2051 Splendide
1323 2014 1524 2042 Romanorum
1560 2014 1638 2044 bella

931 2061 998 2079 cum
1026 2052 1141 2080 Graecis
1169 2057 1199 2080 et
1226 2051 1370 2080 Achaiam
1394 2052 1422 2080 in
1451 2053 1638 2089 provinciam

930 2099 1001 2128 pop.
1016 2090 1103 2118 Rom.
1120 2091 1267 2119 redactam
1283 2090 1431 2129 designat.
1446 2091 1557 2125 Ius-triv,
1567 2092 1638 2120 doo-

930 2129 990 2157 tius
1004 2138 1090 2166 quain
1104 2129 1197 2158 annis.
1218 2129 1314 2157 domus
1337 2129 1492 2164 Assaraci,
1510 2129 1638 2159 Romani

931 2176 947 2194 a
961 2167 1098 2204 Trojanis
1119 2168 1246 2199 oriundi.
1269 2168 1345 2196 inter
1367 2178 1441 2206 quos
1457 2169 1637 2204 Assaracus,

930 2206 1018 2234 Trois
1041 2206 1131 2239 filius,
1152 2217 1189 2235 ex
1211 2207 1316 2235 AEueae
1340 2206 1396 2235 fuit
1417 2207 1589 2245 majoribus.
1606 2218 1636 2237 v.

930 2243 1072 2282 Apollod.
1087 2245 1152 2277 ΙΙΙ,
1172 2246 1219 2279 12,
1233 2247 1261 2273 2.
1287 2249 1315 2274 et
1337 2245 1410 2274 Not.
1422 2245 1466 2274 H.
1506 2245 1637 2283 Proprie

930 2283 995 2311 haec
1010 2283 1101 2311 dicta.
1133 2284 1299 2312 Assaracus
1313 2288 1359 2312 est
1372 2294 1503 2322 proavus
1519 2284 1636 2314 AEneae.

932 2321 1034 2351 Adeas
1057 2322 1204 2360 imprimis
1226 2323 1354 2351 Homer.
1377 2324 1415 2351 Il.
1437 2322 1516 2355 XX,
1539 2323 1637 2351 230—

931 2361 1000 2388 241.
1021 2359 1068 2388 W.
1110 2361 1229 2389 Graecia
1250 2362 1397 2399 praeclare
1411 2371 1465 2399 per
1480 2360 1634 2395 Phthiam,

931 2402 1037 2436 utpote
1054 2399 1182 2427 Achillis
1199 2401 1336 2438 patriam.
1350 2405 1380 2429 et
1391 2400 1542 2438 Mycenas.
1555 2399 1636 2437 Aga-

931 2438 1095 2466 memnonis
1118 2439 1229 2474 sedem‚
1255 2439 1405 2468 declarata
1427 2448 1480 2466 nec
1505 2447 1562 2466 non
1581 2447 1636 2474 per

928 2476 1038 2513 Ανῃοε,
1062 2487 1136 2514 quos
1162 2481 1225 2506 tum
1247 2478 1412 2506 Diomedes
1434 2476 1556 2504 tenebat
1577 2475 1635 2513 (Il.

926 2519 957 2551 β,
974 2515 1031 2543 559
1046 2518 1148 2553 sqq.)‘‚
1170 2520 1233 2545 erat
1256 2520 1351 2545 tamen
1371 2516 1435 2543 haec
1456 2514 1528 2542 urbs
1545 2518 1634 2544 tantae

928 2557 991 2581 tum
1016 2553 1180 2591 dignitatiS,
1208 2559 1242 2583 ut
1269 2555 1349 2593 apud
1375 2554 1542 2583 Homerum
1571 2556 1634 2582 tota

928 2592 1047 2620 Graecia
1062 2603 1115 2631 per
1127 2594 1241 2630 Argos,
1262 2599 1291 2622 et
1308 2597 1388 2621 totus
1403 2591 1556 2620 exercitus
1570 2591 1634 2620 Ar-

924 2630 1054 2668 yivorum
1072 2632 1187 2660 nomine
1202 2631 1404 2669 insigniretur.
1418 2630 1476 2658 lnf.
1491 2630 1549 2663 VI,
1564 2630 1633 2658 839.

926 2669 1021 2698 Eruet
1036 2669 1083 2698 ille
1096 2670 1206 2708 Aryos,
1220 2668 1520 2712 Ayumemnouiasqw
1531 2668 1568 2697 M
1588 2678 1632 2697 ce-

926 2718 988 2736 nas.
1029 2708 1217 2738 Gravissima
1237 2706 1385 2736 vocabula
1408 2712 1440 2736 et
1463 2711 1537 2736 ista:
1559 2679 1632 2736 ἔκν-

926 2747 995 2776 υἰιὶο
1010 2745 1464 2786 premet—dominabitur.—-286
1480 2756 1546 2785 sqq.
1580 2744 1630 2775 Ad
