1796 3077
168 245 261 290 208

605 238 650 275 P.
681 234 913 272 VIRGILH
945 234 1195 273 MARONIs

220 360 359 411 Musa,
381 361 481 402 mihi
502 375 648 402 causas
665 373 862 408 memora,
881 371 966 412 quo
986 357 1154 399 numine
1175 355 1290 406 laeso,

167 419 335 465 Quidve
357 418 515 468 dolens,
535 418 679 470 regina
699 417 826 457 deum
845 423 909 456 tot
929 413 1095 456 volvere
1116 428 1238 456 casus

165 475 376 530 Insignem
396 476 551 529 pietate
570 474 716 522 virum,
737 480 801 514 tot
821 473 937 514 adire
955 471 1139 519 labores,

458 531 666 572 Tantaene
689 530 834 571 animis
854 528 1098 570 coelestibus
1120 528 1214 570 irae!

166 532 397 586 Impulerit.

1569 466 1619 506 10

221 589 334 630 Urbs
357 588 528 642 antiqua
549 587 640 636 fuit,
664 587 785 641 Tyrii
806 594 978 627 tenuere
1000 585 1150 636 coloni,

162 646 391 697 Carthago,
414 645 577 686 Italiam
599 650 745 685 contra
767 643 1057 696 Tiberinaque
1078 644 1204 698 longe

163 702 297 750 Ostia,
318 703 434 743 dives
455 717 594 756 opum,
616 701 850 754 studiisque
874 701 1102 754 asperrima
1120 700 1218 742 belli
1235 715 1245 748 ;

160 759 300 805 Quam
321 758 436 800 Juno
457 759 590 800 fertur
609 758 731 799 terris
754 757 886 812 magis
907 758 1100 801 omnibus
1120 771 1247 800 unam
1566 753 1617 794 lo

159 871 235 900 sacta
247 874 293 900 est
307 871 413 904 oratio,
427 882 515 910 quam
529 873 555 901 si
568 872 597 901 in
614 871 701 900 Latio
715 880 783 901 eum
796 877 864 897 con-

158 910 273 939 sedisse
297 910 565 946 audires.--Unde,
592 919 652 948 qua
675 920 714 939 ex
737 920 780 944 re,
806 916 866 945 quo

156 949 266 977 factum
277 953 334 982 est,
349 953 382 977 ut
399 950 577 988 Aborigines
592 959 660 978 cum
671 947 809 986 Trojanis
826 956 867 974 ae-

155 987 239 1025 quati
250 987 398 1016 communi
408 988 581 1017 Latinorum
592 988 706 1017 nomine
717 987 776 1015 sint
785 994 864 1014 com-

156 1026 295 1063 prehensi
307 1026 402 1061 (oonf.
416 1027 486 1055 AEn.
503 1027 587 1062 XII,
599 1027 667 1055 823.
682 1027 756 1064 ΒΨ),
777 1028 810 1054 ut
825 1024 863 1052 ab

154 1065 286 1093 Ascanio
298 1065 377 1094 Alba
391 1065 430 1093 sit
441 1066 571 1099 condita,
586 1069 618 1094 et
630 1074 667 1093 ex
682 1066 747 1102 ejus
760 1066 861 1101 poste-

154 1103 196 1132 ris
210 1103 291 1132 nrbis
302 1104 404 1132 Romae
412 1104 572 1133 conditores
584 1107 682 1133 ortum
695 1101 861 1132 habuerint.

156 1141 304 1171 —Albam
325 1146 423 1171 autem
442 1144 515 1172 bene
531 1144 568 1172 ab
588 1142 713 1171 Albanis
739 1139 861 1170 ‚acribus

155 1181 304 1219 designat,
317 1191 334 1209 a
349 1185 465 1212 senatu,
476 1182 620 1210 nobiliore
636 1191 718 1219 popu
733 1190 740 1208 ι
756 1182 860 1217 parte·‚

154 1221 230 1249 cons.
244 1220 302 1252 IV,
316 1221 394 1248 682:
410 1220 486 1254 VII,
501 1222 559 1249 727
573 1230 579 1248 z
596 1219 719 1248 Romam
751 1228 783 1247 er
794 1217 861 1246 altoe

155 1258 260 1286 mcenia
276 1258 388 1291 Romae,
403 1258 534 1296 pleniore
548 1269 609 1288 ore.
641 1259 729 1287 Praec
745 1266 794 1285 are
809 1265 861 1284 au-

155 1301 214 1325 tem
236 1307 334 1325 rerum
351 1297 557 1327 narrandarum
579 1307 722 1327 summam
739 1295 775 1324 ad
799 1294 861 1323 Ro-

155 1345 306 1364 manorum
322 1335 460 1374 oriyiuem
481 1338 509 1366 in
531 1338 597 1377 ipsa
611 1335 750 1365 carminis
765 1333 861 1362 fronte

156 1378 290 1404 revocat.

194 1414 213 1442 8
235 1413 336 1446 Musa,
365 1412 436 1441 mihi
456 1424 481 1443 c.
504 1424 641 1444 memora.
681 1414 771 1445 Nam,
794 1419 861 1453 qm?

156 1452 279 1482 deorum
305 1452 473 1481 interventu
490 1460 540 1482 aut
560 1455 692 1483 consiliis
709 1457 737 1481 et
753 1449 863 1478 machi-

156 1491 325 1519 nationibus
340 1490 466 1528 alicujus
486 1492 535 1521 dei
552 1498 691 1522 eventum
709 1499 795 1520 suum
810 1488 860 1516 ha-

156 1531 294 1561 buerant,
314 1528 371 1557 nisi
389 1539 406 1557 a
430 1530 487 1559 dea
509 1532 645 1565 edoctus,
668 1532 760 1570 poeta
785 1527 862 1555 scire

157 1579 213 1597 non
233 1571 359 1606 poterat.
401 1567 510 1607 Itaque
525 1570 575 1598 ille
588 1571 666 1599 viam
683 1570 739 1598 sibi
755 1565 860 1596 munit*

158 1613 191 1637 ut
210 1607 246 1636 iis
273 1606 428 1635 commode
458 1608 500 1636 uti
526 1609 729 1648 possit.—qno
748 1604 862 1635 numine

155 1646 234 1675 lceso.
274 1645 425 1675 Sententia
441 1650 564 1684 aperta3
587 1658 692 1677 causas
715 1651 859 1675 memora,

156 1695 210 1714 cur
223 1685 303 1715 Juno
315 1685 439 1713 AEneam
451 1689 496 1713 tot
508 1686 663 1715 laboribus
675 1690 705 1715 et
719 1681 859 1715 aerumnis

157 1724 316 1761 objecerit.
363 1723 444 1752 Illud
460 1733 511 1752 cur
546 1734 578 1753 er
592 1726 724 1753 membra
736 1733 792 1762 quo
807 1730 859 1749 mt-

156 1763 229 1791 mine
245 1763 312 1791 Ioeso
334 1767 363 1791 et
383 1762 485 1800 quidve
530 1762 606 1791 olens
628 1763 807 1793 declaratur.
831 1758 859 1785 5¹¹

156 1811 281 1839 quorum
294 1801 393 1839 priore
406 1800 564 1829 haeremus.
585 1801 663 1829 Nam
678 1811 745 1829 cum
757 1806 860 1828 numen

156 1840 196 1868 sit
212 1839 359 1873 voluntas,
375 1843 436 1867 tum
454 1843 587 1876 potestas
602 1849 635 1868 ac
647 1841 787 1877 majestas
800 1836 859 1867 dei,

155 1879 233 1907 unde
242 1879 330 1906 etiam
343 1887 397 1915 pro
406 1878 472 1914 ipso
483 1877 551 1910 deo,
561 1879 663 1914 ejusve
678 1881 793 1909 natura,
807 1879 858 1903 aut

157 1916 273 1944 nomine
299 1926 333 1944 ac
359 1915 447 1944 titulo
475 1916 617 1953 ponitur,
644 1916 734 1944 variis
760 1913 857 1943 modis

155 1955 221 1984 haec
236 1959 358 1992 accepta
378 1958 455 1982 suut.
495 1954 757 1992 Simplicis-simum
778 1955 858 1982 esset

154 1993 298 2031 accipere,
316 2002 374 2031 quo
387 1993 442 2021 deo
459 1992 531 2021 laeso
546 2002 554 2027 3
574 1993 617 2021 sic
630 1994 657 2027 Ι,
671 1994 738 2021 674.
753 2002 787 2020 ne
803 2000 858 2030 quo

155 2042 185 2060 se
200 2031 314 2060 numine
327 2035 430 2065 ⁷nutet;
447 2031 498 2059 sed
514 2032 602 2068 poeta
615 2032 679 2070 ipse
693 2031 793 2060 statim
804 2040 856 2059 nu-

156 2080 221 2099 men
244 2069 319 2098 illud
346 2070 478 2106 subjicit,
501 2069 672 2105 Junonern3
701 2070 793 2107 igitur
818 2079 856 2097 ex

158 2109 247 2137 Musa
264 2108 296 2137 id
313 2118 448 2147 quaerere
461 2118 515 2136 non
528 2112 644 2146 potest:
665 2107 722 2137 nisi
737 2118 801 2137 eam
815 2108 857 2136 al·

155 2148 250 2176 terius
266 2147 315 2176 dei
328 2146 393 2175 laesi
411 2156 529 2175 causam
544 2148 715 2185 suscepisse
731 2146 857 2180 dixeris,

155 2187 236 2224 quod
250 2190 280 2215 et
293 2186 391 2224 ipsum
406 2195 509 2223 parum
526 2195 617 2215 suave
633 2191 689 2215 est.
711 2185 857 2215 Omnibus

155 2224 310 2262 expensis,
339 2234 516 2261 quamquam
540 2225 701 2259 duriorem,
727 2224 856 2263 praefero

156 2264 299 2291 rationem
326 2272 342 2290 a
364 2262 471 2290 Servio
495 2265 700 2301 propositam:
729 2273 784 2302 quo
799 2272 858 2300 qua

155 2312 198 2335 re,
231 2311 290 2338 qua
320 2300 348 2329 in
379 2310 480 2335 causa,
524 2302 731 2339 (exponuntur
757 2311 857 2330 causae

154 2348 218 2368 vas.
236 2339 379 2375 25—28.)
400 2339 513 2368 numine
536 2339 613 2373 loeso,
636 2343 790 2378 majestate
812 2339 858 2368 di-

155 2378 232 2406 vina.
253 2378 281 2406 h.
298 2387 324 2406 e.
340 2378 406 2415 ipsa
420 2378 549 2407 Junone.
590 2380 622 2408 Si
636 2382 725 2417 poeta
739 2379 858 2408 duriore

151 2418 205 2445 buc
216 2416 327 2445 ratione
339 2416 471 2445 offensus
482 2417 596 2452 fuisset,
610 2419 696 2447 facile
707 2429 774 2457 qua,
787 2427 858 2456 qua-

155 2459 253 2488 tenus,
268 2465 326 2493 qua
340 2454 367 2482 iu
381 2464 421 2484 re.
438 2456 483 2484 vel
498 2456 557 2493 qni,
574 2458 732 2494 quomodo,
748 2455 859 2486 rescri-

152 2495 222 2522 bere
230 2493 388 2532 potuisset.
403 2493 567 2531 Subjicitnr
576 2505 630 2532 pro
642 2496 841 2534 explicatione
852 2503 858 2521 ἒ

153 2531 254 2570 quidve
267 2531 546 2569 dolens——impulerit
558 2534 614 2562 dea
627 2535 722 2564 virum
737 2534 859 2573 (exqui-

153 2571 221 2604 site,
238 2571 267 2598 ln.
283 2580 307 2598 e.
325 2570 483 2609 coegerit),
497 2576 538 2599 lot
552 2582 634 2600 casus
651 2574 770 2607 volvere,
787 2573 815 2601 h.
829 2582 855 2601 e.

153 2614 187 2638 ut
210 2609 336 2641 subiret,
356 2608 461 2636 adiret.
503 2610 578 2638 Nam
597 2612 708 2641 volvere
730 2612 856 2641 dicimur

153 2658 199 2681 va,
217 2658 284 2685 quae
308 2646 455 2680 molimur,
483 2647 511 2675 in
534 2649 642 2686 quibus
666 2650 854 2689 perficiendis

152 2696 318 2718 versamur,
338 2690 426 2722 atque
450 2696 494 2719 va,
522 2697 587 2722 quae
617 2691 794 2726 perferimus
819 2698 853 2716 ac

153 2725 323 2753 toleramus.
343 2724 386 2753 H.
427 2724 572 2758 Memora,
586 2730 664 2762 quod
680 2738 785 2757 numen
800 2727 854 2757 Ju-

154 2763 235 2792 sionis
254 2763 359 2792 laesum
378 2762 428 2798 sit,
450 2762 558 2800 quidve
581 2765 709 2796 doluerit
733 2767 801 2800 (lea,
823 2769 855 2794 ut

1595 753 1616 775 Γ,

906 870 1004 899 virum
1026 877 1071 902 tot
1090 870 1172 900 adire
1190 869 1308 899 labores
1329 865 1494 903 impulerit.
1511 880 1616 900 numen

905 913 951 939 est
973 908 1084 946 laesnm,
1108 911 1137 939 h.
1153 920 1180 939 e.
1204 905 1360 938 consilium
1381 905 1458 949 deae,
1479 909 1511 937 id
1535 911 1616 948 quod

905 950 1090 987 concupivit,
1107 950 1144 979 ad
1160 948 1277 977 irritum
1298 944 1419 989 cecidit.
1460 947 1613 986 Cupiebat

905 992 1015 1023 autem,
1041 986 1216 1026 Carthagini
1235 986 1394 1022 imperium
1416 986 1498 1015 orbis
1521 990 1615 1015 terra-

901 1035 966 1054 rum
983 1037 1088 1072 parare
1102 1038 1110 1063 ·‚
1125 1036 1193 1064 quae
1207 1026 1309 1062 optata
1321 1032 1376 1060 per
1390 1023 1495 1054 AEneae
1509 1029 1611 1063 poste-

901 1074 951 1092 ros
981 1067 1067 1096 mita
1092 1065 1155 1094 fore
1178 1061 1427 1094 sciebat-dolens
1453 1073 1500 1092 ma
1522 1064 1547 1093 is
1571 1064 1610 1093 ad

901 1103 1047 1135 Paridem
1061 1108 1090 1134 et
1105 1102 1310 1142 Ganymedem
1325 1103 1453 1138 spectat.
1517 1122 1525 1130 .

941 1145 978 1172 12
999 1145 1025 1173 A
1040 1142 1166 1174 Junonis
1182 1141 1258 1171 odiis
1275 1139 1402 1173 orditur,
1424 1141 1535 1179 quippe
1557 1151 1612 1180 per

923 1192 968 1211 ure
983 1184 1110 1221 objectae
1124 1181 1207 1210 fuere
1221 1177 1427 1213 difficultates,
1449 1180 1558 1218 quibus
1572 1182 1610 1209 ab

900 1193 999 1250 (litaliae
1023 1222 1106 1250 aditu
1128 1221 1313 1248 averteretur
1334 1217 1456 1246 AEneas.
1505 1219 1610 1258 Expo-

900 1264 1011 1289 nuntur
1037 1259 1097 1288 odii
1124 1268 1223 1288 causae
1255 1266 1294 1285 ex
1323 1257 1540 1286 narrationibus
1571 1258 1611 1286 de

901 1299 992 1327 rebus
1007 1297 1145 1336 Trojanis
1157 1297 1260 1335 petitae
1274 1294 1490 1333 poetarumque
1507 1297 1611 1325 Graec-

900 1346 985 1366 orum
1011 1336 1175 1366 lectoribus
1199 1333 1425 1363 nom—Urbs
1440 1334 1514 1372 ficit,
1536 1345 1611 1373 quo-

902 1376 978 1404 niam
992 1375 1043 1404 illa
1058 1380 1121 1404 turn
1137 1377 1201 1403 erat
1216 1382 1330 1405 eversa,
1347 1381 1364 1415 a
1377 1372 1476 1410 Tyriis
1491 1374 1610 1402 condita

902 1418 931 1444 et
945 1412 1255 1451 habitata—antiqua,
1270 1419 1407 1449 quomam
1421 1411 1540 1450 antiqua
1552 1412 1611 1441 ori-

904 1463 942 1489 go
956 1454 985 1482 in
1001 1453 1105 1491 primis
1120 1452 1148 1480 in
1162 1451 1280 1480 urbium
1300 1448 1388 1477 laude
1409 1454 1589 1479 memoratur
1605 1460 1613 1486 ;

900 1490 951 1521 i'nf.
967 1493 1014 1526 II,
1029 1493 1097 1520 363.
1112 1491 1149 1520 de
1165 1491 1257 1527 'Froja
1270 1500 1276 1516 :
1304 1487 1382 1516 Urbs
1395 1488 1514 1528 emtiqzm
1528 1489 1588 1518 ruit
1601 1500 1609 1526 ;

900 1535 930 1560 ct
957 1533 995 1561 de
1024 1530 1135 1560 Italia:
1163 1529 1230 1563 III,
1258 1527 1325 1556 161.
1357 1527 1450 1556 Terra
1479 1528 1610 1566 antiqua,

896 1574 1009 1608 potens.
1031 1568 1075 1598 H.
1108 1569 1149 1597 Et
1168 1567 1257 1596 terris
1281 1565 1424 1595 tribuitur
1447 1566 1610 1604 epitheton.

904 1609 993 1637 Creta
1015 1607 1076 1636 anti
1100 1618 1147 1638 ua.
1171 1604 1345 1643 antiquitate
1367 1605 1506 1639 celebris,
1528 1606 1609 1643 apud

899 1647 1007 1677 Juven.
1021 1646 1071 1675 XI
1095 1646 1114 1680 ',
1128 1646 1198 1674 270.
1212 1644 1249 1674 cf.
1263 1643 1314 1672 inf.
1327 1643 1396 1671 531.
1419 1642 1555 1673 W.-13.
1572 1645 1609 1673 14

901 1685 1009 1730 Lonye,
1031 1685 1135 1724 procul
1150 1684 1218 1717 sita,
1238 1691 1345 1718 magno
1367 1682 1523 1720 interjecto
1547 1692 1609 1711 mn-

900 1725 942 1753 ris
963 1724 1130 1760 intervallo,
1152 1732 1190 1751 ex
1215 1722 1341 1751 adverso
1366 1721 1475 1754 Italiae,
1499 1721 1609 1759 etqui-

900 1763 967 1792 dem
984 1764 1101 1794 Romae,
1121 1770 1211 1800 quam
1237 1770 1291 1798 per
1307 1758 1432 1788 Tiberim
1456 1759 1608 1798 designari

910 1805 984 1829 nito.
1012 1802 1055 1830 H.
1084 1801 1176 1838 longe,
1198 1798 1408 1836 interpositum
1429 1798 1531 1827 verbis
1557 1798 1607 1826 Ti-

898 1811 999 1867 berina
1025 1838 1109 1870 ostia.
1135 1839 1230 1867 instar
1255 1836 1409 1875 participii
1434 1841 1493 1870 est,
1524 1836 1606 1875 lonye

896 1877 1057 1913 disla11tia‚·
1093 1876 1129 1905 ad
1157 1877 1294 1904 Graecam
1328 1884 1460 1904 normam
1490 1880 1520 1904 et
1546 1875 1616 1904 hoc*

896 1916 1018 1944 dieitur.
1067 1915 1159 1952 SOPh.
1190 1914 1240 1942 ΑΙ
1267 1914 1336 1941 204.
1365 1916 1413 1941 τοῦ
1441 1919 1604 1947 Τελαμῶνος*

896 1958 1012 1986 τηλόθεν
1039 1956 1121 1981 οἴκου,
1156 1950 1418 1988 W.—-seudiisqne
1441 1952 1604 1989 asperrima

898 1992 973 2026 belli,
995 1993 1129 2029 graviter
1152 1999 1208 2028 pro
1231 1989 1341 2022 dedita,
1363 1999 1471 2018 vacans
1485 1989 1603 2019 studiis.

896 2030 1004 2069 Vulgo
1013 2030 1113 2059 bellum
1127 2028 1187 2058 dici
1202 2027 1278 2057 solet
1298 2036 1441 2065 asperum,
1464 2032 1526 2056 turn
1541 2032 1603 2056 stu-

896 2070 972 2098 <lium
1000 2069 1074 2104 belli,
1105 2068 1232 2104 denique
1262 2065 1330 2094 urbs
1362 2076 1465 2104 uspiam
1500 2067 1602 2095 studiis

897 2108 971 2137 belli.
1017 2109 1123 2137 Virtus
1152 2105 1259 2135 bellica
1287 2115 1302 2133 a
1326 2105 1425 2142 poetis
1471 2115 1502 2134 er
1526 2105 1602 2134 iram

897 2147 1076 2186 exprimitur
1100 2146 1226 2183 ejusque
1248 2143 1402 2172 attributa.
1465 2154 1601 2182 xaspera-

897 2190 944 2215 tur
967 2190 1066 2214 autem
1087 2185 1123 2219 is,
1146 2183 1196 2221 qni
1221 2182 1382 2211 offenditur
1408 2186 1438 2211 et
1463 2183 1500 2212 ad
1527 2182 1602 2211 iram

896 2228 1086 2270 provocatur.
1135 2223 1242 2260 Itaque
1269 2230 1365 2259 asper,
1385 2225 1494 2255 τραχὺς,
1514 2222 1604 2250 modo

895 2268 1002 2298 iratus,
1031 2263 1199 2292 vehemens,
1233 2260 1325 2293 serua,
1352 2259 1452 2295 ferox,
1481 2269 1603 2296 saevns;

898 2303 987 2331 modo
1008 2301 1105 2334 sortis,
1125 2299 1308 2334 bellicosu33
1341 2299 1429 2326 modo
1454 2308 1534 2331 acer,
1556 2308 1603 2327 ar-

897 2342 980 2375 dens,
1002 2340 1177 2370 concitatus,
1198 2337 1336 2375 flagrans,
1358 2340 1391 2365 ut
1412 2337 1440 2365 h.
1455 2337 1476 2366 l.
1515 2336 1603 2365 Simi-

896 2380 964 2408 liter
992 2388 1072 2407 acres
1097 2376 1244 2408 iracundi,
1272 2375 1370 2409 calidi,
1399 2378 1510 2409 δριμεῖς,
1530 2384 1602 2403 mox

898 2418 1021 2450 strenui,
1042 2418 1192 2451 πρακτικοί,
1214 2418 1277 2443 tum
1289 2414 1492 2447 vehementes,
1507 2416 1601 2445 δεινοὶ,

899 2461 930 2486 et
946 2456 987 2485 sic
1005 2456 1107 2485 fortes.
1147 2453 1244 2482 Semel
1261 2452 1408 2481 monuisse
1422 2451 1545 2489 expedit
1565 2452 1602 2479 ad

898 2495 1106 2524 declarandam
1136 2492 1284 2531 poeticam
1313 2490 1484 2523 orationem,
1513 2499 1602 2527 quam

898 2534 927 2562 in
952 2533 1057 2571 primis
1080 2535 1266 2571 perspectam
1286 2539 1353 2558 esse
1374 2528 1600 2557 volumus.-l5

895 2573 994 2608 Quam
1016 2572 1093 2601 Juno
1116 2572 1211 2600 fertur
1224 2578 1310 2597 unam
1325 2567 1452 2595 omnium
1466 2566 1599 2596 maxime

895 2621 1020 2643 amasse,
1056 2611 1145 2638 etiam
1172 2609 1260 2637 Samo
1286 2605 1467 2644 praetulisse‚
1488 2605 1518 2633 in
1542 2615 1601 2642 qua

895 2650 1102 2687 antiquissima
1118 2653 1149 2677 et
1170 2645 1363 2675 celeberrima
1377 2642 1505 2672 Junonis
1530 2644 1600 2672 reli<

895 2688 943 2724 gio
966 2692 1040 2718 erut.
1082 2689 1127 2716 De
1152 2684 1263 2723 templo
1285 2682 1410 2712 Junonis
1437 2682 1544 2712 Samiae
1570 2692 1599 2710 v.

895 2726 1042 2756 Herodot.
1068 2727 1132 2760 111,
1155 2726 1205 2754 60.
1244 2720 1422 2757 Carthagine
1446 2721 1502 2750 sub
1521 2720 1600 2750 Ura-

896 2766 950 2794 niae
977 2765 1103 2799 nomine,
1131 2764 1160 2793 h.
1186 2772 1212 2790 e.
1240 2770 1273 2789 ea
1300 2759 1505 2798 appellatione,
1530 2770 1597 2797 qua·
