1796 3077
548 173 883 215 GEORGICON.
934 174 1034 213 LIB.
1066 176 1118 214 ΙΙ.

120 297 314 353 Quaeque
334 298 447 340 levis.

118 355 178 396 Et
195 357 287 409 quis
306 356 374 397 cui
394 353 523 397 color.

508 297 726 339 Promtum
745 304 809 339 est
827 296 958 338 oculis
978 297 1230 351 praecliscere
1250 298 1425 353 nigram,

582 354 644 396 At
665 353 912 397 sceleratum
933 354 1155 408 exquirere
1176 355 1307 411 frigus
1360 363 1365 366 ”

1476 183 1564 228 119

118 411 300 453 Difficile
321 419 407 462 est3
438 413 569 466 piceae
591 419 752 453 tantum
772 411 945 464 taxique
966 419 1164 452 nocentes

115 467 332 510 Interdum
347 475 419 509 aut
438 469 609 510 hederae
628 469 820 523 pandunt
838 467 1013 521 vestigia
1030 468 1176 522 nigrae.

173 524 254 565 His
271 526 579 575 animadversis,
610 533 764 566 terram
783 523 915 564 multo
932 531 1027 564 ante
1048 531 1257 566 memento

116 580 384 636 Excoquere,
415 589 457 623 et
474 597 647 636 magnos
664 581 882 622 scrobibus
899 580 1120 622 concidere
1137 589 1313 631 montes,

116 636 231 679 Ante
253 639 466 693 supinatas
484 638 668 693 aquiloni
689 637 912 678 ostendere
933 635 1094 690 glebas,

115 694 258 741 Quam
276 695 418 736 laetum
436 695 616 736 infodias
635 695 728 735 vitis
745 708 892 748 genus.

955 693 1129 747 Optima
1144 695 1256 748 putri

114 750 231 792 Arva
251 751 359 801 solo;
390 752 433 792 id
453 752 566 792 venti
585 758 733 792 curant
753 749 987 803 gelidaeque
1007 750 1180 803 pruinae,

116 807 175 849 Et
194 807 401 849 labefacta
419 822 588 848 movens
608 807 807 847 robustus
822 806 975 858 jugera
994 806 1142 848 fossor.

115 863 176 905 At
197 865 231 905 si
249 879 355 918 quos
376 864 492 904 haud
512 863 596 904 ulla
615 863 724 903 viros
745 860 958 915 vigilantia
978 860 1098 915 fugit,

1483 862 1565 902 5365

114 920 229 961 Ante
244 920 382 962 locum
403 920 574 962 similem
593 919 833 973 exquirunt,
864 917 937 957 ubi
958 919 1091 971 prima
1111 924 1284 972 paretur

116 976 356 1019 Arboribus
373 992 506 1032 seges,
538 984 580 1018 et
601 990 685 1030 quo
705 989 804 1016 mox
825 973 990 1028 digesta
1011 974 1182 1024 feratur,

115 1109 172 1138 snb
186 1118 303 1138 sensum
318 1109 410 1138 cadit.
433 1108 548 1137 tacitam
561 1118 590 1136 se
598 1106 709 1145 prodit,
730 1106 821 1145 vulgo

115 1148 231 1176 diceres
244 1149 347 1184 tacite‚·
369 1152 400 1176 at
420 1147 539 1185 poe'tica
559 1146 671 1175 ratione
693 1155 747 1184 pro
770 1147 820 1174 ad-

117 1186 222 1215 verbio
250 1186 377 1215 dicitur:
409 1186 498 1214 tacita
530 1184 633 1223 prodit
663 1194 694 1213 se
728 1188 819 1218 terra,

115 1226 247 1268 argutius
270 1225 388 1254 tacitam
411 1224 558 1262 se.—-quis
579 1223 623 1251 cui
647 1223 675 1251 h.
700 1233 725 1252 e.
753 1224 820 1260 quis

114 1273 287 1329 cmcuxlnque
301 1263 501 1303 (accuratiusz
520 1262 628 1300 cuique
644 1261 707 1299 W.)
721 1261 821 1290 telluri

115 1306 153 1330 szt
168 1311 200 1330 co
212 1312 255 1330 or.

153 1340 309 1369 256-258
332 1340 455 1378 Frigida
479 1344 558 1368 terra
583 1339 620 1367 ad
643 1348 819 1377 cognoscen-

116 1378 189 1407 dum
212 1379 341 1408 difficilis
361 1383 416 1408 est.
456 1378 621 1407 sceleratum
644 1387 698 1416 pro
721 1378 820 1412 noxio,

116 1417 292 1455 pernicioso.
334 1417 408 1446 Taxi
420 1421 470 1446 aut
481 1421 597 1446 certum
609 1426 701 1455 genus
714 1415 820 1444 intelli-

116 1456 252 1494 gendum,
275 1459 325 1485 aut
338 1456 394 1485 alio
415 1457 470 1484 sub
491 1455 568 1484 coelo
587 1455 681 1494 magis
701 1454 820 1483 noxiam

116 1495 182 1531 ejus
198 1498 331 1523 naturam
344 1504 411 1523 esse
425 1504 545 1523 necesse
560 1497 616 1522 est.
658 1494 704 1522 De
725 1503 769 1527 ea,
791 1497 821 1522 et

116 1533 153 1561 de
170 1532 272 1562 hedera
284 1533 370 1572 niqra
385 1533 445 1561 vid.
474 1533 602 1561 Cei-dam
615 1535 645 1559 et
658 1531 821 1559 Martinam

115 1571 282 1609 —pandunt
296 1571 427 1609 vestigia,
448 1571 556 1600 indicia
576 1570 711 1607 praebent
730 1568 821 1607 frigo-

116 1609 168 1638 ris.
208 1609 279 1639 Hoc
294 1610 399 1639 melius
414 1610 450 1638 ad
470 1619 532 1638 rem
553 1612 583 1637 et
603 1607 661 1635 loci
682 1616 821 1643 sensum3

115 1657 181 1676 uam
197 1648 235 1677 de
249 1648 460 1687 cognoscendis
471 1652 501 1676 et
511 1645 659 1675 discendis
672 1644 726 1673 soli
738 1650 821 1673 natu-

115 1686 159 1714 ris
184 1687 300 1724 agitur:
330 1688 399 1715 241.
418 1687 506 1720 255.;
538 1694 625 1722 quam
648 1688 681 1712 ut
703 1683 823 1721 vestiyia

117 1724 176 1753 sint
190 1725 314 1758 radices,
336 1735 402 1761 quae
415 1723 474 1752 late
489 1726 612 1760 serpunt
625 1722 680 1750 sub
697 1721 772 1750 solo.

155 1764 310 1792 259-262
331 1762 450 1791 Transit
468 1762 505 1790 ad
523 1761 669 1789 vinearum
685 1759 822 1788 sationem

116 1800 155 1829 de
179 1801 287 1839 quibus
309 1801 428 1839 copiose
448 1800 510 1838 agit
531 1800 569 1827 ad
591 1809 619 1827 v.
640 1799 717 1834 4193
746 1798 822 1826 niul-

114 1843 146 1867 ta
178 1839 352 1877 interposita
385 1847 572 1876 quamquam,
610 1847 677 1874 quae
712 1836 821 1865 vitibus

116 1878 282 1905 communia
307 1881 375 1905 sunt
401 1887 468 1905 eum
495 1876 560 1904 aliis
590 1874 762 1909 arboribus3
791 1878 821 1904 et

115 1916 243 1953 primum
268 1916 388 1954 quidem
419 1915 451 1943 [Ie
479 1914 623 1952 faciendis
654 1913 819 1949 scrobibus,-

116 1954 253 1982 Arbitror
267 1958 374 1987 autem,
396 1958 461 1982 ante
475 1953 578 1983 oculos
593 1952 733 1981 habuisse
748 1953 821 1990 poe'-

115 1996 175 2021 tam
203 1993 344 2031 Xenoph.
373 1992 480 2021 OEcon.
508 2003 534 2020 c.
565 1990 658 2024 XVI,
689 1992 723 2019 ll
754 2001 820 2028 sqq.

116 2031 314 2060 Serendarum
326 2030 433 2059 vitium
446 2030 527 2059 modi
541 2033 610 2059 sunt
626 2033 686 2057 tres
698 2040 704 2057 z
728 2033 777 2058 aut
791 2030 821 2057 in

112 2069 271 2106 pastinata,
301 2073 352 2098 aut
383 2069 413 2097 in
445 2069 534 2100 sulco.
563 2071 613 2097 aut
644 2067 675 2096 in
705 2067 821 2096 scrobe:

117 2107 198 2136 Plin.
218 2107 330 2141 XVII,
357 2108 405 2141 35,
428 2107 678 2145 7.—Excoquere,
699 2108 821 2141 πέπτειν,

118 2148 269 2179 πεπαίνειν,
294 2156 452 2180 macerare,
475 2145 697 2183 excoquendum
719 2155 822 2173 curare

118 2184 192 2217 sole,
222 2183 299 2222 gelu,
327 2184 457 2221 pruinis:
479 2184 596 2213 Colum.
626 2183 689 2217 XI,
719 2184 747 2217 3,
775 2184 821 2211 13.

117 2223 168 2252 Ad
190 2222 221 2250 id
241 2222 412 2250 concidimus
436 2226 543 2251 terram
565 2221 721 2254 scrobibus,
741 2222 822 2259 quod

117 2261 163 2294 fit,
190 2270 258 2289 cum
292 2261 411 2288 scrobes
438 2262 558 2290 crebros
585 2260 719 2293 facimus,
749 2260 821 2288 inci-

118 2299 218 2328 dimus
245 2299 275 2327 in
302 2301 397 2333 terra3
427 2299 565 2327 concisam
583 2298 675 2336 soen-R*
699 2298 822 2336 AEyyp-

119 2342 180 2366 tum
208 2336 345 2367 Justinns
373 2336 421 2369 II,
448 2338 464 2365 1
495 2337 582 2366 dixit.
622 2338 698 2365 (juin
726 2342 823 2365 autem

120 2376 214 2404 vineae
236 2375 265 2403 in
288 2374 414 2403 collibus
436 2375 496 2404 sere
516 2376 695 2413 plantentur,
718 2380 824 2403 montes

120 2418 262 2442 memorat
277 2412 501 2451 poeta.——9lebae
517 2414 668 2457 supinatus,
691 2418 771 2442 terra
789 2414 824 2442 li-

121 2453 246 2490 gonibus
259 2450 551 2490 inversa—aquilona
562 2451 716 2487 ostendere,
731 2462 825 2489 expo-

120 2500 200 2525 nere,
214 2495 248 2519 ut
256 2490 454 2528 ssantiperviae
465 2490 532 2518 sint.
544 2490 672 2518 Hesiod.
682 2494 755 2525 Ἕργ.
768 2492 825 2519 till

120 2529 246 2557 Nemes.
266 2530 379 2566 Cyneg.
394 2530 453 2557 208
467 2527 613 2566 lepidoque
624 2528 767 2556 ostendere
780 2539 826 2556 so-

120 2566 153 2594 li.
180 2567 256 2596 Stat.
287 2568 379 2596 Theb.
406 2566 463 2600 VI,
494 2567 532 2595 89
569 2566 646 2594 lacos
680 2567 825 2595 ostendere

122 2605 243 2633 Phoebo.
282 2605 400 2634 Habuit
413 2605 500 2633 etiam
514 2605 589 2632 hunc
601 2604 699 2632 locum
718 2604 747 2632 in
765 2605 825 2633 ani-

123 2652 171 2671 mo
186 2643 349 2674 Columella
361 2643 405 2679 X,
418 2642 627 2672 74—-76.-H.
643 2642 824 2672 Sententiam

859 1115 1002 1136 versuum
1013 1107 1081 1136 259.
1093 1108 1161 1137 260.
1175 1117 1242 1136 cum
1255 1108 1323 1137 261.
1340 1111 1455 1146 repetat
1465 1107 1564 1140 Maro,

859 1144 979 1174 iteravit
998 1151 1073 1180 ante,
1095 1151 1128 1174 ut
1144 1151 1211 1184 post
1233 1147 1298 1176 Eoi.
1324 1147 1352 1181 I,
1377 1147 1513 1181 61-79„
1535 1151 1566 1174 et

859 1183 925 1211 dam
940 1184 1010 1212 AEn.
1031 1185 1088 1219 IV,
1109 1186 1157 1213 52.
1178 1186 1226 1213 53.
1252 1184 1297 1214 W.

897 1223 1054 1252 262—264
1075 1223 1219 1252 Caussam
1232 1223 1375 1261 coquendi
1390 1223 1444 1251 soli
1459 1222 1568 1261 apponi

859 1265 940 1299 puta.
980 1262 1058 1290 Nam
1082 1261 1211 1300 optimus
1226 1262 1318 1291 vineis
1343 1262 1475 1290 serendis
1497 1271 1568 1299 ager

853 1300 964 1338 patriS,
982 1310 1033 1329 seu
1047 1300 1195 1329 resolutus
1210 1305 1239 1329 et
1255 1305 1347 1335 tener,
1362 1305 1407 1328 est
1420 1311 1427 1336 ς
1444 1310 1472 1328 v.
1487 1301 1522 1328 ad
1537 1310 1566 1328 v.

859 1339 927 1366 204.
942 1339 1041 1376 putris
1056 1344 1155 1367 autem
1163 1341 1200 1375 fit
1213 1339 1314 1373 ventis,
1331 1338 1450 1376 pruina,
1473 1348 1567 1375 opere.

859 1377 955 1405 —264
969 1378 1081 1414 Jnyera
1103 1377 1242 1414 labefacta
1261 1377 1385 1415 pulchre
1407 1386 1462 1414 pro
1486 1381 1567 1405 terra

859 1416 964 1449 vineae,
1005 1426 1071 1454 quae
1102 1416 1278 1454 pastinatur,
1312 1416 1452 1444 fodiendo
1487 1415 1565 1442 enim

860 1458 998 1489 movetur,
1026 1455 1203 1488 concutitur,
1227 1454 1368 1483 mollitur.
1400 1452 1445 1481 H.
1484 1453 1566 1481 Cave

860 1492 914 1520 tibi
941 1494 977 1521 ab
1003 1493 1161 1531 hypallage
1188 1493 1302 1521 Servii:
1329 1500 1450 1520 movens
1472 1495 1502 1519 et
1521 1490 1565 1519 la-

861 1530 1021 1558 befaciens.
1066 1530 1112 1559 W.

897 1569 1052 1597 265-268
1066 1568 1277 1606 Diligentiores
1293 1567 1522 1606 patresfamilias
1535 1566 1564 1595 in

861 1606 1015 1634 seminario
1024 1606 1087 1635 sive
1098 1606 1243 1644 plantario
1255 1607 1380 1635 educant
1388 1606 1474 1640 vites,
1490 1615 1564 1644 quas

860 1644 965 1673 deiude
986 1645 1015 1673 in
1040 1644 1155 1673 vineam
1182 1645 1476 1673 transferant.—266.
1503 1645 1564 1673 267

861 1682 992 1711 Arbores
1006 1683 1035 1712 h.
1050 1683 1070 1711 l.
1079 1693 1134 1720 pro
1146 1683 1269 1711 vitibus.
1289 1684 1411 1717 Curant,
1426 1686 1459 1711 ut
1469 1682 1564 1715 locus,

860 1720 1015 1758 ubiprima
1033 1725 1154 1759 paretur
1177 1721 1290 1750 vitibus
1309 1731 1398 1759 seges,
1425 1720 1454 1749 h.
1474 1721 1563 1749 semi-

860 1760 972 1788 narium
988 1759 1105 1794 vitium,
1122 1759 1211 1788 simili
1226 1759 1341 1797 ingenio
1355 1769 1388 1787 ac
1399 1763 1501 1787 natura
1515 1759 1566 1793 sit,

861 1807 948 1835 quam
963 1797 1049 1832 locus,
1070 1808 1126 1836 qno
1142 1808 1206 1826 mox
1219 1798 1464 1835 (liqeststsercttztr,
1479 1798 1565 1830 (noto

859 1835 1000 1873 loquendi
1012 1847 1128 1871 genere,
1140 1841 1173 1865 ut
1186 1836 1312 1865 alterum
1322 1837 1447 1864 verbum
1459 1833 1565 1873 inpar-

860 1874 994 1912 ticipiuin
1008 1880 1158 1910 mutetur3
1184 1875 1235 1903 inf.
1257 1876 1315 1903 31ss
1335 1878 1492 1903 concretam
1516 1884 1565 1902 ra-

859 1912 946 1941 dicem
958 1913 1070 1951 affiyere
1084 1913 1186 1951 terroe)
1208 1914 1237 1942 h.
1257 1914 1451 1942 transferatur
1470 1916 1501 1941 et
1521 1912 1566 1940 di-

861 1956 990 1989 geratur,
1016 1952 1078 1981 sive
1097 1952 1258 1981 vitiarium.
1297 1952 1334 1980 In
1358 1960 1493 1980 sermone
1512 1961 1566 1988 pe-

860 1990 955 2018 destri
967 1990 1098 2019 diceres:
1115 1991 1212 2019 locum
1227 1990 1354 2019 similem
1368 1990 1405 2024 ei,
1421 1999 1480 2027 quo
1497 1999 1567 2018 mox

859 2028 980 2058 feratur.
1000 2029 1044 2057 H.
1086 2029 1197 2057 Obstat
1215 2028 1451 2066 interpretationi
1469 2031 1566 2055 trans-

852 2068 973 2104 feratur
999 2071 1027 2095 et
1059 2067 1207 2105 cliyeratar
1228 2066 1418 2105 participium
1442 2065 1567 2103 perfecti

860 2105 981 2142 diyesta,
1002 2115 1060 2143 quo
1074 2105 1232 2139 indicatur,
1259 2109 1388 2143 segetem
1402 2103 1485 2141 prius
1499 2113 1566 2132 esse

861 2144 1008 2182 diyestam,
1024 2154 1111 2181 quam
1129 2143 1185 2172 alio
1199 2145 1328 2179 seratur.
1362 2142 1409 2170 Tu
1430 2142 1510 2175 vide,
1531 2151 1568 2170 an

861 2192 941 2220 soqes
968 2182 1077 2220 ‹Iiyesta
1106 2182 1143 2210 sit
1167 2181 1276 2210 semina
1294 2181 1323 2209 in
1345 2179 1491 2218 plantario
1519 2190 1566 2208 or—

862 2221 972 2255 dinata,
985 2224 1018 2249 ut
1032 2220 1152 2258 diffesttss
1168 2220 1281 2249 sicntin
1293 2219 1458 2258 participiis
1471 2222 1500 2246 et
1514 2219 1565 2247 ad-

857 2260 977 2297 jectivis
1007 2259 1049 2292 tit,
1078 2268 1195 2287 sensum
1223 2258 1331 2296 prioris
1361 2257 1567 2286 enuntiationis

861 2297 979 2326 reserat.
1020 2298 1149 2325 Notum:
1171 2297 1268 2325 arbem
1291 2296 1377 2334 capit,
1398 2299 1509 2333 captam
1523 2295 1568 2323 di-

862 2335 941 2374 ripit.
961 2335 1145 2373 IV.—Se9es,
1169 2335 1237 2372 quia
1258 2335 1365 2363 semina
1383 2334 1456 2362 dicit
1476 2338 1506 2362 et
1523 2344 1567 2362 se-

864 2385 927 2403 rere
941 2374 1086 2402 communi
1101 2374 1254 2407 vocabalo,
1276 2383 1335 2411 quo
1355 2376 1385 2401 et
1406 2372 1567 2410 scriptores

863 2412 905 2441 rei
920 2412 1041 2441 rusticae
1063 2413 1100 2441 de
1120 2412 1213 2440 vineis
1236 2411 1402 2450 plantandis
1427 2414 1567 2438 utuntur:

865 2452 908 2479 sic
923 2455 951 2479 et
967 2457 1110 2485 σπέρματα
1130 2455 1160 2479 et
1183 2453 1320 2485 σπείρειν;
1341 2453 1387 2477 est
1406 2459 1485 2487 seyes
1504 2459 1568 2477 sur--

864 2489 1008 2518 culorum.
1048 2490 1160 2517 Eadem
1186 2489 1221 2517 ab
1251 2489 1313 2527 agri
1335 2488 1452 2516 cultura
1476 2487 1569 2525 petita

866 2528 978 2556 ratione
991 2527 1091 2564 paullo
1108 2531 1173 2555 ante
1189 2537 1270 2561 arua,
1287 2525 1394 2565 glebas,
1408 2527 1515 2564 jugera
1531 2526 1569 2553 de

864 2566 957 2595 vineis
970 2565 1057 2599 dixit,
1072 2569 1130 2593 uta
1140 2565 1256 2593 vulwari
1269 2574 1402 2594 sermone
1417 2564 1569 2593 recederet

864 2604 981 2642 poetica
994 2604 1099 2632 oratio.
1137 2604 1266 2632 Sationis
1282 2608 1374 2632 autem
1385 2603 1440 2631 dno
1452 2610 1568 2639 genera,

866 2642 987 2671 malleoli
1000 2642 1043 2669 vel
1059 2641 1231 2678 viviradicis,
1253 2641 1418 2672 Columella
1433 2640 1497 2673 ΙΙΙ,
1520 2639 1570 2666 14.
