1796 3077
13 2983 18 3077 *—
0 1180 18 2975 -ss—,—‚-—---——-——-„--ffi-—.:ss.—.-.-——-—-.-.-——;sst-
2 1070 17 1166 ..x-h..-

3 868 8 881 “
0 857 6 865 “
0 0 20 851 &mm

591 194 879 233 BUCOLICA.
936 195 1048 234 ECL.
1084 198 1132 235 V.
1504 209 1565 251 33

107 314 303 364 Instituit,
327 314 524 372 Daphnis
545 317 703 359 thiasos
723 318 924 360 inducere
946 318 1119 370 Bacchi,
1509 325 1566 363 30

107 372 168 412 Et
187 371 293 413 foliis
313 371 445 414 lentas
465 375 653 416 intexere
670 374 864 416 mollibus
881 376 1036 418 hastas.

108 428 218 470 Vitis
239 436 285 469 ut
305 431 525 472 arboribus
547 433 690 473 decori
709 440 786 482 est,
808 441 855 473 ut
874 434 1027 474 vitibus
1047 450 1152 483 uvae,

108 485 171 527 Ut
189 486 389 541 gregibus
409 490 531 538 tauri,
554 497 717 544 segetes
738 498 784 530 ut
801 490 1027 544 pinguibus
1044 492 1165 540 arvis,

107 542 180 583 Tu
199 543 328 584 decus
349 560 472 586 omne
492 547 587 587 tuis.

648 546 880 600 Postquam
901 554 942 587 te
964 547 1050 588 fata
1068 547 1266 597 tulerunt,

107 599 208 654 Ipsa
228 600 350 641 Pales
370 618 493 657 agros
513 612 639 657 atque
655 603 745 657 ipse
765 603 932 657 reliquit
948 602 1118 659 Apollo.

1510 605 1535 644 00

1542 604 1567 643 Car

110 656 305 698 Grandia
324 674 436 713 saepe
452 662 606 714 quibus
625 661 912 702 mandavimus
932 660 1095 703 hordea
1115 662 1253 711 sulcis,

110 713 262 755 Infelix
277 714 419 756 lolium
441 725 482 758 et
495 717 655 758 steriles
676 726 906 759 nascuntur
921 733 1065 759 avenae
1083 737 1092 769 ς

111 770 196 812 Pro
218 771 331 812 molli
350 773 469 822 viola,
487 789 565 828 pro
584 789 800 828 purpureo
821 775 1006 815 narcisso

112 827 308 869 Carduus
324 836 367 870 et
384 831 511 884 spinis
530 832 663 885 surgit
679 830 867 884 paliurus
883 832 1030 872 acutis.

111 884 308 940 Spargite
324 885 497 927 humum
518 887 638 937 foliis,
659 888 845 929 inducite
865 887 1051 928 fontibus
1071 888 1255 937 umbras,

1515 888 1570 928 40

112 941 324 992 Pastores,
346 944 518 986 mandat
536 944 630 986 fieri
650 945 729 985 sibi
749 944 849 986 talia
866 944 1086 999 Daphnis3

114 999 173 1040 Et
188 999 393 1041 tumulum
410 1001 546 1050 facite,
564 1009 606 1042 et
627 1000 786 1043 tumulo
804 1002 1078 1056 superaddite
1094 1016 1284 1043 carmen:

113 1055 312 1110 Daphnis
331 1072 411 1112 ego
431 1059 473 1099 in
494 1058 617 1108 silvis,
640 1059 737 1100 hinc
756 1074 891 1112 usque
915 1059 969 1099 ad
990 1058 1127 1099 sidera
1151 1066 1288 1107 notus,

112 1112 303 1154 Formosi
323 1116 487 1169 pecoris
509 1124 662 1165 custos,
679 1115 901 1156 formosior
917 1116 1021 1169 ipse.

172 1170 300 1212 M‘EN.
331 1171 439 1213 Tale
455 1180 573 1214 tuum
589 1187 756 1214 carmen
772 1173 906 1222 nobis,
924 1172 1062 1213 divine
1078 1171 1219 1226 poeta,

1521 1171 1576 1211 45

117 1227 258 1274 Quale
280 1243 407 1283 sopor
423 1229 542 1270 fessis
557 1230 601 1270 in
621 1230 823 1285 gramine,
844 1229 968 1284 quale
988 1244 1066 1284 per
1087 1237 1235 1270 aestum

115 1284 266 1327 Dulcis
283 1300 405 1339 aquae
424 1286 596 1329 saliente
613 1288 723 1328 sitim
742 1288 1005 1342 restinguere
1023 1287 1137 1336 rivo3

115 1401 203 1431 tanda
225 1406 303 1437 sunt,
323 1406 357 1431 ut
380 1403 417 1432 ad
435 1404 582 1443 augendas
601 1405 666 1442 ejus
682 1403 784 1433 laudes
798 1408 829 1433 et

116 1440 348 1479 amplificandam
358 1441 529 1480 dignitatem
542 1442 728 1481 Daphnidem
738 1452 829 1472 unum

116 1490 155 1509 ex
171 1479 282 1508 Bacchi
303 1480 551 1511 commilitonibus
572 1486 603 1511 et
624 1481 714 1510 sociis
735 1482 829 1510 fuisse

117 1518 217 1557 fingat,
229 1518 280 1556 qui
291 1528 374 1548 sacra
385 1520 497 1548 Bacchi
507 1520 668 1549 instituerit
678 1520 753 1549 inter
760 1530 828 1558 pas-

117 1561 208 1592 tores,
223 1561 253 1585 at
276 1567 311 1586 ue
328 1557 511 1587 caerimonias
525 1559 555 1587 in
570 1558 757 1587 Liberalibus
770 1558 829 1587 sol-

116 1595 218 1625 lennes
227 1606 243 1624 e
297 1596 406 1631 buerit,
419 1596 494 1625 inter
507 1607 580 1635 quas
589 1596 701 1625 Bacchi
709 1606 756 1625 res
764 1606 829 1634 ges-

117 1637 169 1669 tae,
184 1634 214 1663 in
226 1634 389 1678 primisque
403 1635 439 1663 ad
457 1636 548 1664 Indos
567 1634 728 1672 expeditio,
749 1635 830 1664 unde

117 1672 169 1702 ille
178 1683 267 1702 curru
277 1673 410 1711 tigribus
421 1673 537 1710 junctis
549 1673 830 1711 rediit,repraesen-

116 1712 176 1740 tari
207 1711 357 1741 solebant.
416 1712 573 1741 Bacchum
606 1717 707 1740 autem
741 1722 832 1740 curru

117 1749 250 1787 tigribus
265 1751 373 1787 juncto
387 1750 643 1785 vehi‚innumeris
658 1760 833 1779 monumen-

119 1788 160 1817 tis
176 1792 306 1818 constat.
321 1789 360 1818 cf.
372 1789 706 1827 Montfauc.Ant.expl.
721 1789 790 1817 Vol.
804 1789 832 1818 Ι.

120 1827 183 1856 tab.
198 1828 264 1857 158.
282 1827 326 1864 H.
366 1828 446 1857 Inde
461 1838 478 1857 a
497 1838 590 1857 versu
607 1829 655 1857 29.
675 1828 832 1862 docemur,

119 1876 210 1905 quam
226 1866 349 1904 egregie
370 1866 508 1905 Daphnis
531 1867 569 1896 de
589 1866 775 1896 humanitate
789 1866 834 1895 in-

121 1909 169 1934 ter
196 1911 337 1943 pastores
360 1905 548 1935 instituenda
570 1910 602 1935 et
625 1906 836 1944 promovenda

120 1943 276 1978 meruerit,
292 1947 326 1972 ut
339 1948 423 1974 tanto
436 1945 523 1973 luctu
542 1945 654 1983 dignus
673 1944 765 1974 suerit
782 1945 835 1973 ha-

120 1982 215 2011 bitus.
236 1983 395 2013 Particula
404 1988 442 2017 et,
454 1983 514 2013 alia
522 1985 589 2022 ejus
603 1983 713 2012 merita
723 1983 835 2017 omitti,

121 2021 328 2065 significatur;
363 2033 453 2052 curru
479 2032 535 2067 pro
563 2023 677 2051 currui.
709 2022 836 2052 W.—30

124 2059 233 2089 thuzsos
245 2060 493 2090 inducereBacchz
503 2061 622 2100 accipio
635 2071 691 2100 pro
705 2061 838 2099 simplici

121 2098 224 2128 ducere
238 2099 347 2129 choros
356 2100 576 2133 bacchantium,
590 2101 696 2138 quales
709 2110 793 2139 saepe
808 2100 837 2128 in

124 2137 305 2176 anaglyphis
319 2142 350 2167 et
358 2139 641 2177 gemmis.—Versu
652 2140 688 2168 31
698 2139 838 2177 thyrsum

124 2175 284 2211 describit,
302 2187 392 2215 quem
404 2178 587 2208 bacchantes
603 2179 776 2216 gestabant.

165 2215 280 2244 32—35
294 2217 342 2245 Ex
358 2217 488 2246 Theocr.
500 2217 597 2251 VIII,
610 2218 738 2246 79—34.
780 2216 839 2244 Or-

127 2253 211 2281 navit
224 2253 301 2283 hanc
315 2254 416 2284 luctus
434 2256 676 2294 descriptionem
692 2256 840 2285 Moschus

126 2291 220 2330 Idyll-
232 2292 297 2326 III,
315 2294 468 2332 66.—,-sata
488 2293 626 2329 tulerunt,
640 2294 841 2324 abstulerunt.

128 2331 170 2359 cf·
191 2330 255 2365 IX,
273 2333 322 2360 51·
343 2332 437 2362 Hom·
458 2334 498 2362 Il.
519 2338 551 2370 β,
568 2335 626 2363 302
641 2336 684 2363 οὓς
704 2336 742 2368 μὴ
756 2337 841 2367 Κῆρες

128 2372 197 2405 ἔβαν
212 2372 340 2398 θανάτοιο
353 2374 572 2407 φὲρουσαι.--35
580 2371 670 2401 Pales
684 2376 711 2400 ei
725 2372 843 2410 Apollo,

127 2408 272 2442 Nomius,
294 2419 383 2447 (ιφ-οε
400 2410 589 2450 reliquerunt,
616 2411 738 2440 deliciis
767 2409 844 2443 suis,

130 2447 293 2485 Daphnide
315 2449 447 2486 inquam,
468 2450 527 2478 sibi
540 2450 668 2488 ereptis,
690 2453 723 2478 ut
737 2448 843 2478 solitu-

130 2485 231 2515 dinem
259 2496 400 2525 agrorum
428 2487 580 2526 fugerent.
625 2490 748 2517 Summo
774 2498 843 2516 cum

131 2524 244 2554 affectu
256 2525 322 2554 haec
338 2526 375 2554 ad
386 2526 516 2564 jacturae
534 2527 774 2566 magnitudinem
790 2527 844 2554 do-

129 2563 264 2607 lorisque
279 2565 461 2603 gravitatem
480 2565 564 2594 dicta
579 2570 659 2594 sunt.
675 2566 720 2595 H.
761 2566 846 2595 Deos

133 2612 201 2630 cum
216 2602 265 2636 iis,
281 2613 357 2641 quos
370 2604 487 2636 fovent.
503 2603 607 2633 venire
621 2608 653 2632 et
665 2605 760 2639 abire,
772 2605 846 2643 poe'-

131 2643 172 2668 tae
187 2641 301 2680 fingere
317 2643 427 2672 solent.
466 2642 579 2672 Tibull.
600 2643 647 2677 II,
668 2644 698 2678 3,
712 2644 742 2672 3.
764 2645 795 2672 4.
818 2647 849 2672 et

135 2678 183 2721 Il,
193 2681 224 2714 6,
237 2681 305 2709 2.4.
321 2680 369 2710 W.
396 2682 473 2710 Cum
486 2685 626 2710 eainorte
638 2681 728 2720 inque
745 2691 850 2719 agres-

134 2720 208 2746 tium
223 2718 350 2748 deorum
365 2720 507 2749 discessu
524 2729 614 2758 agros
631 2729 747 2749 summa
762 2720 850 2749 steri-

865 1404 937 1433 litas
960 1413 1113 1442 occupare
1139 1402 1270 1438 debuit,
1302 1402 1344 1431 ita
1364 1409 1509 1430 versuum
1533 1409 1581 1428 se-

867 1443 1024 1481 quentium
1048 1441 1200 1472 sententia
1228 1441 1465 1470 exoritur.-36.
1485 1439 1579 1482 37·In

867 1481 905 1510 iis
922 1482 1028 1515 sulcis,
1046 1482 1157 1520 quibus
1171 1481 1287 1514 hordea,
1302 1480 1385 1518 quod
1399 1479 1447 1508 hic
1462 1486 1580 1506 ommno

867 1530 923 1558 pro
939 1521 1047 1558 quovis
1061 1520 1204 1548 frumenti
1219 1528 1331 1557 genere
1346 1518 1474 1548 dictum.
1497 1525 1580 1544 sere-

868 1560 987 1592 bamus,
1000 1558 1096 1587 lolium
1110 1558 1210 1595 infelix
1225 1557 1449 1595 (infecundum,
1463 1560 1496 1583 ut
1512 1565 1583 1583 con-

868 1596 998 1634 traselix
1009 1597 1118 1635 seyes,)
1134 1601 1164 1625 et
1172 1606 1279 1628 avenoe,
1298 1595 1366 1624 vani
1376 1593 1467 1623 culmi
1479 1593 1583 1622 vitiosi

868 1635 1023 1668 frumenti,
1042 1638 1217 1664 nascuntur.
1239 1634 1285 1663 H.
1308 1634 1437 1666 Lolium,
1454 1632 1584 1669 Darnel3

872 1674 997 1707 Avenae,
1012 1673 1102 1703 Wild
1118 1673 1214 1709 Oats3
1238 1673 1412 1707 Narcissus,
1429 1671 1584 1707 Daffodil;

872 1712 1024 1745 Patimus,
1052 1712 1182 1741 Christ's
1210 1711 1319 1741 Thorn.
1346 1711 1381 1740 S.
1395 1728 1434 1733 --
1445 1711 1484 1739 38
1523 1710 1584 1738 Pro

871 1750 948 1779 molli
958 1750 1035 1779 viola
1051 1761 1079 1779 v.
1091 1751 1222 1779 Theocr.
1236 1750 1263 1778 Ι.
1282 1750 1338 1779 132
1358 1759 1403 1787 sq.
1418 1758 1586 1787 purpureus

871 1789 1032 1825 narcissus,
1056 1799 1073 1818 a
1098 1798 1255 1827 purpureo
1282 1787 1401 1825 calyce.
1454 1787 1517 1817 Alii
1545 1796 1586 1815 ex

872 1828 1025 1857 Diomede
1047 1828 1244 1865 grammatico
1264 1837 1417 1865 purpurea
1441 1825 1589 1865 praetule-

873 1872 953 1896 runt.
968 1867 1008 1896 cf.
1025 1867 1154 1895 Theocr.
1167 1867 1197 1901 1,
1212 1865 1454 1904 l33.-paliurus
1467 1864 1586 1893 fruticis

874 1906 976 1945 spinei
990 1910 1022 1935 et
1036 1905 1106 1934 rubi
1120 1915 1175 1934 seu
1189 1905 1306 1934 rhamni
1322 1914 1429 1942 genus.

912 1946 1030 1974 40—-14
1046 1945 1219 1974 Funebrem
1235 1945 1378 1972 honorem
1393 1948 1425 1972 et
1438 1941 1587 1970 tumulum

876 1983 1048 2022 Daphnidis
1067 1983 1185 2012 incidit.
1225 1982 1364 2021 Sparyile
1374 1980 1588 2018 lmmumsoliis.

876 2023 968 2057 Haec,
980 2022 1038 2051 nisi
1055 2022 1213 2051 detiorum
1226 2032 1261 2050 ac
1271 2021 1422 2050 frondium
1431 2019 1590 2057 sparsione

878 2061 993 2100 exponi
1007 2065 1172 2099 nequeunt.
1205 2060 1317 2089 Horat.
1334 2059 1469 2093 Od.111,
1486 2058 1594 2093 18‚14.

877 2099 1001 2138 Sparyit
1013 2104 1142 2137 ayrestes
1156 2098 1208 2127 tibi
1223 2098 1363 2136 (Faune)
1377 2096 1450 2125 silva
1457 2096 1592 2133 frondes.

879 2140 919 2168 cf.
936 2139 1005 2168 Ecl.
1020 2138 1083 2171 IX,
1104 2140 1153 2167 19.
1193 2137 1355 2166 Tumulum
1371 2137 1463 2174 juxta
1477 2135 1591 2163 fontem

879 2178 993 2206 factum
1007 2177 1159 2215 intellige.
1190 2176 1243 2205 Sic
1254 2176 1285 2204 in
1296 2175 1440 2204 honorem
1454 2173 1594 2202 defuncti

879 2216 1026 2255 pastoris,
1052 2220 1124 2244 noto
1149 2224 1244 2249 more,
1274 2214 1382 2243 humus
1410 2212 1534 2241 floribus
1561 2216 1593 2241 et

880 2256 1040 2284 frondibus
1053 2254 1220 2293 spargitur,
1236 2263 1270 2282 ac
1286 2253 1369 2282 circa
1382 2251 1530 2281 tumulum
1547 2261 1593 2279 ar-

880 2295 972 2323 bores
987 2298 1140 2323 seruntur.
1155 2293 1195 2322 cf.
1208 2293 1334 2321 Nemes.
1348 2292 1377 2325 Ι,
1392 2292 1431 2320 64
1446 2291 1592 2328 sqq.——13

881 2333 1011 2362 Theocr.
1033 2333 1061 2367 I,
1081 2333 1137 2361 120
1159 2342 1226 2370 sqq.
1246 2340 1322 2370 quos
1344 2339 1453 2359 versus
1474 2329 1593 2357 mireris

882 2371 1060 2410 Virgilianis
1085 2370 1272 2409 posthaberi.
1306 2369 1372 2397 hinc
1397 2378 1487 2407 usque
1508 2367 1547 2395 (αἱ
1571 2377 1595 2394 s.

883 2416 978 2444 notus,
1000 2410 1030 2438 in
1055 2409 1216 2448 pastoritio
1244 2407 1378 2437 carmine
1402 2417 1460 2436 non
1480 2407 1594 2444 placet.

884 2451 925 2479 At
940 2449 1020 2478 conf.
1032 2449 1163 2477 Theocr.
1174 2447 1251 2481 VII,
1262 2448 1312 2476 93.

922 2488 959 2516 45
974 2487 1142 2516 v.'l'heocr.
1155 2486 1183 2521 Ι,
1198 2487 1214 2514 1
1227 2489 1258 2514 et
1271 2487 1288 2515 7
1302 2489 1371 2514 etc.:
1393 2484 1471 2517 VII,
1485 2484 1534 2511 82.
1546 2483 1593 2510 83.

884 2526 928 2555 Η.
970 2525 1169 2554 Praeserenda
1183 2524 1308 2554 videtur
1330 2523 1424 2552 Probi
1438 2523 1594 2551 Gramma-

885 2565 939 2594 tici
958 2568 989 2593 et
1003 2563 1118 2592 codicis
1134 2563 1227 2592 lectio
1253 2562 1322 2591 Tale
1335 2566 1413 2590 tuum
1436 2560 1517 2589 uobis
1530 2567 1595 2586 car·-

887 2614 959 2636 men,
981 2603 1063 2641 quod
1084 2602 1115 2631 in
1135 2601 1255 2640 vulgari
1271 2601 1409 2640 positura
1424 2600 1599 2629 verborum,

889 2642 941 2671 ubi
961 2641 1111 2670 vocabulo
1125 2639 1207 2669 nobis
1220 2639 1385 2679 peculiaris
1399 2638 1446 2666 vis
1464 2646 1520 2679 per
1533 2645 1596 2663 me-

888 2685 969 2709 trum
990 2679 1124 2711 additur,
1146 2679 1223 2708 male
1238 2678 1389 2708 Menalcas
1401 2680 1433 2705 et
1441 2676 1519 2719 sesst
1539 2683 1598 2712 op·

890 2723 1054 2758 ponuntur.
1081 2717 1233 2748 VIR-rivo
1258 2727 1342 2757 aquoe
1365 2716 1465 2753 pofe'tis
1488 2723 1600 2752 perpe-

1348 2769 1370 2794 F
