1796 3077
524 197 864 236 GEORGIGON.

920 198 1020 236 Lm.
1053 200 1104 237 ΙΙ.
1454 207 1532 252 Η]

88 319 341 376 Velleraque
361 328 408 363 ut
428 320 535 363 foliis
556 321 782 375 depectant
803 321 944 361 tenuia
966 321 1116 362 Seres?

87 377 179 420 Aut
199 394 304 432 quos
327 379 502 421 Oceano
522 378 696 433 propior
716 378 825 432 gerit
845 377 967 419 India
988 378 1120 427 lucos,

88 434 282 476 Extremi
303 436 415 477 sinus
437 436 580 478 orbis?
611 435 687 475 ubi
707 434 806 474 aera
827 435 992 476 vincere
1015 451 1221 477 summum

86 490 266 534 Arboris
285 492 402 534 haud
422 493 518 534 ullae
533 493 652 547 jactu
672 498 849 545 potuere
872 493 1059 546 sagittae3
1097 505 1102 512 ·

87 547 147 589 Et
167 564 270 603 gens
291 549 360 591 illa
379 551 550 604 quidem
571 548 716 589 sumtis
736 563 820 588 non
840 549 961 589 tarda
981 549 1206 603 pharetris.
1464 552 1478 590 l
1519 563 1530 589 ε

1488 553 1513 591 ὶῦ

1525 552 1544 590 »Α

87 604 236 646 Media
255 606 336 648 fert
352 608 490 648 tristes
511 620 658 647 succos
678 605 929 659 tardumque
951 621 1143 660 saporem

87 660 238 704 Felicis
258 663 367 714 mali,
398 679 484 718 quo
504 678 589 704 non
608 662 858 717 praesentius
878 662 1021 712 ullum,

87 717 250 761 Pocula
269 721 303 760 si
323 721 494 775 quando
516 734 635 760 saevae
656 718 838 760 infecere
860 734 1064 769 novercae,

87 774 438 832 Miscueruntque
458 776 612 818 herbas
633 783 676 816 et
697 790 779 815 non
800 776 970 816 innoxia
989 778 1130 825 verba,

85 830 305 874 Auxilium
325 835 448 882 venit,
480 848 528 873 ac
544 832 739 872 membris
760 832 847 885 agit
862 839 954 872 atra
974 848 1147 873 venena.

1468 835 1545 875 130

86 888 187 943 Ipsa
203 890 350 945 ingens
370 891 507 938 arbos,
538 889 770 941 faciemque
792 888 994 929 simillima
1014 889 1156 939 lauro3

87 944 160 996 Et,
183 947 216 987 si
236 959 319 988 non
339 946 463 988 alium
483 946 566 987 late
582 946 764 999 jactaret
784 945 970 994 odorem,

88 1002 256 1045 Laurus
275 1011 364 1045 erat
380 1020 390 1053 ;
422 1003 520 1044 folia
539 1002 653 1043 haud
677 1001 768 1041 ullis
788 1001 973 1042 labentia
987 1003 1120 1043 ventis
1138 1019 1147 1051 3

88 1058 187 1102 Flos
207 1059 262 1102 ad
282 1061 417 1115 prima
437 1068 588 1109 tenax3
620 1059 777 1099 animas
795 1066 837 1100 et
859 1058 1012 1102 olentia
1032 1059 1155 1101 Medi

81 1177 183 1214 plures
196 1176 297 1215 xylon,
317 1181 345 1206 et
357 1177 418 1206 ideo
434 1177 493 1206 lina
508 1177 572 1206 inde
583 1178 669 1215 sacta
688 1176 799 1215 xylina.

87 1212 199 1245 Parata
213 1226 251 1244 ex
265 1226 300 1245 ea
312 1216 433 1255 byssus.

126 1255 181 1283 121
194 1254 335 1293 Vulgaris
350 1255 419 1284 olim
441 1265 537 1294 usque
559 1255 594 1283 ad
610 1255 690 1293 Imp.
705 1254 799 1284 Just}-

86 1292 164 1321 niani
181 1297 325 1332 tempora,
347 1294 455 1333 quibus
479 1294 606 1332 primum
631 1294 798 1329 vermiculi,

87 1341 163 1369 quos
189 1342 242 1361 nos
268 1332 414 1371 bombyces
437 1342 592 1367 vocamus,
626 1333 798 1361 Constanti-

85 1370 207 1408 nopolin
223 1370 304 1400 allati
324 1375 401 1406 sunt,
423 1371 522 1410 opinio
539 1371 606 1406 fuit,
627 1371 726 1406 Seres,
747 1372 798 1400 In-

87 1408 181 1438 dicam
198 1414 325 1448 gentem,
342 1410 475 1439 Sericum
488 1410 528 1439 ita
539 1420 656 1448 parare,
673 1410 797 1439 utlanu-

88 1447 194 1486 ginem,
215 1458 231 1477 a
245 1449 441 1488 bombycibus
456 1453 580 1484 textam,
598 1459 636 1477 ex
649 1453 797 1478 certarum

87 1487 226 1515 arborum
251 1487 332 1516 foliis
361 1488 562 1526 depecterent.
593 1487 709 1516 Plinius
736 1488 795 1522 IV,

87 1525 124 1553 17
147 1535 171 1553 s.
197 1526 247 1554 20.
286 1525 384 1561 Seres,
406 1525 508 1554 lcmicio
527 1526 665 1554 silvarum
679 1525 796 1560 nobiles,

80 1564 232 1601 perfitsam
257 1574 275 1592 a
298 1575 334 1593 ua
357 1565 532 1603 depectentes
553 1564 698 1598 frondium
718 1564 797 1592 cani-

85 1602 163 1631 tiem.
184 1613 212 1631 ν.
235 1602 255 1631 S
288 1614 363 1632 mas.
382 1604 419 1632 ad
441 1603 533 1632 Solin.
557 1613 582 1631 c.
605 1603 643 1631 63
666 1606 695 1630 et
717 1602 755 1630 al.

126 1641 280 1670 122—125
301 1642 379 1671 Plin.
405 1641 481 1674 VII,
503 1642 521 1670 :2
540 1639 671 1669 Arbores
685 1640 797 1678 quidem

86 1679 133 1718 (in
146 1680 248 1718 India)
269 1685 358 1709 tunice
373 1679 561 1718 proceritatis
579 1679 745 1713 traduntur,
766 1683 797 1707 ut

86 1718 202 1756 sayittis
214 1718 348 1756 superari
360 1722 510 1757 nequeant.
550 1718 682 1746 Arbores
707 1718 797 1746 Cocos

86 1756 215 1785 ferentes
242 1757 425 1795 intelligebat
451 1757 607 1793 Catroeus3
636 1756 722 1785 nimis
745 1766 795 1784 an-

87 1799 185 1833 guste.
224 1795 361 1824 Plurima
384 1799 534 1824 vastarum
565 1799 595 1823 et
627 1794 795 1823 immanium

87 1834 226 1862 arborum
246 1844 351 1872 genera
367 1833 396 1862 in
410 1833 497 1862 India
510 1833 601 1866 nasci,
622 1833 709 1862 fidem
724 1833 796 1862 faci-

88 1875 142 1901 unt
154 1873 332 1901 recentiores
345 1882 445 1901 reruni
461 1872 630 1900 Indicarum
649 1876 795 1901 auctores.

86 1910 225 1945 —Sinus,
252 1910 374 1940 interior
400 1911 532 1949 adeoque
557 1910 698 1939 remotior
721 1916 800 1940 terra

87 1953 231 1978 extremae
243 1949 324 1978 orbis
339 1949 537 1987 partis—aer
548 1959 674 1978 summus
684 1949 800 1978 arboris

86 1996 142 2025 pro
163 1988 312 2017 cacumine
337 1988 445 2017 dictus.
466 1987 605 2025 trajicere
629 1988 720 2016 telum
745 1999 800 2026 per

88 2026 187 2055 ae'rem
202 2036 293 2064 supra
303 2027 446 2056 verticem
461 2026 585 2061 arboris,
601 2027 707 2055 arbore
722 2027 800 2056 haud

88 2068 179 2099 tacta,
199 2074 255 2094 non
265 2069 394 2103 potuere,
410 2075 448 2094 ex
461 2065 581 2099 aoristo,
594 2075 649 2102 pro
663 2070 799 2104 possunt.

89 2113 186 2131 —non
197 2103 283 2132 tarda
301 2114 336 2133 ea
356 2114 445 2144 gens3
466 2104 565 2132 malim
585 2108 736 2133 strenuam
756 2105 799 2132 in-

89 2142 258 2179 terpretari,
278 2151 366 2186 quam
379 2153 434 2172 non
455 2142 533 2172 tardi
551 2142 668 2180 ingenii,
689 2143 718 2171 h.
738 2143 798 2172 cal-

89 2179 211 2215 lentem,
230 2185 365 2217 peritam.

130 2220 283 2248 126—135
292 2219 406 2249 Malum
415 2220 559 2249 Medicam
568 2230 621 2250 seu
630 2221 798 2259 Assyriam,

89 2256 163 2286 item
175 2257 329 2287 Persicam
340 2269 347 2293 ;
361 2259 418 2287 nisi
428 2259 491 2288 haec
500 2269 555 2297 pro
564 2259 685 2288 diverso
694 2270 799 2297 genere

90 2299 138 2324 est
151 2296 292 2325 habenda.
332 2297 381 2325 Ad
394 2297 534 2327 citrorum
549 2308 640 2337 genus
654 2308 718 2327 eain
733 2308 799 2328 esse

89 2334 284 2368 referendam,
305 2334 435 2364 dubitari
447 2337 559 2375 nequit.
593 2337 690 2372 Quam
702 2341 800 2366 autem·

91 2371 232 2402 familiam
244 2374 331 2402 Maro
344 2375 519 2417 respexerit,
540 2385 597 2404 non
610 2376 683 2404 satis
694 2375 801 2413 liquet.

92 2411 146 2440 Fit
159 2415 256 2441 tamen
269 2412 442 2446 verisimile,
462 2414 602 2443 aurantiae
629 2414 799 2453 (Oranges)

93 2459 187 2488 genus
199 2450 237 2479 ali
261 2451 321 2479 uod
332 2452 452 2489 poetam
462 2460 641 2481 memorare:
657 2463 686 2481 v.
701 2453 799 2481 Theo-

91 2488 206 2526 phrast.
260 2489 310 2518 ist.
337 2490 435 2518 Plant.
462 2489 519 2524 IV,
545 2491 578 2519 4:
608 2491 688 2520 Plin.
715 2491 799 2526 XII,

92 2528 111 2555 3
125 2536 149 2556 5.
163 2529 194 2561 7,
209 2529 295 2566 cujus
307 2538 372 2557 aevo
386 2527 495 2562 adhuc,
509 2533 708 2567 praeterquam
721 2531 799 2569 apud

93 2565 203 2595 Medos
217 2570 248 2595 et
268 2566 296 2595 in
319 2566 456 2601 Perside,
481 2576 625 2603 nusquam
643 2569 798 2604 provenie-

94 2603 156 2632 bat.
195 2604 361 2639 Palladius,
388 2605 439 2644 qui
465 2605 577 2634 saeculo
603 2606 656 2634 III
682 2606 798 2637 ineunte

94 2641 210 2671 vixisse
240 2647 375 2681 putatur,
405 2644 587 2682 praecipuam
605 2645 670 2681 ejus
702 2645 797 2675 cultui

93 2689 196 2708 curam
217 2680 370 2719 impendit.
395 2683 456 2711 vid.
482 2692 549 2711 eum
569 2682 598 2711 in
622 2683 731 2719 Martio
752 2683 797 2718 X,

95 2718 129 2747 11
150 2728 214 2758 sqq.
236 2721 310 2750 conf.
331 2720 419 2753 etiam
436 2722 571 2752 Macrob.
597 2721 658 2751 Sat.
681 2721 726 2755 11,
753 2723 796 2751 15.

843 1176 969 1206 Videtur
983 1181 1077 1207 {anien
1099 1177 1141 1207 H.
1154 1178 1283 1207 Vossius
1295 1182 1373 1208 recte
1384 1181 1472 1209 cilrea
1486 1188 1545 1209 man

839 1214 868 1244 la
889 1217 1058 1255 (Oranges)
1080 1228 1096 1245 a
1111 1217 1233 1245 Medicis
1263 1218 1419 1255 (Citrons)
1435 1219 1546 1248 discer-

840 1264 918 1283 nere.
959 1256 1007 1284 Ita
1018 1257 1117 1284 tristes
1130 1256 1204 1284 succi
1223 1260 1273 1284 aut
1295 1262 1380 1285 erunt
1401 1258 1476 1286 acidi
1498 1263 1547 1286 aut

841 1293 932 1322 amari
949 1295 1000 1331 (ut
1013 1296 1067 1323 Ge.
1088 1296 1115 1328 Ι,
1137 1296 1174 1323 75
1200 1299 1228 1323 et
1253 1294 1320 1332 aL),
1343 1296 1405 1324 sive
1426 1302 1548 1335 propter

837 1332 958 1361 corticis
972 1344 1005 1361 ac
1017 1343 1174 1372 granorum
1188 1333 1422 1369 amaritudinem,
1445 1336 1509 1363 sive
1533 1346 1550 1364 a

839 1380 937 1404 succo,
960 1372 1010 1409 qui
1022 1373 1103 1401 cultu
1115 1372 1256 1409 deinceps
1277 1372 1396 1401 assiduo
1418 1374 1548 1411 mitigari

837 1410 1083 1447 coepit.—tardas
1098 1421 1195 1448 sapor,
1217 1411 1245 1439 h.
1268 1411 1318 1439 diu
1332 1411 1430 1448 palato
1445 1412 1546 1440 innua-

837 1458 918 1483 nens,
941 1449 1009 1486 quia
1029 1451 1165 1483 acerbus,
1186 1460 1316 1487 pungens
1338 1454 1394 1478 est.
1414 1450 1458 1478 H.
1485 1455 1545 1478 tur-

836 1487 907 1522 dus;
930 1489 1086 1524 praecessit
1114 1488 1216 1523 lar(I‹t‚·
1245 1489 1298 1516 sed
1323 1492 1352 1515 et
1375 1488 1444 1516 alibi
1467 1490 1546 1525 ejus-

837 1525 917 1553 modi
944 1527 1148 1562 repetitionem
1176 1536 1231 1554 non
1258 1526 1364 1553 vitavit
1379 1527 1545 1565 Virgiliu53

837 1563 897 1590 vid.
919 1563 1011 1591 Obss.
1033 1565 1070 1592 ad
1094 1564 1205 1592 Tibull.
1226 1563 1253 1597 I,
1283 1563 1345 1597 IX,
1372 1566 1421 1593 67.
1454 1565 1546 1594 W.—

838 1602 893 1629 127
916 1601 1010 1635 Felix,
1032 1603 1068 1630 de
1088 1604 1193 1631 arbore
1215 1602 1240 1630 si
1254 1602 1373 1637 dicitur,
1397 1604 1434 1631 ad
1447 1605 1546 1633 secun-

837 1639 959 1668 ditatem
987 1641 1105 1679 proprie
1133 1640 1264 1679 respicit.
1308 1640 1347 1669 Et
1379 1652 1447 1671 sane
1479 1644 1547 1672 citri

838 1678 914 1706 setus
947 1684 1090 1716 perpetua
1126 1680 1312 1708 successione
1347 1687 1547 1710 succrescunt.

838 1716 925 1745 Nunc
939 1722 1034 1746 tamen
1048 1719 1084 1746 ad
1099 1718 1303 1746 salubritatem
1320 1719 1420 1755 potius
1434 1720 1547 1757 epithe-

837 1758 886 1782 ton
902 1759 1036 1792 spectare
1050 1756 1178 1789 videtur,
1200 1761 1233 1784 ut
1249 1756 1356 1784 dicitur
1372 1757 1482 1795 infelix,
1505 1759 1546 1787 in-

836 1793 977 1827 faustum,
998 1795 1079 1832 quod
1093 1799 1187 1823 nocet.
1220 1795 1281 1823 Pro
1299 1797 1402 1823 veneni
1416 1797 1548 1826 antidoto

836 1831 969 1860 habitum
982 1843 1047 1861 esse
1059 1843 1180 1871 pomum
1193 1833 1357 1867 Medicum,
1380 1839 1410 1863 et
1433 1836 1548 1864 aliunde

836 1875 972 1907 constat3
993 1881 1044 1900 nec
1059 1873 1185 1901 sortasse
1207 1872 1323 1908 injuria,
1344 1872 1371 1900 in
1386 1875 1475 1902 certis
1490 1875 1547 1902 sal—

838 1912 898 1937 tem
911 1910 1014 1938 veneni
1026 1911 1193 1949 generibus.
1227 1908 1389 1949 Proprium
1401 1912 1455 1941 hoc
1467 1913 1549 1941 Lati-

838 1956 942 1977 norum
955 1949 1133 1987 scriptorum
1147 1959 1253 1978 venena
1267 1949 1427 1978 novercalia
1438 1961 1547 1980 memo-

839 1996 914 2016 rare.
935 1988 972 2016 cf.
995 1988 1087 2016 Ovid.
1103 1988 1228 2017 Metam.
1242 1989 1269 2018 I.
1285 1989 1449 2018 htv—129
1464 1990 1548 2019 verba

838 2035 895 2053 mm
918 2025 1045 2060 innoxia,
1066 2026 1096 2054 h.
1119 2027 1217 2061 noxia,
1232 2027 1452 2063 incantationes.
1487 2028 1546 2057 Eo-

839 2063 906 2092 dem
928 2074 1016 2093 sensu
1039 2075 1113 2094 nunc
1135 2064 1228 2093 herbae
1251 2070 1319 2094 sunt
1342 2070 1491 2094 venenatae
1518 2072 1549 2096 et

839 2102 936 2131 noxia:
950 2103 1160 2141 intelligendae.
1194 2103 1308 2132 Versus
1323 2105 1401 2137 1252,
1415 2104 1465 2142 qui
1483 2105 1548 2139 ΙΙΙ,

840 2141 908 2170 283.
930 2146 1042 2175 exstat,
1063 2152 1097 2170 ea
1111 2145 1147 2170 de
1161 2152 1251 2170 causa
1265 2142 1312 2170 hic
1327 2148 1498 2180 suspectus.
1518 2149 1548 2173 et

840 2189 857 2207 a
871 2176 1025 2209 Brunckio
1038 2182 1162 2218 ejectus.
1183 2181 1226 2209 H.
1267 2181 1309 2210 Ut
1322 2182 1438 2210 venenis
1450 2182 1547 2211 effica-

837 2218 911 2247 citas
934 2223 1015 2247 esset
1034 2223 1124 2253 certa,
1148 2219 1276 2248 carmina
1300 2220 1376 2248 mala
1396 2221 1547 2250 veneficiis

838 2257 1089 2296 adjungebantur3
1104 2258 1164 2287 vid.
1175 2259 1245 2286 Tae.
1256 2259 1331 2288 Ann.
1342 2259 1387 2292 ΙΙ,
1398 2260 1446 2287 (js).
1462 2259 1547 2289 W.—

840 2297 895 2324 130
915 2296 975 2334 aqi!
990 2301 1033 2325 est
1048 2296 1153 2333 exigit,
1175 2297 1310 2334 expellit.
1331 2297 1375 2326 H.
1417 2298 1464 2326 De
1478 2309 1547 2327 cou-

840 2335 1013 2368 structione,
1034 2336 1071 2363 ad
1084 2334 1169 2373 cujus
1183 2335 1321 2373 exempla
1335 2336 1462 2366 addatur
1481 2348 1516 2366 rc
1535 2355 1546 2358 -

840 2374 911 2402 bum
923 2374 1040 2412 frcyere,
1061 2374 1171 2403 Horat.
1200 2374 1260 2402 Od.
1289 2374 1334 2408 II,
1362 2375 1392 2408 2,
1417 2376 1465 2404 14.
1493 2383 1548 2404 nisi

839 2422 925 2440 causa
938 2412 1030 2440 morbi
1038 2412 1151 2450 fuyerit
1166 2411 1260 2448 venis;
1282 2412 1341 2441 vid.
1362 2414 1435 2442 Not.
1459 2414 1496 2443 ad
1518 2415 1546 2446 I.

837 2451 1004 2479 413.—132
1023 2451 1050 2478 si
1072 2462 1127 2479 uon
1139 2452 1382 2489 jactaret—erat.
1423 2453 1549 2482 Constat

839 2489 993 2518 modorum
1007 2489 1094 2518 ratio.
1115 2490 1184 2518 Tae.
1206 2489 1290 2518 Hist.
1315 2490 1344 2524 I,
1371 2492 1419 2519 15.
1459 2492 1496 2520 Si
1520 2496 1547 2519 ie

833 2528 969 2565 privatas
1001 2527 1078 2565 apud
1096 2527 1245 2565 pontifices
1276 2528 1452 2567 adoptarem,
1479 2529 1548 2557 mihi

838 2566 982 2605 eqregimn
995 2570 1067 2595 erat.
1107 2566 1185 2595 Add.
1219 2566 1302 2596 Hist.
1333 2568 1399 2603 III,
1432 2570 1480 2596 55.
1515 2572 1547 2595 et

838 2605 934 2634 Cicer.
961 2616 991 2643 p.
1020 2606 1094 2641 Leg.
1123 2605 1208 2634 Man.
1222 2607 1259 2634 17
1280 2606 1305 2644 ξ.
1326 2609 1376 2635 50.
1403 2606 1545 2636 list—134

839 2644 945 2673 Flores
960 2654 1017 2672 non
1032 2643 1118 2672 facile
1134 2644 1232 2673 citove
1248 2645 1408 2679 decidunt;
1428 2645 1467 2672 acl
1479 2643 1543 2681 pri-

836 2693 893 2715 ma,
917 2688 948 2711 ut
969 2693 998 2710 m
1013 2682 1128 2720 primis,
1150 2693 1212 2712 cum
1230 2683 1345 2721 primis,
1366 2682 1544 2720 apprime—-

839 2722 892 2751 135
915 2721 1033 2751 Mederi
1054 2722 1183 2751 Parthos
1200 2722 1234 2751 iis
1252 2722 1347 2760 pomis
1370 2720 1543 2759 graveolew
