1796 3077
554 178 840 218 BUCOLICA.
900 181 1015 220 ECL.
1046 182 1116 221 VI.

1507 191 1570 234 39

115 296 297 353 Jamque
317 313 471 340 novum
492 306 616 342 terrae
634 308 831 357 stupeant
850 301 1064 345 lucescere
1087 303 1229 354 solem,

112 354 254 396 Altius
275 363 402 410 atque
423 356 576 399 cadant
597 359 800 400 submotis
821 361 1004 401 nubibus
1025 362 1199 411 imbres3

111 411 319 466 Incipiant
339 413 450 454 silvae
473 430 602 468 quum
622 417 802 470 primum
822 432 1007 471 surgere,
1030 433 1243 473 quumque

112 467 229 510 Rara
247 485 324 524 per
344 471 510 525 ignotos
533 479 673 512 errent
689 473 880 513 animalia
900 483 1076 515 montes.
1513 475 1570 516 40

110 524 225 567 Hinc
240 525 403 581 lapides
426 527 602 582 Pyrrhae
617 530 768 583 jactos,
791 530 989 571 Saturnia
1009 547 1152 585 regna,

110 581 421 638 Caucasiasque
442 585 571 626 refert
586 585 775 627 volucres
797 586 1040 641 furtumque
1059 587 1316 629 Promethei.

109 638 191 680 His
211 641 416 696 adjungit,
439 641 583 696 Hylan
603 650 742 684 nautae
761 658 845 697 quo
867 644 981 686 fonte
998 644 1188 686 relictum

111 696 373 739 Clamassent
391 715 399 748 ;
423 707 470 740 ut
489 698 599 749 litus,
624 699 753 753 Hyla,
776 700 904 754 Hyla,
924 716 1045 743 omne
1064 709 1253 751 sonaret3

110 753 171 794 Et
191 754 461 804 fortunatam,
485 756 519 796 si
535 771 749 810 nunquam
769 765 957 798 armenta
978 758 1166 808 fuissent,
1511 757 1568 800 45

108 810 355 865 Pasiphaen
376 812 486 852 nivei
509 812 667 853 solatur
688 828 829 854 amore
844 814 1028 867 juvenci.

105 866 192 917 Ah,
214 869 332 923 virgo
353 868 510 917 infelix,
527 884 622 923 quae
639 877 679 910 te
697 870 908 910 dementia
928 872 1064 925 cepit!

105 923 317 966 Proetides
337 925 563 979 implerunt
582 925 696 967 falsis
716 927 944 981 mugitibus
965 942 1111 982 agros3

103 979 165 1023 At
180 996 265 1023 non
284 989 369 1024 tam
389 990 534 1038 turpes
555 984 769 1038 pecudum
789 991 929 1026 tamen
944 984 1028 1025 ulla
1049 993 1194 1026 secuta
1215 993 1279 1028 est

108 1107 156 1137 W.
171 1108 282 1146 formoe
301 1118 401 1137 rerum
426 1111 496 1137 sunt
516 1118 562 1142 ea,
586 1118 654 1146 quae
676 1107 811 1137 exclusis

103 1146 200 1185 aquis,
219 1147 249 1175 in
269 1147 427 1185 superficie
449 1147 567 1176 telluris
591 1157 811 1185 apparuere.—

101 1187 140 1215 37
157 1186 435 1224 stupeant—cadant
457 1190 514 1214 etc.
538 1189 655 1224 tempus
673 1195 810 1224 praesens

101 1234 156 1262 pro
171 1224 341 1262 praeterito:
362 1225 499 1258 canebat,
512 1227 546 1253 ut
561 1225 743 1262 stupuerint,
760 1234 810 1253 ce-

101 1263 228 1292 ciderint
240 1267 296 1292 etc.
310 1274 317 1299 3
345 1264 397 1292 sed
413 1263 491 1292 valet
506 1264 562 1292 hoc
576 1263 613 1292 ad
633 1263 811 1292 vividiorem

100 1302 275 1337 orationem,
288 1306 322 1331 ut
338 1302 423 1340 quasi
444 1302 472 1330 in
488 1312 550 1331 rem
566 1306 746 1340 praesentem
759 1303 810 1330 ad-

100 1341 255 1369 ducamur.
296 1341 387 1370 Dicta
398 1351 470 1370 vero
484 1341 548 1370 haec
561 1345 664 1369 ornate
680 1351 735 1378 pro
747 1352 752 1369 z
779 1345 809 1370 ut

99 1380 146 1408 sol
163 1384 194 1409 et
215 1380 325 1408 coelum
349 1380 459 1408 sactum
482 1379 531 1408 sit.
552 1379 596 1408 H.
636 1379 748 1417 Junge,
763 1390 810 1408 ca-

99 1418 170 1447 dant
187 1418 308 1447 nubibus
321 1418 457 1447 submotis
470 1418 558 1447 altius
580 1418 607 1447 h.
623 1428 650 1448 e.
666 1429 733 1456 quae
746 1423 809 1448 tum

99 1457 189 1486 altius
200 1457 308 1487 levatae
323 1461 416 1486 erant.
447 1457 513 1487 Jam
523 1457 655 1495 coepisse
669 1461 700 1486 et
716 1457 808 1486 solem

99 1496 258 1535 splendere
274 1501 303 1526 et
317 1497 449 1534 pluviam
465 1496 612 1529 decidere,
630 1496 708 1524 canit
721 1496 808 1525 Maro

96 1536 236 1564 -cadere
253 1535 385 1569 nubibus,
404 1539 439 1563 ut
458 1534 549 1563 Ovid.
571 1535 647 1563 Met.
660 1534 723 1567 XI,
740 1537 808 1563 516.

95 1574 201 1603 cadunt
223 1574 345 1602 nubibus
374 1573 486 1601 imbres.
547 1572 807 1602 Constructionem

95 1613 161 1642 vid.
173 1613 209 1642 ad
226 1613 338 1641 Tibull.
357 1612 386 1646 I,
398 1613 428 1641 6.
443 1613 492 1640 53.
514 1610 707 1639 illustratam.
749 1611 807 1640 Ce-

94 1655 194 1681 terum
215 1651 387 1680 consecutio
408 1654 576 1688 temporum
599 1649 717 1677 canebat
736 1653 808 1677 ut—

88 1690 218 1727 fuissent
226 1707 263 1711 —
272 1689 446 1718 concreverit
460 1706 491 1709 ——
500 1687 616 1726 coeperit
623 1692 806 1725 ——stupeant,

94 1733 193 1763 erunt,
213 1728 323 1766 quibus
339 1727 496 1766 singularis
517 1736 641 1764 prorsus
656 1726 806 1756 videatur.

95 1767 174 1796 Nam
197 1768 235 1795 ad
257 1768 417 1805 perfectum
443 1769 473 1794 et
491 1775 623 1803 praesens
643 1764 806 1802 requiritur

94 1808 172 1834 canit
183 1815 240 1834 non
255 1805 383 1834 canebat.
423 1804 483 1833 Sed
497 1803 549 1832 ubi
565 1803 644 1832 dicta
656 1803 706 1832 vel
718 1813 805 1833 sensa

92 1844 273 1878 referuntur,
306 1843 393 1872 verbi
426 1842 564 1871 narrandi
603 1842 803 1879 cogitandive,

95 1883 174 1912 unde
192 1882 243 1912 illa
256 1883 399 1921 pendent,
415 1882 464 1911 vel
481 1890 617 1919 praesens
629 1881 676 1909 vel
694 1885 803 1919 praete-

92 1921 183 1950 ritum
204 1924 382 1959 usurpatum
396 1924 453 1955 est,
468 1923 519 1948 aut
532 1920 673 1958 usurpari
692 1920 803 1958 potuit.

92 1960 174 1989 Hinc
186 1970 278 1998 quum
293 1959 456 1997 scriptores
473 1958 510 1987 ad
525 1958 557 1987 id
571 1962 701 1996 tempus,
724 1960 804 1997 quod

91 1999 202 2038 eligere
224 2002 371 2037 poterant,
398 2008 455 2026 non
474 2006 547 2026 vero
572 2003 802 2035 usurpaverant,

91 2039 249 2067 verborum
284 2037 469 2076 sequentium
503 2040 639 2073 tempora
674 2036 802 2075 dirigere

91 2076 170 2105 haud
178 2076 307 2105 cunctati
318 2076 361 2105 sin
367 2080 387 2109 t,
400 2080 444 2104 tot
454 2075 593 2104 orationis
602 2074 725 2113 obliquae
736 2085 801 2103 mn-

91 2115 220 2143 tationes
236 2119 266 2143 et
276 2114 456 2144 variationes
469 2114 638 2152 repetendae
654 2118 734 2143 suut.
753 2113 800 2143 W.

91 2154 169 2182 —39
181 2152 327 2191 Incipiam
338 2151 418 2182 silvae
430 2163 497 2182 cum
510 2152 641 2191 primum
659 2152 744 2181 silvae
758 2152 800 2180 in-

90 2192 225 2230 ciperent
233 2191 330 2221 enasci
338 2202 406 2221 cum
417 2191 625 2220 animantibus.
638 2195 746 2219 montes
757 2191 801 2229 iy-

90 2235 183 2266 notos,
194 2231 224 2259 in
255 2230 342 2259 uibus
355 2235 419 2260 tum
428 2230 555 2268 primum
566 2230 637 2258 ferae
651 2230 802 2267 vagaban-

90 2273 148 2299 tur.
190 2240 309 2298 Ma‘iunt
326 2268 376 2298 alii
392 2279 430 2298 ex
444 2268 596 2298 codicibus
611 2268 728 2297 duobus
742 2268 801 2296 lec-

90 2308 201 2337 tionem
219 2307 348 2345 munros,
367 2307 448 2336 idem
469 2306 691 2346 significantem,
720 2307 800 2344 quod

90 2347 212 2385 iynotos,
233 2346 270 2375 cf.
292 2346 410 2375 AEneid.
421 2346 465 2380 X,
480 2347 549 2375 706.
589 2346 649 2374 Sed
665 2345 712 2373 hic
726 2355 799 2374 usus

89 2386 172 2415 vocis
184 2386 305 2425 iynarus
324 2384 515 2422 pedestribus
533 2394 652 2423 quoque
671 2384 799 2422 scripto-

88 2425 182 2459 ribus,
194 2428 229 2453 ut
242 2422 358 2457 Tacito,
372 2423 521 2460 frequens,

127 2464 166 2492 41
182 2462 345 2492 Hominum
364 2461 505 2499 originem
517 2462 579 2499 jam
593 2471 728 2490 enarrare
745 2461 796 2490 de·-

88 2502 196 2538 bebat,
218 2501 280 2535 sed,
292 2504 322 2529 et
333 2499 480 2538 poeticam
494 2500 636 2529 rationem
651 2504 680 2528 et
696 2503 795 2528 vetus-

86 2541 272 2570 tissimorum
301 2538 543 2577 philosophorum
570 2548 683 2567 morem
711 2548 795 2567 secu-

87 2582 147 2614 tus,
164 2578 272 2607 fabulis
294 2587 358 2607 eam
380 2576 540 2605 involutam
553 2577 698 2614 exponit,
722 2587 795 2614 quas

89 2617 142 2655 qui
155 2617 286 2656 singulas
302 2616 367 2645 vult
383 2624 572 2654 cognoscere,
595 2615 679 2643 adeat
699 2615 796 2643 Naso-

86 2665 164 2690 nem,
179 2656 268 2684 etiam
279 2654 505 2693 Apollodorum.
534 2652 693 2682 Delectare
705 2663 796 2691 porro

87 2694 253 2724 narratione
265 2703 376 2732 pueros
389 2696 420 2722 et
440 2692 548 2731 AEglen
561 2691 690 2729 puellam
712 2692 796 2721 insti-

850 1108 1125 1138 tuerat—Saturni
1145 1118 1263 1147 reynum
1279 1108 1316 1136 ad
1331 1106 1485 1138 dlversum
1498 1120 1563 1149 my-

851 1147 969 1176 thorum
986 1158 1079 1185 genus
1093 1148 1283 1186 ordinemque
1299 1152 1426 1185 spectat,
1443 1153 1474 1177 et
1487 1150 1557 1179 Pro-

849 1186 958 1215 methei
970 1183 1056 1224 piena
1068 1197 1122 1225 pro
1133 1186 1193 1230 igni
1204 1190 1352 1223 surrept0‚
1368 1196 1434 1223 quae
1448 1187 1563 1218 diluvio

851 1224 1052 1254 Deucalioneo
1061 1230 1205 1254 anteriora
1217 1228 1301 1260 sunt;
1324 1224 1376 1253 sed
1388 1224 1417 1253 in
1429 1225 1481 1254 tali
1492 1236 1561 1256 enu-

849 1264 1008 1293 meratione
1029 1264 1160 1293 ordinem
1180 1268 1349 1301 temporum
1371 1273 1489 1293 servare
1511 1275 1561 1294 ne-

849 1312 933 1331 cesse
947 1312 1003 1331 non
1018 1307 1093 1332 erat.
1106 1302 1150 1331 H.
1189 1303 1254 1331 Nec
1266 1301 1419 1340 pedestres
1434 1303 1559 1341 scripto-

848 1350 896 1369 res
912 1341 940 1369 in
956 1341 1041 1370 factis
1060 1341 1192 1370 breviter
1209 1340 1412 1370 enumerandis
1428 1342 1560 1371 ordinem

850 1384 988 1409 accurate
1002 1385 1166 1409 servarunt.
1186 1380 1224 1408 cf.
1243 1380 1315 1408 Tac.
1330 1380 1407 1407 Ann.
1420 1379 1447 1413 I,
1465 1381 1511 1410 10.
1528 1392 1560 1420 p.

849 1419 897 1447 33.
950 1419 976 1447 A
984 1418 1111 1448 ntonium
1138 1418 1294 1447 Tarentino
1322 1418 1559 1459 Brundisinoque

841 1457 953 1494 foeclere
967 1462 995 1486 et
1016 1457 1126 1496 nuptiis
1140 1457 1250 1486 sororis
1268 1456 1405 1491 illectum
1430 1458 1480 1486 ubi
1494 1459 1559 1488 vid.

848 1495 1008 1533 Lipsium„
1022 1501 1052 1525 et
1066 1497 1157 1525 Obss.
1173 1497 1209 1524 ad
1225 1495 1371 1529 Tibu11.1‚
1385 1496 1414 1529 3,
1425 1496 1474 1524 47.
1492 1497 1540 1526 W.

885 1536 924 1562 43
946 1535 995 1563 Ex
1010 1535 1218 1572 insignioribus
1235 1533 1424 1570 antiquitatis
1447 1535 1558 1572 mythis

848 1576 915 1600 sunt
932 1572 1132 1608 Argonautica
1144 1575 1173 1600 et
1192 1582 1239 1600 res
1255 1571 1410 1600 Herculis.
1450 1573 1499 1601 Ex
1511 1574 1557 1603 his

847 1619 921 1638 unus
932 1608 1070 1639 laudatur
1083 1610 1193 1648 Hylas,
1207 1611 1289 1649 Argo
1305 1611 1343 1639 ad
1357 1610 1486 1648 Mysiam
1503 1622 1556 1650 ap-

846 1648 944 1685 pulsa,
967 1659 984 1678 a
1009 1649 1157 1687 Nymphis
1176 1653 1291 1687 raptus,
1313 1653 1344 1677 et
1364 1649 1400 1677 ab
1423 1650 1556 1681 Hercule

846 1687 959 1717 frustra
970 1688 1126 1725 quaesitus.
1141 1687 1186 1716 H.
1225 1697 1281 1726 quo
1294 1689 1322 1726 f.
1339 1687 1376 1716 ad
1392 1697 1478 1725 quem
1492 1690 1556 1718 fon-

846 1729 915 1754 tem.
938 1725 1038 1763 Hylan
1059 1727 1123 1755 sive
1137 1726 1299 1755 Ascanium
1319 1726 1441 1755 fluvium
1462 1727 1556 1758 fuisse

845 1764 1053 1802 mythographi
1079 1765 1211 1793 tradunt.
1237 1764 1416 1799 claritas-seut,
1439 1766 1556 1796 nomine

844 1807 1009 1831 vocassent.
1026 1804 1063 1832 cf.
1082 1803 1151 1832 AEn.
1165 1803 1223 1834 IV,
1236 1804 1305 1831 67-1.
1318 1803 1484 1833 morientem
1502 1816 1555 1833 uv-

844 1841 918 1870 mine
935 1840 1131 1871 clamat—44
1149 1842 1189 1870 Et
1209 1842 1296 1870 Pers:
1318 1842 1366 1876 II,
1386 1843 1436 1871 23.
1458 1843 1494 1872 H
1514 1843 1555 1879 la,

842 1880 937 1918 Hyla.
978 1880 1156 1909 Secundain
1175 1881 1321 1915 vocativo,
1336 1884 1401 1909 ante
1421 1892 1493 1910 voca
1507 1893 1554 1911 em

842 1928 925 1948 more
934 1920 1108 1948 Graecorum
1114 1919 1310 1957 corripienda,
1317 1919 1345 1947 in
1352 1919 1450 1957 priore
1462 1922 1555 1950 verbo

843 1958 903 1986 arsi
925 1958 1110 1996 producitur,
1134 1962 1167 1986 ut
1187 1958 1252 1986 Ecl.
1272 1958 1330 1992 IV,
1352 1960 1402 1987 24.
1449 1959 1553 1988 Actoeo

841 1996 1024 2035 Aracyntho.
1065 1997 1114 2026 Ad
1137 1996 1224 2025 metri
1240 1997 1381 2025 rationem
1397 2001 1427 2025 et
1442 1999 1554 2036 repeti-

842 2035 929 2064 tionis
955 2045 1041 2064 usum
1071 2045 1210 2072 compara
1243 2035 1335 2073 Soph.
1364 2035 1459 2064 Elect.
1485 2038 1553 2066 148.

837 2078 876 2100 “A
894 2078 974 2105 Ἴτυν,
992 2077 1127 2102 αὶὲν”1τινν
1143 2075 1316 2109 ὗλοψύρὲται.
1349 2074 1435 2102 Adde
1450 2074 1552 2104 xraler·

841 2112 924 2141 Flac.
947 2112 1013 2146 III,
1036 2114 1104 2141 596.
1137 2111 1254 2139 Rursus
1274 2111 1377 2149 Hylan
1401 2116 1429 2139 et
1446 2123 1552 2143 rursus

840 2151 941 2189 Hylan
958 2160 1013 2189 per
1036 2151 1120 2188 lonya
1140 2150 1275 2178 reclamat
1294 2149 1385 2178 Avia.
1414 2151 1459 2180 W.
1499 2152 1549 2181 Ad

840 2190 1019 2228 antiquiores
1029 2190 1146 2227 mythos
1155 2188 1298 2217 referendi
1306 2189 1549 2225 suntCretenses,

839 2228 928 2266 inque
943 2228 988 2257 his
1002 2228 1131 2266 Europae
1149 2238 1249 2294 penus,
1265 2227 1376 2261 Minos,
1392 2228 1439 2256 cui
1456 2234 1549 2267 nupta

841 2267 1002 2305 Pasiphae,
1024 2267 1104 2295 Solis
1128 2267 1145 2295 fi
1160 2266 1197 2300 ia,
1221 2266 1259 2294 cf.
1274 2266 1417 2304 Apollod.
1437 2267 1503 2301 III,
1521 2269 1549 2297 1.

840 2305 917 2344 Ejus
937 2316 1019 2334 amor
1036 2305 1113 2334 tauri
1131 2304 1239 2333 mirum
1260 2304 1433 2342 phantasma
1452 2306 1550 2343 poeti-

839 2354 916 2379 cum,
930 2345 1010 2382 quod
1024 2344 1119 2372 ornari
1130 2348 1256 2382 poterat.
1271 2343 1383 2371 solatur
1396 2344 1549 2382 artioreju-

839 2383 935 2419 venci‚·
957 2383 1074 2422 elegans
1089 2381 1242 2411 conversio
1256 2391 1310 2419 pro
1325 2392 1371 2417 eo,
1386 2383 1465 2420 quod
1477 2383 1547 2411 sim-

837 2421 956 2459 pliciter
978 2425 1058 2450 erat:
1082 2420 1248 2458 Pasiphaes
1265 2430 1376 2449 autores
1397 2421 1486 2453 canit,
1510 2423 1548 2450 cf.

834 2461 891 2496 623
923 2470 990 2497 quae
1005 2459 1104 2488 fabula
1120 2459 1157 2487 ad
1180 2468 1277 2487 rerum
1296 2459 1545 2496 praestantissimas

834 2498 975 2536 imagines
998 2501 1136 2526 revocata
1156 2497 1403 2535 apponitur.—17
1421 2498 1503 2536 viryo
1516 2498 1546 2527 h.

834 2537 865 2570 l.,
880 2541 914 2565 ut
929 2536 1037 2573 puella,
1052 2535 1166 2564 omnino
1175 2545 1229 2573 pro
1243 2535 1349 2564 femina
1360 2547 1367 2572 ;
1379 2546 1443 2564 nam
1453 2540 1545 2572 nupta

833 2575 885 2603 illa
899 2579 962 2603 erat
983 2574 1166 2602 Minor-⁸118
1179 2573 1270 2611 falsis
1289 2574 1453 2612 mugitibus.
1493 2574 1544 2601 In-

837 2613 916 2642 sania
932 2617 1078 2650 correptae
1102 2612 1197 2640 Proeti
1217 2612 1284 2641 filiae
1301 2613 1474 2641 videbantur
1486 2611 1545 2640 sihi

835 2652 975 2681 invaccas
990 2654 1112 2679 mutatae
1119 2661 1196 2686 esse,
1210 2661 1258 2679 mu
1282 2651 1390 2684 iebant,
1403 2654 1432 2678 et
1445 2653 1543 2678 aratro

837 2690 962 2729 sejungi
973 2690 1125 2727 putabant:
1142 2699 1171 2718 vt
1185 2661 1327 2728 Apollod.
1338 2689 1384 2723 II,
1399 2690 1428 2729 2,
1439 2689 1468 2717 2.
1494 2688 1544 2717 Ad
