1796 3077
237 231 293 276 14
658 223 701 262 P.
732 222 962 262 VIRGILn
992 221 1239 261 MARoNJs

233 345 375 384 tuendo
406 347 670 384 sententiarum
701 347 832 384 ordine
860 356 896 383 et
929 360 1040 383 nexu.
1097 345 1221 382 Etiam
1250 352 1378 382 nostro
1398 350 1565 392 tempore
1583 341 1664 392 ejus

234 400 381 448 generis
407 401 567 437 carmina
587 400 685 449 apud
707 400 822 436 Italos
853 400 888 435 in
915 400 1035 448 pretio
1055 398 1195 440 haberi,
1225 407 1261 434 et
1286 397 1428 433 laudari
1448 401 1577 446 poetas
1598 397 1665 431 im-

235 465 495 497 PROVISATORI,
524 461 612 489 nota
636 465 694 489 res
717 461 784 489 est.
824 452 984 489 Occasio
1002 451 1114 501 hujus
1132 451 1342 488 certaminis
1361 463 1492 499 parum
1513 448 1667 485 feliciter

234 518 257 541 a
276 506 449 542 conviciis
470 506 607 541 mutuis
626 514 663 542 et
684 505 842 554 probris,
872 505 1007 554 quibus
1037 517 1076 541 se
1106 503 1264 540 invicem
1288 503 1486 546 lacessunt,
1515 501 1667 551 petitur,

235 557 273 593 in
292 558 425 606 quibus
444 571 517 594 non
544 557 658 594 modo
677 558 823 594 honesti
843 566 880 594 et
906 557 1033 594 decori
1053 557 1156 594 nulla
1182 556 1277 592 ratio
1303 555 1440 598 habita,
1472 567 1603 591 verum
1622 566 1669 589 ne

235 608 273 646 id
295 610 456 658 quidem,
475 610 576 658 quod
594 611 718 660 poe'tae
738 623 874 647 nomen
893 618 929 646 et
958 618 1129 646 naturam
1148 608 1273 652 efficit,
1306 615 1514 658 spectatum
1530 614 1597 650 est,
1628 614 1670 642 ut

236 675 310 698 non
338 663 405 699 nisi
424 672 542 711 gratae
561 663 692 699 animis
712 671 748 699 et
761 662 942 711 jucundae
968 675 1026 698 res
1045 662 1323 698 exhiberentur.
1380 660 1481 696 Vitae
1501 668 1539 696 et
1555 659 1670 696 mori-

235 716 305 751 bus
326 715 435 764 liujus
454 715 600 764 generis
619 714 812 751 hominum
846 714 1014 750 convicia
1032 714 1103 750 ista
1132 712 1233 749 haud
1262 726 1343 749 esse
1372 712 1531 755 insolita,
1560 725 1671 748 nemo

234 767 405 811 dubitet3
434 780 563 804 verum
592 770 714 816 poeta,
745 767 776 803 si
806 767 956 815 ingenio
974 776 1012 803 et
1029 774 1108 803 arte
1128 774 1228 802 recte
1257 765 1385 809 utitur,
1414 776 1604 813 nunquam
1624 763 1673 800 ad

234 819 387 856 sordida
405 828 440 856 et
460 819 657 868 flagitiosa,
690 819 813 868 turpia
843 832 886 856 ac
913 819 1016 855 foeda
1035 818 1199 855 carmine
1217 818 1461 867 exprimenda
1479 831 1518 854 se
1537 816 1673 854 demit-

234 880 311 915 tet3
342 871 461 909 multo
480 873 614 916 minus,
650 872 681 908 si
700 872 863 908 carmina
887 871 1087 921 virginibus
1101 870 1296 920 puerisque
1315 879 1465 907 cantare
1483 884 1523 906 se
1541 870 1673 907 memi-

236 924 343 961 nerit.
401 923 591 961 Caeterum
617 933 880 973 argumentum
911 938 961 962 ex
987 923 1189 960 Theocrito
1221 923 1333 973 Idyll.
1354 923 1424 960 IV.
1451 933 1489 960 et
1509 922 1557 959 V.
1578 923 1673 972 peti-

235 984 327 1013 tum.
384 977 520 1025 Agitur
538 991 596 1014 res
616 977 711 1013 inter
724 990 863 1027 pascua
881 986 918 1014 et
935 990 1068 1026 greges
1087 990 1153 1026 per
1172 989 1282 1025 agros
1297 989 1451 1025 gramen
1467 984 1674 1025 carpentes.

236 1029 285 1065 cf.
317 1042 353 1065 v.
387 1033 451 1065 55.
507 1030 567 1067 De
599 1038 778 1079 tempore,
807 1043 883 1080 quo
913 1043 1061 1067 carmen
1088 1030 1158 1065 hoc
1188 1029 1369 1078 scriptum
1399 1038 1465 1072 est,
1495 1029 1571 1065 vid.
1595 1028 1675 1065 Vit.

236 1080 385 1131 Virgilii
405 1095 439 1118 a.
461 1086 547 1126 711,
578 1083 624 1119 cf.
654 1096 686 1119 a.
722 1086 809 1121 709.
840 1082 892 1119 H.
948 1082 1102 1120 Annum
1123 1083 1209 1120 71⁶2.
1268 1081 1320 1118 H.
1342 1081 1500 1118 Vossius
1520 1081 1672 1125 statuit3

236 1135 296 1170 cui
315 1135 491 1184 opinioni,
525 1148 609 1172 cum
628 1148 725 1172 anno
747 1139 833 1173 711.
865 1145 1025 1172 exeunte
1045 1136 1196 1171 demum
1217 1134 1369 1171 Asinius
1390 1134 1511 1171 Pollio
1529 1135 1575 1170 ab
1596 1134 1675 1170 An-

236 1187 340 1223 tonio
359 1187 406 1223 ad
424 1187 589 1237 legiones
609 1197 762 1237 septem,
782 1201 848 1237 per
869 1188 1065 1225 Venetiam
1085 1188 1132 1225 ad
1150 1188 1295 1224 Padum
1313 1187 1523 1237 dispositas,
1544 1200 1674 1236 regen-

237 1239 304 1275 das
330 1240 464 1276 missus
485 1241 608 1284 fuerit,
638 1241 840 1290 descriptio
872 1241 974 1278 verni
1005 1241 1182 1290 temporis
1205 1244 1371 1278 56—57.
1405 1249 1533 1290 aperte
1562 1240 1675 1276 favet.

238 1291 330 1335 Nec,
362 1293 393 1328 si
413 1306 540 1329 versus
568 1296 733 1329 84—89.
766 1303 937 1330 accurate
971 1294 1195 1338 consideres,
1226 1293 1451 1342 conjectura,
1484 1292 1676 1336 Pollionis,

236 1344 289 1380 illi
320 1352 399 1382 tum
431 1359 508 1382 orae
539 1346 743 1396 praepositi,
772 1347 931 1395 gratiam
957 1347 1025 1385 hac
1046 1346 1191 1396 Ecloga
1222 1346 1440 1397 quaesivisse
1461 1345 1676 1396 Virgilium,

238 1399 509 1436 contemnenda
525 1412 606 1436 esse
624 1399 786 1436 videtur.
818 1399 875 1439 W.

350 1561 709 1605 MENALCAS.
793 1562 1140 1604 PAMOETAS.
1222 1563 1566 1606 PALAEMON.

294 1674 419 1716 ΜΕΝ.
482 1676 563 1716 Dic
583 1677 695 1725 mihi,
719 1677 931 1724 Damoeta,
953 1676 1093 1729 cujum
1113 1680 1270 1730 pecus?
1302 1693 1354 1718 an
1375 1678 1598 1718 Meliboei?

295 1731 418 1771 ΒΑΜ.
450 1732 563 1780 Non,
586 1747 727 1772 verum
747 1733 946 1785 [Egonis3
978 1747 1112 1785 nuper
1130 1734 1228 1774 mihi
1249 1735 1420 1775 tradidit
1438 1734 1596 1787 [Egon.

295 1786 422 1827 MEN.
483 1787 632 1827 Infelix
654 1803 677 1828 o
697 1803 872 1841 semper,
895 1802 1004 1835 oves,
1026 1792 1175 1841 pecus!
1208 1792 1296 1843 ipse
1316 1790 1514 1831 Neaeram

241 1841 357 1882 Dum
374 1843 499 1891 fovet,
531 1858 591 1892 ac,
622 1859 674 1884 ne
692 1859 756 1885 me
779 1845 856 1884 sibi
876 1843 1076 1897 praeferat
1096 1844 1176 1893 illa,
1207 1855 1386 1895 veretur,

240 1898 325 1939 Hic
347 1898 504 1939 alienus
525 1914 622 1940 oves
639 1908 778 1941 custos
798 1901 861 1940 bis
881 1899 1037 1953 mulget
1056 1900 1099 1939 in
1119 1901 1235 1952 hora,

241 1954 301 1994 Et
317 1969 463 1996 succus
484 1957 625 2008 pecori
655 1964 697 1996 et
716 1957 779 1997 lac
799 1956 1044 1996 subducitur
1064 1958 1194 2010 agnis,

298 2011 420 2051 ΒΑΜ.
454 2011 625 2052 Parcius
642 2014 720 2053 ista
739 2013 833 2053 viris
855 2020 991 2052 tamen
1010 2013 1243 2065 objicienda
1263 2022 1483 2055 memento.

242 2066 446 2107 Novimus
467 2076 509 2108 et
526 2069 597 2122 qui
617 2075 669 2117 te,
701 2077 934 2109 transversa
955 2070 1166 2109 tuentibus
1188 2071 1325 2120 hircis,

243 2123 303 2164 Et
322 2139 418 2177 quo,
449 2124 522 2165 sed
544 2124 683 2166 faciles
705 2124 918 2179 Nymphae
939 2125 1079 2175 risere,
1111 2126 1274 2169 sacello.

1656 1903 1682 1941 <a

281 2230 297 2258 l
318 2229 442 2258 Theocr.
462 2229 519 2263 IV,
536 2230 562 2258 l.
582 2241 627 2268 sq.
644 2231 734 2268 cujum
745 2233 807 2269 jam
820 2232 941 2260 desuem
978 2233 1108 2261 convicia
1120 2235 1347 2263 cerleliomiuem
1356 2235 1470 2263 mollem
1481 2234 1685 2270 effeminatum,

241 2278 302 2296 vox
315 2273 393 2301 erat3
408 2268 449 2296 sic
463 2278 530 2296 rure
545 2268 709 2306 loquuntur,
733 2271 857 2298 addebat
874 2270 940 2297 Vir·
979 2274 1008 2298 et
1028 2274 1141 2309 turpem
1164 2273 1199 2300 iis
1218 2273 1309 2301 facere
1328 2283 1382 2300 non
1400 2274 1531 2306 decebat,
1553 2274 1601 2311 qui
1618 2279 1683 2301 sunl

242 2306 431 2344 giliomasiix.
466 2310 498 2334 ut
531 2307 800 2336 Pseudo-Donatus
816 2316 841 2345 ς.
891 2310 940 2336 m.
979 2309 1061 2346 puris
1074 2311 1212 2342 moribus.
1230 2311 1258 2339 h.
1275 2312 1361 2343 milii3
1383 2316 1414 2340 ut
1426 2323 1471 2349 ap.
1493 2313 1575 2341 Suet.
1591 2312 1684 2350 Yesp.

242 2346 449 2372 n1e111‹›rat.—3
463 2346 541 2372 Dum
555 2345 617 2382 ipsc
635 2347 855 2385 AEgonNeaerae
868 2347 939 2375 assi·
980 2358 1005 2375 c.
1021 2349 1066 2375 13.
1081 2348 1277 2386 Vespasianus
1292 2355 1366 2378 1101ae
1379 2351 1566 2388 impudicitiae
1579 2350 1685 2378 homiui

241 2383 301 2416 det,
327 2382 374 2410 hic
395 2384 527 2411 mercede
549 2384 712 2412 conductus
737 2395 851 2421 gregem
878 2387 941 2422 ejus
981 2388 1152 2424 respondet:
1167 2388 1232 2425 Eyo
1244 2393 1333 2416 tamen
1347 2389 1531 2417 rursum—S
1546 2388 1686 2417 Novimus

242 2421 368 2448 absentis
384 2421 490 2458 perdit.
503 2421 546 2450 H.
585 2422 734 2451 Vocalesi
749 2427 777 2451 et
790 2433 815 2456 43,
828 2424 941 2452 literam
980 2428 1007 2452 et
1029 2427 1077 2462 qui
1099 2426 1169 2463 (pro
1187 2427 1267 2464 quis)
1288 2432 1313 2454 le
1337 2428 1398 2455 scil.
1421 2427 1592 2465 corruperit.
1634 2427 1684 2455 Me

240 2458 251 2486 i
265 2459 370 2497 copula
381 2463 407 2487 et
432 2464 579 2497 sequente,
603 2460 631 2488 in
646 2471 760 2489 caesura
780 2462 945 2499 frequenter
983 2472 1037 2490 non
1053 2464 1136 2500 sugit,
1158 2469 1185 2492 te
1202 2465 1275 2493 inter
1291 2476 1392 2501 gre-ges
1406 2471 1433 2494 el
1450 2467 1478 2494 in
1493 2466 1557 2503 ipso
1579 2465 1685 2492 sacello

243 2498 321 2535 apud
337 2497 491 2533 Virgilium
505 2498 532 2525 in
545 2508 633 2526 unuin
649 2510 749 2528 sonum
762 2509 816 2527 non
833 2501 943 2529 coales-
982 2501 1184 2539 Nympharum
1200 2504 1276 2541 turpi
1288 2497 1406 2533 libidine
1418 2504 1560 2542 pollutum
1571 2514 1686 2531 esser*

244 2540 323 2564 cunt.
338 2535 376 2563 cf.
389 2536 436 2563 03.
457 2540 483 2579 qt
498 2536 566 2565 AEn.
582 2537 644 2578 111,
659 2539 707 2567 74.
753 2537 798 2566 W.
984 2539 1078 2568 hircos
1092 2551 1115 2568 s.
1135 2541 1252 2579 leb-qnos
1267 2543 1351 2571 multi
1368 2554 1405 2571 ex
1425 2542 1597 2579 interpolato
1617 2543 1685 2570 Ser-

261 2612 267 2617 .
281 2575 299 2602 7
322 2575 447 2617 Par-quas
465 2579 521 2602 isla
539 2575 620 2603 virts.
661 2576 831 2605 Cominium
847 2577 944 2605 convi-
984 2578 1032 2606 vio
1046 2580 1081 2607 de
1096 2580 1205 2616 angulis
1217 2581 1366 2609 oculorum
1378 2581 1530 2618 accipiunt,
1553 2580 1580 2608 h.
1594 2580 1687 2608 oculis

241 2622 287 2640 1:10
299 2616 420 2656 opponit
432 2613 594 2656 Danuuius,
607 2618 643 2656 ¹ct
660 2615 689 2642 M
696 2615 811 2647 enalcae,
825 2626 855 2643 se
869 2615 945 2644 frau-
986 2627 1047 2659 proe
1068 2616 1184 2646 libidine
1203 2619 1230 2646 in
1244 2620 1363 2657 angulos
1377 2619 1513 2648 reductis.
1553 2619 1609 2647 Sed
1633 2619 1686 2647 lioc

243 2650 289 2678 dis
319 2654 351 2693 et
377 2651 446 2679 iurti
475 2656 624 2685 incusanu,
652 2652 794 2681 infamiam
822 2654 944 2691 pailiiew
985 2660 1058 2683 inter
1068 2652 1498 2695 argutiasinterpretumharum
1512 2657 1685 2693 Eulogarum

242 2688 369 2731 libidinis
383 2689 552 2732 exprobrat,
566 2690 632 2732 lunc
643 2691 756 2719 dicens:
773 2691 884 2719 etiamsi
897 2692 945 2720 illa
986 2694 1182 2729 rel'erendum3
1204 2696 1290 2733 idque
1311 2696 1492 2724 manifestum
1511 2697 1553 2728 fit,
1574 2689 1599 2724 si
1621 2696 1687 2734 quis

241 2736 307 2762 Jure
319 2728 490 2765 exprobrari
505 2728 573 2757 nnlu
586 2734 766 2796 possentbat
781 2730 836 2759 ista
853 2736 945 2761 tamen
985 2732 1106 2764 Theoer.
1128 2734 1165 2769 V,
1182 2735 1230 2770 41,
1251 2736 1299 2769 4⁶2,
1322 2735 1394 2764 unde
1409 2736 1471 2764 haee
1486 2745 1635 2773 expressa,
1658 2739 1687 2764 et
