<?xml version="1.0" encoding="UTF-8"?>
<!DOCTYPE html PUBLIC "-//W3C//DTD XHTML 1.0 Transitional//EN"
    "http://www.w3.org/TR/xhtml1/DTD/xhtml1-transitional.dtd">
<html xmlns="http://www.w3.org/1999/xhtml" xml:lang="en" lang="en">
 <head>
  <title>
</title>
<meta http-equiv="Content-Type" content="text/html;charset=utf-8" />
  <meta name='ocr-system' content='tesseract 3.04.00' />
  <meta name='ocr-capabilities' content='ocr_page ocr_carea ocr_par ocr_line ocrx_word'/>
</head>
<body>
  <div class='ocr_page' id='page_1' title='image "./operahey00virguoft_0490.png"; bbox 0 0 1796 3077; ppageno 0'>
   <div class='ocr_carea' id='block_1_1' title="bbox 157 248 1414 1575">
    <p class='ocr_par' dir='ltr' id='par_1_1' title="bbox 157 248 1208 487">
     <span class='ocr_line' id='line_1_1' title="bbox 157 248 1183 298; baseline 0.005 -15"><span class='ocrx_word' id='word_1_1' title='bbox 157 253 253 298; x_wconf 74' lang='lat'>432</span> <span class='ocrx_word' id='word_1_2' title='bbox 589 249 632 287; x_wconf 85' lang='lat' dir='ltr'>P.</span> <span class='ocrx_word' id='word_1_3' title='bbox 665 248 896 285; x_wconf 77' lang='lat' dir='ltr'>VIRGILH</span> <span class='ocrx_word' id='word_1_4' title='bbox 931 249 1183 288; x_wconf 75' lang='lat' dir='ltr'><strong>MARONIS</strong></span> 
     </span>
     <span class='ocr_line' id='line_1_2' title="bbox 161 373 1208 430; baseline 0.003 -16"><span class='ocrx_word' id='word_1_5' title='bbox 161 373 277 416; x_wconf 87' lang='lat' dir='ltr'>Huic</span> <span class='ocrx_word' id='word_1_6' title='bbox 296 375 402 417; x_wconf 80' lang='lat' dir='ltr'>deus</span> <span class='ocrx_word' id='word_1_7' title='bbox 424 376 514 430; x_wconf 85' lang='lat' dir='ltr'>ipse</span> <span class='ocrx_word' id='word_1_8' title='bbox 536 375 617 418; x_wconf 88' lang='lat' dir='ltr'>loci</span> <span class='ocrx_word' id='word_1_9' title='bbox 637 375 765 417; x_wconf 81' lang='lat' dir='ltr'>fluvio</span> <span class='ocrx_word' id='word_1_10' title='bbox 786 374 1018 416; x_wconf 85' lang='lat' dir='ltr'>Tiberinus</span> <span class='ocrx_word' id='word_1_11' title='bbox 1039 389 1208 417; x_wconf 79' lang='lat' dir='ltr'>amoeno</span> 
     </span>
     <span class='ocr_line' id='line_1_3' title="bbox 166 431 1140 487; baseline 0.001 -15"><span class='ocrx_word' id='word_1_12' title='bbox 166 431 377 487; x_wconf 77' lang='lat' dir='ltr'>Populeas</span> <span class='ocrx_word' id='word_1_13' title='bbox 399 434 507 474; x_wconf 82' lang='lat' dir='ltr'>inter</span> <span class='ocrx_word' id='word_1_14' title='bbox 527 434 666 473; x_wconf 84' lang='lat' dir='ltr'>senior</span> <span class='ocrx_word' id='word_1_15' title='bbox 687 447 731 473; x_wconf 84' lang='lat' dir='ltr'>se</span> <span class='ocrx_word' id='word_1_16' title='bbox 753 431 945 473; x_wconf 76' lang='lat' dir='ltr'>attollere</span> <span class='ocrx_word' id='word_1_17' title='bbox 967 431 1140 473; x_wconf 85' lang='lat' dir='ltr'>frondes</span> 
     </span>
    </p>

    <p class='ocr_par' dir='ltr' id='par_1_2' title="bbox 163 488 1136 543">
     <span class='ocr_line' id='line_1_4' title="bbox 163 488 1136 543; baseline 0 -13"><span class='ocrx_word' id='word_1_18' title='bbox 163 488 292 530; x_wconf 87' lang='lat' dir='ltr'>Visus</span> <span class='ocrx_word' id='word_1_19' title='bbox 310 508 319 540; x_wconf 90' lang='lat'>;</span> <span class='ocrx_word' id='word_1_20' title='bbox 350 505 445 530; x_wconf 88' lang='lat' dir='ltr'>eum</span> <span class='ocrx_word' id='word_1_21' title='bbox 466 491 602 530; x_wconf 86' lang='lat' dir='ltr'>tenuis</span> <span class='ocrx_word' id='word_1_22' title='bbox 623 489 774 543; x_wconf 78' lang='lat' dir='ltr'>glauco</span> <span class='ocrx_word' id='word_1_23' title='bbox 792 489 960 531; x_wconf 86' lang='lat' dir='ltr'>velabat</span> <span class='ocrx_word' id='word_1_24' title='bbox 980 489 1136 530; x_wconf 85' lang='lat' dir='ltr'>amictu</span> 
     </span>
    </p>

    <p class='ocr_par' dir='ltr' id='par_1_3' title="bbox 164 545 1237 601">
     <span class='ocr_line' id='line_1_5' title="bbox 164 545 1237 601; baseline 0.002 -15"><span class='ocrx_word' id='word_1_25' title='bbox 164 545 390 596; x_wconf 82' lang='lat' dir='ltr'>Carbasus,</span> <span class='ocrx_word' id='word_1_26' title='bbox 412 555 455 587; x_wconf 90' lang='lat' dir='ltr'>et</span> <span class='ocrx_word' id='word_1_27' title='bbox 475 547 610 588; x_wconf 87' lang='lat' dir='ltr'>crines</span> <span class='ocrx_word' id='word_1_28' title='bbox 631 547 829 588; x_wconf 85' lang='lat' dir='ltr'>umbrosa</span> <span class='ocrx_word' id='word_1_29' title='bbox 849 547 1023 601; x_wconf 81' lang='lat' dir='ltr'>tegebat</span> <span class='ocrx_word' id='word_1_30' title='bbox 1043 547 1208 588; x_wconf 86' lang='lat' dir='ltr'>arundo</span> <span class='ocrx_word' id='word_1_31' title='bbox 1228 564 1237 595; x_wconf 84' lang='lat'>3</span> 
     </span>
    </p>

    <p class='ocr_par' dir='ltr' id='par_1_4' title="bbox 165 602 1157 653">
     <span class='ocr_line' id='line_1_6' title="bbox 165 602 1157 653; baseline -0.001 -8"><span class='ocrx_word' id='word_1_32' title='bbox 165 602 279 645; x_wconf 90' lang='lat' dir='ltr'>Tum</span> <span class='ocrx_word' id='word_1_33' title='bbox 300 605 358 644; x_wconf 83' lang='lat' dir='ltr'>sic</span> <span class='ocrx_word' id='word_1_34' title='bbox 380 604 512 653; x_wconf 76' lang='lat' dir='ltr'>alfari,</span> <span class='ocrx_word' id='word_1_35' title='bbox 533 612 575 645; x_wconf 86' lang='lat' dir='ltr'>et</span> <span class='ocrx_word' id='word_1_36' title='bbox 595 619 717 646; x_wconf 84' lang='lat' dir='ltr'>curas</span> <span class='ocrx_word' id='word_1_37' title='bbox 738 604 803 645; x_wconf 84' lang='lat' dir='ltr'>his</span> <span class='ocrx_word' id='word_1_38' title='bbox 821 605 989 645; x_wconf 88' lang='lat' dir='ltr'>demere</span> <span class='ocrx_word' id='word_1_39' title='bbox 1008 604 1131 645; x_wconf 87' lang='lat' dir='ltr'>dictis</span> <span class='ocrx_word' id='word_1_40' title='bbox 1149 620 1157 644; x_wconf 93' lang='lat'>:</span> 
     </span>
    </p>

    <p class='ocr_par' dir='ltr' id='par_1_5' title="bbox 164 661 1409 830">
     <span class='ocr_line' id='line_1_7' title="bbox 221 661 1409 716; baseline 0.002 -16"><span class='ocrx_word' id='word_1_41' title='bbox 221 661 263 700; x_wconf 87' lang='lat' dir='ltr'>O</span> <span class='ocrx_word' id='word_1_42' title='bbox 284 668 373 701; x_wconf 87' lang='lat' dir='ltr'>sate</span> <span class='ocrx_word' id='word_1_43' title='bbox 394 669 521 715; x_wconf 78' lang='lat' dir='ltr'>gente</span> <span class='ocrx_word' id='word_1_44' title='bbox 542 663 684 711; x_wconf 79' lang='lat' dir='ltr'>deum,</span> <span class='ocrx_word' id='word_1_45' title='bbox 712 661 946 716; x_wconf 71' lang='lat' dir='ltr'>&#39;frojanam</span> <span class='ocrx_word' id='word_1_46' title='bbox 967 676 1021 702; x_wconf 85' lang='lat' dir='ltr'>ex</span> <span class='ocrx_word' id='word_1_47' title='bbox 1042 661 1238 702; x_wconf 73' lang='lat' dir='ltr'>hostibus</span> <span class='ocrx_word' id='word_1_48' title='bbox 1259 662 1409 703; x_wconf 86' lang='lat' dir='ltr'>urbem</span> 
     </span>
     <span class='ocr_line' id='line_1_8' title="bbox 165 717 1269 773; baseline 0.002 -16"><span class='ocrx_word' id='word_1_49' title='bbox 165 717 253 764; x_wconf 81' lang='lat' dir='ltr'>Qui</span> <span class='ocrx_word' id='word_1_50' title='bbox 273 718 438 759; x_wconf 83' lang='lat' dir='ltr'>revehis</span> <span class='ocrx_word' id='word_1_51' title='bbox 458 720 595 769; x_wconf 88' lang='lat' dir='ltr'>nobis,</span> <span class='ocrx_word' id='word_1_52' title='bbox 618 727 862 773; x_wconf 84' lang='lat' dir='ltr'>aeternaque</span> <span class='ocrx_word' id='word_1_53' title='bbox 884 719 1095 773; x_wconf 71' lang='lat' dir='ltr'>Pergama</span> <span class='ocrx_word' id='word_1_54' title='bbox 1115 734 1269 768; x_wconf 76' lang='lat' dir='ltr'>servas,</span> 
     </span>
     <span class='ocr_line' id='line_1_9' title="bbox 164 775 1188 830; baseline 0.002 -15"><span class='ocrx_word' id='word_1_55' title='bbox 164 775 428 830; x_wconf 82' lang='lat' dir='ltr'>Exspectate</span> <span class='ocrx_word' id='word_1_56' title='bbox 450 775 540 818; x_wconf 86' lang='lat' dir='ltr'>solo</span> <span class='ocrx_word' id='word_1_57' title='bbox 563 776 770 818; x_wconf 84' lang='lat' dir='ltr'>Laurenti</span> <span class='ocrx_word' id='word_1_58' title='bbox 791 778 985 830; x_wconf 77' lang='lat' dir='ltr'>arvisque</span> <span class='ocrx_word' id='word_1_59' title='bbox 1009 776 1188 826; x_wconf 85' lang='lat' dir='ltr'>Latinis,</span> 
     </span>
    </p>

    <p class='ocr_par' dir='ltr' id='par_1_6' title="bbox 162 831 1347 1118">
     <span class='ocr_line' id='line_1_10' title="bbox 165 831 1314 883; baseline 0.002 -11"><span class='ocrx_word' id='word_1_60' title='bbox 165 831 250 873; x_wconf 81' lang='lat' dir='ltr'>Hic</span> <span class='ocrx_word' id='word_1_61' title='bbox 271 834 346 873; x_wconf 90' lang='lat' dir='ltr'>tibi</span> <span class='ocrx_word' id='word_1_62' title='bbox 367 840 483 875; x_wconf 87' lang='lat' dir='ltr'>certa</span> <span class='ocrx_word' id='word_1_63' title='bbox 503 834 669 883; x_wconf 88' lang='lat' dir='ltr'>domus,</span> <span class='ocrx_word' id='word_1_64' title='bbox 693 835 810 881; x_wconf 88' lang='lat' dir='ltr'>certi,</span> <span class='ocrx_word' id='word_1_65' title='bbox 833 849 885 874; x_wconf 87' lang='lat' dir='ltr'>ne</span> <span class='ocrx_word' id='word_1_66' title='bbox 907 835 1076 882; x_wconf 83' lang='lat' dir='ltr'>absiste,</span> <span class='ocrx_word' id='word_1_67' title='bbox 1101 834 1282 875; x_wconf 76' lang='lat' dir='ltr'>Penates</span> <span class='ocrx_word' id='word_1_68' title='bbox 1304 851 1314 883; x_wconf 76' lang='lat'><em>3</em></span> 
     </span>
     <span class='ocr_line' id='line_1_11' title="bbox 163 888 1258 933; baseline 0.002 -4"><span class='ocrx_word' id='word_1_69' title='bbox 163 888 265 931; x_wconf 88' lang='lat' dir='ltr'>Neu</span> <span class='ocrx_word' id='word_1_70' title='bbox 285 890 384 931; x_wconf 89' lang='lat' dir='ltr'>belli</span> <span class='ocrx_word' id='word_1_71' title='bbox 405 898 564 933; x_wconf 88' lang='lat' dir='ltr'>terrere</span> <span class='ocrx_word' id='word_1_72' title='bbox 585 893 719 933; x_wconf 88' lang='lat' dir='ltr'>minis.</span> <span class='ocrx_word' id='word_1_73' title='bbox 782 891 948 933; x_wconf 88' lang='lat' dir='ltr'>Tumor</span> <span class='ocrx_word' id='word_1_74' title='bbox 969 892 1102 932; x_wconf 86' lang='lat' dir='ltr'>omnis</span> <span class='ocrx_word' id='word_1_75' title='bbox 1123 899 1166 933; x_wconf 85' lang='lat' dir='ltr'>et</span> <span class='ocrx_word' id='word_1_76' title='bbox 1186 892 1258 931; x_wconf 68' lang='lat' dir='ltr'>iraae</span> 
     </span>
     <span class='ocr_line' id='line_1_12' title="bbox 165 946 1347 991; baseline 0.003 -4"><span class='ocrx_word' id='word_1_77' title='bbox 165 946 426 989; x_wconf 78' lang='lat' dir='ltr'>Concessere</span> <span class='ocrx_word' id='word_1_78' title='bbox 448 949 588 991; x_wconf 89' lang='lat' dir='ltr'>deum.</span> <span class='ocrx_word' id='word_1_79' title='bbox 1346 988 1347 991; x_wconf 75' lang='grc'>,</span> 
     </span>
     <span class='ocr_line' id='line_1_13' title="bbox 162 1004 1326 1061; baseline 0.001 -17"><span class='ocrx_word' id='word_1_80' title='bbox 162 1004 345 1059; x_wconf 85' lang='lat' dir='ltr'>Jamque</span> <span class='ocrx_word' id='word_1_81' title='bbox 367 1006 454 1056; x_wconf 79' lang='lat' dir='ltr'>tibi,</span> <span class='ocrx_word' id='word_1_82' title='bbox 478 1022 530 1047; x_wconf 87' lang='lat' dir='ltr'>ne</span> <span class='ocrx_word' id='word_1_83' title='bbox 550 1022 659 1048; x_wconf 79' lang='lat' dir='ltr'>vana</span> <span class='ocrx_word' id='word_1_84' title='bbox 678 1013 803 1061; x_wconf 88' lang='lat' dir='ltr'>putes</span> <span class='ocrx_word' id='word_1_85' title='bbox 823 1007 917 1047; x_wconf 81' lang='lat' dir='ltr'>haec</span> <span class='ocrx_word' id='word_1_86' title='bbox 936 1006 1100 1061; x_wconf 78' lang='lat' dir='ltr'>fingere</span> <span class='ocrx_word' id='word_1_87' title='bbox 1122 1020 1326 1054; x_wconf 83' lang='lat' dir='ltr'>somnum,</span> 
     </span>
     <span class='ocr_line' id='line_1_14' title="bbox 165 1061 1102 1118; baseline 0.001 -16"><span class='ocrx_word' id='word_1_88' title='bbox 165 1061 347 1103; x_wconf 79' lang='lat' dir='ltr'>Litoreis</span> <span class='ocrx_word' id='word_1_89' title='bbox 368 1064 516 1118; x_wconf 82' lang='lat' dir='ltr'>ingens</span> <span class='ocrx_word' id='word_1_90' title='bbox 537 1065 706 1105; x_wconf 83' lang='lat' dir='ltr'>inventa</span> <span class='ocrx_word' id='word_1_91' title='bbox 726 1065 805 1104; x_wconf 83' lang='lat' dir='ltr'>sub</span> <span class='ocrx_word' id='word_1_92' title='bbox 827 1063 991 1105; x_wconf 82' lang='lat' dir='ltr'>ilicibus</span> <span class='ocrx_word' id='word_1_93' title='bbox 1015 1078 1102 1112; x_wconf 86' lang='lat' dir='ltr'>sus,</span> 
     </span>
    </p>

    <p class='ocr_par' dir='ltr' id='par_1_7' title="bbox 166 1118 1064 1176">
     <span class='ocr_line' id='line_1_15' title="bbox 166 1118 1064 1176; baseline 0.001 -17"><span class='ocrx_word' id='word_1_94' title='bbox 166 1118 364 1174; x_wconf 78' lang='lat' dir='ltr'>Triginta</span> <span class='ocrx_word' id='word_1_95' title='bbox 380 1123 564 1176; x_wconf 86' lang='lat' dir='ltr'>capitum</span> <span class='ocrx_word' id='word_1_96' title='bbox 586 1121 698 1162; x_wconf 84' lang='lat' dir='ltr'>fetus</span> <span class='ocrx_word' id='word_1_97' title='bbox 721 1122 859 1169; x_wconf 80' lang='lat' dir='ltr'>enixa,</span> <span class='ocrx_word' id='word_1_98' title='bbox 876 1121 1064 1175; x_wconf 75' lang='lat' dir='ltr'>jacebit3</span> 
     </span>
    </p>

    <p class='ocr_par' dir='ltr' id='par_1_8' title="bbox 166 1176 1212 1228">
     <span class='ocr_line' id='line_1_16' title="bbox 166 1176 1212 1228; baseline 0.002 -12"><span class='ocrx_word' id='word_1_99' title='bbox 166 1176 295 1225; x_wconf 85' lang='lat' dir='ltr'>Alba,</span> <span class='ocrx_word' id='word_1_100' title='bbox 319 1176 407 1218; x_wconf 84' lang='lat' dir='ltr'>solo</span> <span class='ocrx_word' id='word_1_101' title='bbox 428 1180 652 1228; x_wconf 75' lang='lat' dir='ltr'>recubans,</span> <span class='ocrx_word' id='word_1_102' title='bbox 675 1177 759 1218; x_wconf 82' lang='lat' dir='ltr'>albi</span> <span class='ocrx_word' id='word_1_103' title='bbox 781 1179 937 1218; x_wconf 86' lang='lat' dir='ltr'>circum</span> <span class='ocrx_word' id='word_1_104' title='bbox 958 1179 1090 1218; x_wconf 82' lang='lat' dir='ltr'>ubera</span> <span class='ocrx_word' id='word_1_105' title='bbox 1112 1177 1212 1218; x_wconf 80' lang='lat' dir='ltr'>nati.</span> 
     </span>
    </p>

    <p class='ocr_par' dir='ltr' id='par_1_9' title="bbox 165 1233 1270 1402">
     <span class='ocr_line' id='line_1_17' title="bbox 165 1233 1270 1288; baseline 0 -15"><span class='ocrx_word' id='word_1_106' title='bbox 165 1233 251 1274; x_wconf 86' lang='lat' dir='ltr'>Hic</span> <span class='ocrx_word' id='word_1_107' title='bbox 271 1233 388 1275; x_wconf 81' lang='lat' dir='ltr'>locus</span> <span class='ocrx_word' id='word_1_108' title='bbox 411 1236 526 1276; x_wconf 88' lang='lat' dir='ltr'>urbis</span> <span class='ocrx_word' id='word_1_109' title='bbox 545 1236 636 1284; x_wconf 87' lang='lat' dir='ltr'>erit,</span> <span class='ocrx_word' id='word_1_110' title='bbox 659 1236 826 1288; x_wconf 81' lang='lat' dir='ltr'>requies</span> <span class='ocrx_word' id='word_1_111' title='bbox 847 1250 897 1275; x_wconf 87' lang='lat' dir='ltr'>ea</span> <span class='ocrx_word' id='word_1_112' title='bbox 917 1242 1033 1275; x_wconf 76' lang='lat' dir='ltr'>certa</span> <span class='ocrx_word' id='word_1_113' title='bbox 1051 1233 1242 1274; x_wconf 74' lang='lat' dir='ltr'>laborum</span> <span class='ocrx_word' id='word_1_114' title='bbox 1261 1249 1270 1273; x_wconf 89' lang='lat'><strong>:</strong></span> 
     </span>
     <span class='ocr_line' id='line_1_18' title="bbox 166 1290 1174 1344; baseline 0.001 -14"><span class='ocrx_word' id='word_1_115' title='bbox 166 1290 237 1331; x_wconf 85' lang='lat' dir='ltr'>Ex</span> <span class='ocrx_word' id='word_1_116' title='bbox 258 1306 343 1344; x_wconf 90' lang='lat' dir='ltr'>quo</span> <span class='ocrx_word' id='word_1_117' title='bbox 364 1299 429 1332; x_wconf 87' lang='lat' dir='ltr'>ter</span> <span class='ocrx_word' id='word_1_118' title='bbox 449 1293 568 1333; x_wconf 87' lang='lat' dir='ltr'>denis</span> <span class='ocrx_word' id='word_1_119' title='bbox 588 1293 738 1332; x_wconf 89' lang='lat' dir='ltr'>urbem</span> <span class='ocrx_word' id='word_1_120' title='bbox 758 1292 1034 1332; x_wconf 81' lang='lat' dir='ltr'>redeuntibus</span> <span class='ocrx_word' id='word_1_121' title='bbox 1057 1291 1174 1331; x_wconf 83' lang='lat' dir='ltr'>annis</span> 
     </span>
     <span class='ocr_line' id='line_1_19' title="bbox 165 1347 1138 1402; baseline -0.001 -14"><span class='ocrx_word' id='word_1_122' title='bbox 165 1347 376 1389; x_wconf 85' lang='lat' dir='ltr'>Ascanius</span> <span class='ocrx_word' id='word_1_123' title='bbox 397 1349 498 1390; x_wconf 84' lang='lat' dir='ltr'>clari</span> <span class='ocrx_word' id='word_1_124' title='bbox 513 1349 667 1390; x_wconf 87' lang='lat' dir='ltr'>condet</span> <span class='ocrx_word' id='word_1_125' title='bbox 684 1349 944 1402; x_wconf 79' lang='lat' dir='ltr'>cognominis</span> <span class='ocrx_word' id='word_1_126' title='bbox 966 1347 1138 1389; x_wconf 84' lang='lat' dir='ltr'>Albam.</span> 
     </span>
    </p>

    <p class='ocr_par' dir='ltr' id='par_1_10' title="bbox 164 1404 1414 1575">
     <span class='ocr_line' id='line_1_20' title="bbox 166 1404 1414 1458; baseline -0.002 -13"><span class='ocrx_word' id='word_1_127' title='bbox 166 1404 299 1445; x_wconf 83' lang='lat' dir='ltr'>Haud</span> <span class='ocrx_word' id='word_1_128' title='bbox 321 1407 480 1447; x_wconf 85' lang='lat' dir='ltr'>incerta</span> <span class='ocrx_word' id='word_1_129' title='bbox 501 1421 620 1447; x_wconf 84' lang='lat' dir='ltr'>cano.</span> <span class='ocrx_word' id='word_1_130' title='bbox 681 1405 811 1445; x_wconf 88' lang='lat' dir='ltr'>Nunc</span> <span class='ocrx_word' id='word_1_131' title='bbox 832 1420 916 1458; x_wconf 86' lang='lat' dir='ltr'>qua</span> <span class='ocrx_word' id='word_1_132' title='bbox 937 1405 1114 1453; x_wconf 85' lang='lat' dir='ltr'>ratione,</span> <span class='ocrx_word' id='word_1_133' title='bbox 1136 1404 1249 1458; x_wconf 85' lang='lat' dir='ltr'>quod</span> <span class='ocrx_word' id='word_1_134' title='bbox 1274 1404 1414 1453; x_wconf 80' lang='lat' dir='ltr'>instat,</span> 
     </span>
     <span class='ocr_line' id='line_1_21' title="bbox 167 1461 1149 1517; baseline -0.001 -15"><span class='ocrx_word' id='word_1_135' title='bbox 167 1461 387 1516; x_wconf 82' lang='lat' dir='ltr'>Expedias</span> <span class='ocrx_word' id='word_1_136' title='bbox 409 1465 556 1513; x_wconf 78' lang='lat' dir='ltr'>victor,</span> <span class='ocrx_word' id='word_1_137' title='bbox 578 1463 741 1517; x_wconf 80' lang='lat' dir='ltr'>paucis,</span> <span class='ocrx_word' id='word_1_138' title='bbox 759 1463 947 1511; x_wconf 83' lang='lat' dir='ltr'>adverte,</span> <span class='ocrx_word' id='word_1_139' title='bbox 969 1461 1149 1503; x_wconf 87' lang='lat' dir='ltr'>docebo.</span> 
     </span>
     <span class='ocr_line' id='line_1_22' title="bbox 164 1518 1261 1575; baseline -0.002 -15"><span class='ocrx_word' id='word_1_140' title='bbox 164 1519 359 1562; x_wconf 84' lang='lat' dir='ltr'>Arcades</span> <span class='ocrx_word' id='word_1_141' title='bbox 380 1519 446 1561; x_wconf 87' lang='lat' dir='ltr'>his</span> <span class='ocrx_word' id='word_1_142' title='bbox 469 1521 566 1570; x_wconf 80' lang='lat' dir='ltr'>oris,</span> <span class='ocrx_word' id='word_1_143' title='bbox 593 1535 729 1575; x_wconf 80' lang='lat' dir='ltr'>genus</span> <span class='ocrx_word' id='word_1_144' title='bbox 750 1535 774 1561; x_wconf 85' lang='lat' dir='ltr'>a</span> <span class='ocrx_word' id='word_1_145' title='bbox 796 1518 987 1561; x_wconf 77' lang='lat' dir='ltr'>Pallante</span> <span class='ocrx_word' id='word_1_146' title='bbox 1009 1518 1261 1574; x_wconf 83' lang='lat' dir='ltr'>profectum,</span> 
     </span>
    </p>
   </div>
   <div class='ocr_carea' id='block_1_2' title="bbox 1574 891 1632 931">
    <p class='ocr_par' dir='ltr' id='par_1_11' title="bbox 1574 891 1632 931">
     <span class='ocr_line' id='line_1_23' title="bbox 1574 891 1632 931; baseline 0 0"><span class='ocrx_word' id='word_1_147' title='bbox 1574 891 1632 931; x_wconf 79' lang='lat'>40</span> 
     </span>
    </p>
   </div>
   <div class='ocr_carea' id='block_1_3' title="bbox 1579 1461 1634 1502">
    <p class='ocr_par' dir='ltr' id='par_1_12' title="bbox 1579 1461 1634 1502">
     <span class='ocr_line' id='line_1_24' title="bbox 1579 1461 1634 1502; baseline 0.018 -1"><span class='ocrx_word' id='word_1_148' title='bbox 1579 1461 1634 1502; x_wconf 84' lang='lat'>50</span> 
     </span>
    </p>
   </div>
   <div class='ocr_carea' id='block_1_4' title="bbox 166 1648 885 2773">
    <p class='ocr_par' dir='ltr' id='par_1_13' title="bbox 166 1648 885 2387">
     <span class='ocr_line' id='line_1_25' title="bbox 203 1648 876 1687; baseline 0 -10"><span class='ocrx_word' id='word_1_149' title='bbox 203 1649 239 1678; x_wconf 82' lang='grc'>31</span> <span class='ocrx_word' id='word_1_150' title='bbox 255 1648 323 1677; x_wconf 70' lang='lat' dir='ltr'>dens</span> <span class='ocrx_word' id='word_1_151' title='bbox 335 1648 400 1683; x_wconf 80' lang='lat' dir='ltr'>Ioci,</span> <span class='ocrx_word' id='word_1_152' title='bbox 422 1652 563 1684; x_wconf 64' lang='grc' dir='ltr'>ἐπιχώριοι·</span> <span class='ocrx_word' id='word_1_153' title='bbox 575 1651 646 1679; x_wconf 59' lang='grc' dir='ltr'>θεός.</span> <span class='ocrx_word' id='word_1_154' title='bbox 687 1649 770 1687; x_wconf 80' lang='lat' dir='ltr'>Ripa</span> <span class='ocrx_word' id='word_1_155' title='bbox 783 1649 876 1678; x_wconf 80' lang='lat' dir='ltr'>Tibe-</span> 
     </span>
     <span class='ocr_line' id='line_1_26' title="bbox 167 1688 877 1727; baseline 0.001 -12"><span class='ocrx_word' id='word_1_156' title='bbox 167 1688 208 1716; x_wconf 82' lang='lat' dir='ltr'>ris</span> <span class='ocrx_word' id='word_1_157' title='bbox 235 1689 356 1726; x_wconf 87' lang='lat' dir='ltr'>populis</span> <span class='ocrx_word' id='word_1_158' title='bbox 389 1693 454 1717; x_wconf 81' lang='lat' dir='ltr'>erat</span> <span class='ocrx_word' id='word_1_159' title='bbox 479 1693 654 1727; x_wconf 63' lang='lat' dir='ltr'>praetexta:</span> <span class='ocrx_word' id='word_1_160' title='bbox 691 1689 771 1726; x_wconf 88' lang='lat' dir='ltr'>quod</span> <span class='ocrx_word' id='word_1_161' title='bbox 800 1698 877 1716; x_wconf 83' lang='lat' dir='ltr'>nunc</span> 
     </span>
     <span class='ocr_line' id='line_1_27' title="bbox 166 1727 877 1756; baseline 0.003 -2"><span class='ocrx_word' id='word_1_162' title='bbox 166 1727 253 1754; x_wconf 72' lang='lat' dir='ltr'>aliter</span> <span class='ocrx_word' id='word_1_163' title='bbox 268 1738 300 1755; x_wconf 78' lang='lat' dir='ltr'>se</span> <span class='ocrx_word' id='word_1_164' title='bbox 316 1728 426 1756; x_wconf 81' lang='lat' dir='ltr'>babere</span> <span class='ocrx_word' id='word_1_165' title='bbox 443 1728 578 1756; x_wconf 79' lang='lat' dir='ltr'>audimus</span> <span class='ocrx_word' id='word_1_166' title='bbox 593 1738 598 1754; x_wconf 95' lang='lat'>·.</span> <span class='ocrx_word' id='word_1_167' title='bbox 627 1728 679 1756; x_wconf 85' lang='lat' dir='ltr'>sed</span> <span class='ocrx_word' id='word_1_168' title='bbox 695 1727 734 1756; x_wconf 85' lang='lat' dir='ltr'>cf.</span> <span class='ocrx_word' id='word_1_169' title='bbox 754 1728 806 1756; x_wconf 87' lang='lat' dir='ltr'>inf.</span> <span class='ocrx_word' id='word_1_170' title='bbox 827 1729 877 1756; x_wconf 73' lang='lat'>95.</span> 
     </span>
     <span class='ocr_line' id='line_1_28' title="bbox 166 1766 881 1804; baseline 0 -10"><span class='ocrx_word' id='word_1_171' title='bbox 166 1766 206 1794; x_wconf 64' lang='lat'>¹313</span> <span class='ocrx_word' id='word_1_172' title='bbox 229 1771 259 1794; x_wconf 81' lang='lat' dir='ltr'>et</span> <span class='ocrx_word' id='word_1_173' title='bbox 282 1766 359 1799; x_wconf 85' lang='lat' dir='ltr'>VII,</span> <span class='ocrx_word' id='word_1_174' title='bbox 386 1768 426 1795; x_wconf 79' lang='lat'>29</span> <span class='ocrx_word' id='word_1_175' title='bbox 450 1768 596 1804; x_wconf 78' lang='lat' dir='ltr'>sqq.-33</span> <span class='ocrx_word' id='word_1_176' title='bbox 624 1766 717 1795; x_wconf 70' lang='lat' dir='ltr'>tenuis</span> <span class='ocrx_word' id='word_1_177' title='bbox 743 1766 881 1794; x_wconf 74' lang='lat' dir='ltr'>carbasus</span> 
     </span>
     <span class='ocr_line' id='line_1_29' title="bbox 166 1803 881 1843; baseline 0 -11"><span class='ocrx_word' id='word_1_178' title='bbox 166 1803 268 1843; x_wconf 71' lang='lat' dir='ltr'>ylauco</span> <span class='ocrx_word' id='word_1_179' title='bbox 290 1805 408 1838; x_wconf 81' lang='lat' dir='ltr'>amictu,</span> <span class='ocrx_word' id='word_1_180' title='bbox 430 1805 536 1843; x_wconf 78' lang='lat' dir='ltr'>glauca</span> <span class='ocrx_word' id='word_1_181' title='bbox 551 1805 632 1843; x_wconf 84' lang='lat' dir='ltr'>palla</span> <span class='ocrx_word' id='word_1_182' title='bbox 649 1805 807 1834; x_wconf 83' lang='lat' dir='ltr'>carbasina</span> <span class='ocrx_word' id='word_1_183' title='bbox 827 1805 881 1833; x_wconf 87' lang='grc'>1111-</span> 
     </span>
     <span class='ocr_line' id='line_1_30' title="bbox 168 1843 881 1881; baseline 0.003 -11"><span class='ocrx_word' id='word_1_184' title='bbox 168 1843 260 1871; x_wconf 87' lang='lat' dir='ltr'>meris</span> <span class='ocrx_word' id='word_1_185' title='bbox 281 1844 327 1872; x_wconf 89' lang='lat' dir='ltr'>vel</span> <span class='ocrx_word' id='word_1_186' title='bbox 348 1844 452 1872; x_wconf 83' lang='lat' dir='ltr'>femori</span> <span class='ocrx_word' id='word_1_187' title='bbox 469 1843 628 1872; x_wconf 79' lang='lat' dir='ltr'>fluviorum</span> <span class='ocrx_word' id='word_1_188' title='bbox 644 1845 767 1881; x_wconf 85' lang='lat' dir='ltr'>injecta,</span> <span class='ocrx_word' id='word_1_189' title='bbox 791 1844 881 1872; x_wconf 82' lang='lat' dir='ltr'>etiam</span> 
     </span>
     <span class='ocr_line' id='line_1_31' title="bbox 168 1882 885 1921; baseline 0.001 -12"><span class='ocrx_word' id='word_1_190' title='bbox 168 1882 195 1909; x_wconf 91' lang='lat' dir='ltr'>in</span> <span class='ocrx_word' id='word_1_191' title='bbox 219 1882 312 1920; x_wconf 83' lang='lat' dir='ltr'>signis</span> <span class='ocrx_word' id='word_1_192' title='bbox 338 1884 577 1911; x_wconf 69' lang='lat' dir='ltr'>veter11n1.—-—3(5.</span> <span class='ocrx_word' id='word_1_193' title='bbox 608 1883 646 1911; x_wconf 80' lang='lat'>37</span> <span class='ocrx_word' id='word_1_194' title='bbox 670 1882 825 1921; x_wconf 70' lang='lat' dir='ltr'>Trqjauam</span> <span class='ocrx_word' id='word_1_195' title='bbox 850 1892 885 1910; x_wconf 75' lang='lat' dir='ltr'>ex</span> 
     </span>
     <span class='ocr_line' id='line_1_32' title="bbox 169 1920 878 1959; baseline 0.001 -11"><span class='ocrx_word' id='word_1_196' title='bbox 169 1920 298 1949; x_wconf 75' lang='lat' dir='ltr'>hostibus</span> <span class='ocrx_word' id='word_1_197' title='bbox 310 1921 529 1949; x_wconf 63' lang='lat' dir='ltr'>urbem—idem</span> <span class='ocrx_word' id='word_1_198' title='bbox 551 1921 694 1949; x_wconf 77' lang='lat' dir='ltr'>orationis</span> <span class='ocrx_word' id='word_1_199' title='bbox 716 1921 811 1954; x_wconf 73' lang='lat' dir='ltr'>color,</span> <span class='ocrx_word' id='word_1_200' title='bbox 828 1921 878 1959; x_wconf 87' lang='lat' dir='ltr'>qui</span> 
     </span>
     <span class='ocr_line' id='line_1_33' title="bbox 171 1958 879 1997; baseline 0.003 -11"><span class='ocrx_word' id='word_1_201' title='bbox 171 1959 200 1986; x_wconf 84' lang='grc'>111</span> <span class='ocrx_word' id='word_1_202' title='bbox 215 1958 276 1987; x_wconf 86' lang='lat' dir='ltr'>illis</span> <span class='ocrx_word' id='word_1_203' title='bbox 291 1959 361 1988; x_wconf 88' lang='lat' dir='ltr'>AEu.</span> <span class='ocrx_word' id='word_1_204' title='bbox 385 1960 412 1993; x_wconf 86' lang='lat' dir='ltr'>I,</span> <span class='ocrx_word' id='word_1_205' title='bbox 434 1961 483 1988; x_wconf 63' lang='lat'>65.</span> <span class='ocrx_word' id='word_1_206' title='bbox 529 1959 617 1988; x_wconf 79' lang='lat' dir='ltr'>Ilium</span> <span class='ocrx_word' id='word_1_207' title='bbox 636 1960 666 1987; x_wconf 80' lang='lat' dir='ltr'>in</span> <span class='ocrx_word' id='word_1_208' title='bbox 679 1960 797 1988; x_wconf 78' lang='lat' dir='ltr'>Italiam</span> <span class='ocrx_word' id='word_1_209' title='bbox 809 1970 879 1997; x_wconf 79' lang='lat' dir='ltr'>por-</span> 
     </span>
     <span class='ocr_line' id='line_1_34' title="bbox 172 1999 881 2036; baseline 0.003 -11"><span class='ocrx_word' id='word_1_210' title='bbox 172 2002 257 2026; x_wconf 81' lang='lat' dir='ltr'>tans:</span> <span class='ocrx_word' id='word_1_211' title='bbox 291 2008 345 2026; x_wconf 83' lang='lat' dir='ltr'>sua</span> <span class='ocrx_word' id='word_1_212' title='bbox 369 1999 463 2036; x_wconf 78' lang='lat' dir='ltr'>stirpe</span> <span class='ocrx_word' id='word_1_213' title='bbox 484 2002 515 2026; x_wconf 90' lang='lat' dir='ltr'>et</span> <span class='ocrx_word' id='word_1_214' title='bbox 538 1999 702 2027; x_wconf 81' lang='lat' dir='ltr'>Penatibus</span> <span class='ocrx_word' id='word_1_215' title='bbox 727 1999 881 2036; x_wconf 75' lang='lat' dir='ltr'>sacrisque</span> 
     </span>
     <span class='ocr_line' id='line_1_35' title="bbox 171 2036 881 2075; baseline 0.001 -11"><span class='ocrx_word' id='word_1_216' title='bbox 171 2036 310 2065; x_wconf 73' lang='lat' dir='ltr'>adductis</span> <span class='ocrx_word' id='word_1_217' title='bbox 322 2047 389 2065; x_wconf 71' lang='lat' dir='ltr'>cuin</span> <span class='ocrx_word' id='word_1_218' title='bbox 403 2037 540 2074; x_wconf 84' lang='lat' dir='ltr'>reliquiis</span> <span class='ocrx_word' id='word_1_219' title='bbox 549 2038 756 2075; x_wconf 73' lang='lat' dir='ltr'>Trojanorum.</span> <span class='ocrx_word' id='word_1_220' title='bbox 770 2038 881 2067; x_wconf 73' lang='lat' dir='ltr'>revehis</span> 
     </span>
     <span class='ocr_line' id='line_1_36' title="bbox 171 2075 881 2114; baseline 0.001 -11"><span class='ocrx_word' id='word_1_221' title='bbox 171 2080 295 2113; x_wconf 77' lang='lat' dir='ltr'>propter</span> <span class='ocrx_word' id='word_1_222' title='bbox 322 2075 447 2114; x_wconf 80' lang='lat' dir='ltr'>stirpem</span> <span class='ocrx_word' id='word_1_223' title='bbox 477 2076 611 2105; x_wconf 79' lang='lat' dir='ltr'>Dardani</span> <span class='ocrx_word' id='word_1_224' title='bbox 645 2076 812 2105; x_wconf 80' lang='lat' dir='ltr'>fabulosam</span> <span class='ocrx_word' id='word_1_225' title='bbox 841 2086 881 2105; x_wconf 81' lang='lat' dir='ltr'>ex</span> 
     </span>
     <span class='ocr_line' id='line_1_37' title="bbox 172 2114 882 2153; baseline 0.001 -11"><span class='ocrx_word' id='word_1_226' title='bbox 172 2114 271 2143; x_wconf 75' lang='lat' dir='ltr'>ltalia.</span> <span class='ocrx_word' id='word_1_227' title='bbox 286 2125 315 2143; x_wconf 86' lang='lat' dir='ltr'>v.</span> <span class='ocrx_word' id='word_1_228' title='bbox 330 2114 395 2143; x_wconf 79' lang='lat' dir='ltr'>[II.</span> <span class='ocrx_word' id='word_1_229' title='bbox 412 2116 467 2143; x_wconf 74' lang='lat'>107</span> <span class='ocrx_word' id='word_1_230' title='bbox 480 2116 605 2153; x_wconf 61' lang='lat' dir='ltr'>ssp—ssss</span> <span class='ocrx_word' id='word_1_231' title='bbox 619 2120 778 2153; x_wconf 73' lang='lat' dir='ltr'>exspectate</span> <span class='ocrx_word' id='word_1_232' title='bbox 791 2125 882 2153; x_wconf 85' lang='lat' dir='ltr'>prop-</span> 
     </span>
     <span class='ocr_line' id='line_1_38' title="bbox 171 2153 881 2188; baseline 0.003 -7"><span class='ocrx_word' id='word_1_233' title='bbox 171 2157 219 2181; x_wconf 77' lang='lat' dir='ltr'>ter</span> <span class='ocrx_word' id='word_1_234' title='bbox 233 2153 357 2182; x_wconf 83' lang='lat' dir='ltr'>deorum</span> <span class='ocrx_word' id='word_1_235' title='bbox 373 2153 521 2182; x_wconf 80' lang='lat' dir='ltr'>vatIcinia.</span> <span class='ocrx_word' id='word_1_236' title='bbox 537 2154 606 2183; x_wconf 77' lang='lat' dir='ltr'>vide</span> <span class='ocrx_word' id='word_1_237' title='bbox 623 2164 652 2183; x_wconf 88' lang='lat' dir='ltr'>v.</span> <span class='ocrx_word' id='word_1_238' title='bbox 670 2156 714 2183; x_wconf 81' lang='lat'>12.</span> <span class='ocrx_word' id='word_1_239' title='bbox 733 2155 789 2188; x_wconf 82' lang='lat' dir='ltr'>Vl,</span> <span class='ocrx_word' id='word_1_240' title='bbox 812 2156 881 2183; x_wconf 71' lang='lat'>687.</span> 
     </span>
     <span class='ocr_line' id='line_1_39' title="bbox 169 2192 883 2231; baseline 0.003 -11"><span class='ocrx_word' id='word_1_241' title='bbox 169 2192 287 2230; x_wconf 81' lang='lat' dir='ltr'>Nempe</span> <span class='ocrx_word' id='word_1_242' title='bbox 302 2197 465 2230; x_wconf 65' lang='lat' dir='ltr'>exspectata</span> <span class='ocrx_word' id='word_1_243' title='bbox 479 2193 622 2222; x_wconf 82' lang='lat' dir='ltr'>dicuntur</span> <span class='ocrx_word' id='word_1_244' title='bbox 640 2202 708 2231; x_wconf 81' lang='lat' dir='ltr'>quae</span> <span class='ocrx_word' id='word_1_245' title='bbox 724 2198 792 2222; x_wconf 86' lang='lat' dir='ltr'>sunt</span> <span class='ocrx_word' id='word_1_246' title='bbox 805 2203 883 2231; x_wconf 85' lang='lat' dir='ltr'>prae-</span> 
     </span>
     <span class='ocr_line' id='line_1_40' title="bbox 174 2231 884 2270; baseline 0.004 -12"><span class='ocrx_word' id='word_1_247' title='bbox 174 2231 268 2263; x_wconf 77' lang='lat' dir='ltr'>dicta.</span> <span class='ocrx_word' id='word_1_248' title='bbox 290 2236 321 2260; x_wconf 81' lang='lat' dir='ltr'>ut</span> <span class='ocrx_word' id='word_1_249' title='bbox 346 2233 375 2261; x_wconf 84' lang='lat' dir='ltr'>in</span> <span class='ocrx_word' id='word_1_250' title='bbox 394 2231 482 2260; x_wconf 82' lang='lat' dir='ltr'>libris</span> <span class='ocrx_word' id='word_1_251' title='bbox 509 2232 605 2261; x_wconf 86' lang='lat' dir='ltr'>sacris</span> <span class='ocrx_word' id='word_1_252' title='bbox 627 2233 758 2270; x_wconf 65' lang='lat' dir='ltr'>passinr,</span> <span class='ocrx_word' id='word_1_253' title='bbox 778 2233 884 2261; x_wconf 74' lang='lat' dir='ltr'>eadem</span> 
     </span>
     <span class='ocr_line' id='line_1_41' title="bbox 172 2269 882 2300; baseline 0.004 -3"><span class='ocrx_word' id='word_1_254' title='bbox 172 2269 311 2299; x_wconf 81' lang='lat' dir='ltr'>dicuntur</span> <span class='ocrx_word' id='word_1_255' title='bbox 337 2270 519 2300; x_wconf 59' lang='lat' dir='ltr'>‹lebam—41</span> <span class='ocrx_word' id='word_1_256' title='bbox 547 2271 720 2300; x_wconf 73' lang='lat' dir='ltr'>Concessere</span> <span class='ocrx_word' id='word_1_257' title='bbox 745 2271 776 2300; x_wconf 88' lang='grc'>11.</span> <span class='ocrx_word' id='word_1_258' title='bbox 800 2281 882 2300; x_wconf 85' lang='lat' dir='ltr'>rese-</span> 
     </span>
     <span class='ocr_line' id='line_1_42' title="bbox 170 2308 885 2345; baseline 0.004 -9"><span class='ocrx_word' id='word_1_259' title='bbox 170 2308 288 2337; x_wconf 83' lang='lat' dir='ltr'>derunt.</span> <span class='ocrx_word' id='word_1_260' title='bbox 352 2310 480 2339; x_wconf 85' lang='lat' dir='ltr'>Tument</span> <span class='ocrx_word' id='word_1_261' title='bbox 507 2310 595 2339; x_wconf 83' lang='lat' dir='ltr'>animi</span> <span class='ocrx_word' id='word_1_262' title='bbox 626 2310 681 2345; x_wconf 84' lang='lat' dir='ltr'>ira,</span> <span class='ocrx_word' id='word_1_263' title='bbox 716 2314 746 2340; x_wconf 84' lang='lat' dir='ltr'>et</span> <span class='ocrx_word' id='word_1_264' title='bbox 778 2320 817 2339; x_wconf 80' lang='lat' dir='ltr'>ex</span> <span class='ocrx_word' id='word_1_265' title='bbox 848 2320 885 2339; x_wconf 81' lang='lat' dir='ltr'>ea</span> 
     </span>
     <span class='ocr_line' id='line_1_43' title="bbox 173 2346 661 2387; baseline 0.008 -13"><span class='ocrx_word' id='word_1_266' title='bbox 173 2346 279 2375; x_wconf 79' lang='lat' dir='ltr'>iteruin</span> <span class='ocrx_word' id='word_1_267' title='bbox 294 2348 438 2383; x_wconf 84' lang='lat' dir='ltr'>resident,</span> <span class='ocrx_word' id='word_1_268' title='bbox 454 2349 480 2378; x_wconf 78' lang='lat' dir='ltr'>si</span> <span class='ocrx_word' id='word_1_269' title='bbox 494 2350 661 2387; x_wconf 79' lang='lat' dir='ltr'>placantur.</span> 
     </span>
    </p>

    <p class='ocr_par' dir='ltr' id='par_1_14' title="bbox 170 2386 883 2773">
     <span class='ocr_line' id='line_1_44' title="bbox 210 2386 881 2426; baseline 0.001 -12"><span class='ocrx_word' id='word_1_270' title='bbox 210 2387 249 2414; x_wconf 75' lang='lat'>42</span> <span class='ocrx_word' id='word_1_271' title='bbox 274 2386 344 2415; x_wconf 90' lang='lat' dir='ltr'>Hoc</span> <span class='ocrx_word' id='word_1_272' title='bbox 372 2392 523 2416; x_wconf 85' lang='lat' dir='ltr'>ostentum</span> <span class='ocrx_word' id='word_1_273' title='bbox 544 2390 606 2426; x_wconf 73' lang='lat' dir='ltr'>jani</span> <span class='ocrx_word' id='word_1_274' title='bbox 633 2387 770 2416; x_wconf 86' lang='lat' dir='ltr'>Helenus</span> <span class='ocrx_word' id='word_1_275' title='bbox 796 2390 881 2415; x_wconf 67' lang='lat' dir='ltr'>rates</span> 
     </span>
     <span class='ocr_line' id='line_1_45' title="bbox 172 2425 882 2465; baseline 0.003 -13"><span class='ocrx_word' id='word_1_276' title='bbox 172 2425 357 2461; x_wconf 61' lang='lat' dir='ltr'>praedixerat</span> <span class='ocrx_word' id='word_1_277' title='bbox 370 2425 422 2454; x_wconf 85' lang='lat' dir='ltr'>lib.</span> <span class='ocrx_word' id='word_1_278' title='bbox 440 2426 505 2460; x_wconf 85' lang='grc' dir='ltr'>ΙΙΙ,</span> <span class='ocrx_word' id='word_1_279' title='bbox 527 2427 585 2456; x_wconf 68' lang='grc' dir='ltr'>3ὃὸ</span> <span class='ocrx_word' id='word_1_280' title='bbox 599 2437 665 2465; x_wconf 86' lang='lat' dir='ltr'>sqq.</span> <span class='ocrx_word' id='word_1_281' title='bbox 688 2426 759 2455; x_wconf 78' lang='lat' dir='ltr'>vide</span> <span class='ocrx_word' id='word_1_282' title='bbox 781 2426 835 2455; x_wconf 90' lang='lat' dir='ltr'>inf.</span> <span class='ocrx_word' id='word_1_283' title='bbox 852 2436 882 2454; x_wconf 86' lang='lat' dir='ltr'>v.</span> 
     </span>
     <span class='ocr_line' id='line_1_46' title="bbox 171 2464 882 2501; baseline 0.004 -10"><span class='ocrx_word' id='word_1_284' title='bbox 171 2464 207 2491; x_wconf 83' lang='lat'>81</span> <span class='ocrx_word' id='word_1_285' title='bbox 230 2465 431 2501; x_wconf 69' lang='lat' dir='ltr'>sq.-46—-48</span> <span class='ocrx_word' id='word_1_286' title='bbox 445 2465 598 2494; x_wconf 75' lang='lat' dir='ltr'>Sententia</span> <span class='ocrx_word' id='word_1_287' title='bbox 619 2465 684 2495; x_wconf 74' lang='lat' dir='ltr'>haec</span> <span class='ocrx_word' id='word_1_288' title='bbox 708 2469 777 2494; x_wconf 87' lang='lat' dir='ltr'>est:</span> <span class='ocrx_word' id='word_1_289' title='bbox 809 2464 882 2498; x_wconf 80' lang='lat' dir='ltr'>Hie,</span> 
     </span>
     <span class='ocr_line' id='line_1_47' title="bbox 172 2502 878 2541; baseline 0.003 -11"><span class='ocrx_word' id='word_1_290' title='bbox 172 2502 223 2530; x_wconf 84' lang='lat' dir='ltr'>ubi</span> <span class='ocrx_word' id='word_1_291' title='bbox 238 2511 290 2531; x_wconf 73' lang='lat' dir='ltr'>sus</span> <span class='ocrx_word' id='word_1_292' title='bbox 304 2503 482 2538; x_wconf 80' lang='lat' dir='ltr'>invenietur,</span> <span class='ocrx_word' id='word_1_293' title='bbox 506 2504 666 2541; x_wconf 72' lang='lat' dir='ltr'>aliquando</span> <span class='ocrx_word' id='word_1_294' title='bbox 682 2504 765 2536; x_wconf 87' lang='lat' dir='ltr'>urbs,</span> <span class='ocrx_word' id='word_1_295' title='bbox 788 2504 878 2538; x_wconf 79' lang='lat' dir='ltr'>Alba,</span> 
     </span>
     <span class='ocr_line' id='line_1_48' title="bbox 173 2541 880 2576; baseline 0.004 -8"><span class='ocrx_word' id='word_1_296' title='bbox 173 2541 315 2569; x_wconf 76' lang='lat' dir='ltr'>condetur</span> <span class='ocrx_word' id='word_1_297' title='bbox 329 2542 365 2569; x_wconf 86' lang='lat' dir='ltr'>ab</span> <span class='ocrx_word' id='word_1_298' title='bbox 380 2543 521 2576; x_wconf 80' lang='lat' dir='ltr'>Ascanio,</span> <span class='ocrx_word' id='word_1_299' title='bbox 543 2542 650 2572; x_wconf 84' lang='lat' dir='ltr'>XXX</span> <span class='ocrx_word' id='word_1_300' title='bbox 674 2544 757 2572; x_wconf 85' lang='lat' dir='ltr'>annis</span> <span class='ocrx_word' id='word_1_301' title='bbox 775 2543 880 2572; x_wconf 83' lang='lat' dir='ltr'>abhinc</span> 
     </span>
     <span class='ocr_line' id='line_1_49' title="bbox 172 2579 880 2620; baseline 0.003 -12"><span class='ocrx_word' id='word_1_302' title='bbox 172 2579 294 2617; x_wconf 81' lang='lat' dir='ltr'>elapsis.</span> <span class='ocrx_word' id='word_1_303' title='bbox 354 2581 412 2608; x_wconf 90' lang='lat' dir='ltr'>Est</span> <span class='ocrx_word' id='word_1_304' title='bbox 440 2591 511 2619; x_wconf 77' lang='lat' dir='ltr'>ergo</span> <span class='ocrx_word' id='word_1_305' title='bbox 530 2592 536 2609; x_wconf 91' lang='lat'>:</span> <span class='ocrx_word' id='word_1_306' title='bbox 576 2593 610 2610; x_wconf 80' lang='lat' dir='ltr'>ex</span> <span class='ocrx_word' id='word_1_307' title='bbox 641 2592 698 2620; x_wconf 80' lang='lat' dir='ltr'>quo</span> <span class='ocrx_word' id='word_1_308' title='bbox 732 2586 880 2619; x_wconf 72' lang='lat' dir='ltr'>ternpore,</span> 
     </span>
     <span class='ocr_line' id='line_1_50' title="bbox 170 2618 881 2659; baseline 0.004 -13"><span class='ocrx_word' id='word_1_309' title='bbox 170 2619 289 2657; x_wconf 86' lang='lat' dir='ltr'>quando</span> <span class='ocrx_word' id='word_1_310' title='bbox 303 2618 421 2653; x_wconf 84' lang='lat' dir='ltr'>abhinc,</span> <span class='ocrx_word' id='word_1_311' title='bbox 441 2630 508 2648; x_wconf 85' lang='lat' dir='ltr'>cum</span> <span class='ocrx_word' id='word_1_312' title='bbox 523 2620 694 2659; x_wconf 83' lang='lat' dir='ltr'>aliquando,</span> <span class='ocrx_word' id='word_1_313' title='bbox 716 2623 763 2650; x_wconf 75' lang='grc' dir='ltr'>ὅτε</span> <span class='ocrx_word' id='word_1_314' title='bbox 779 2623 807 2649; x_wconf 67' lang='grc' dir='ltr'>ἐκ</span> <span class='ocrx_word' id='word_1_315' title='bbox 820 2626 881 2649; x_wconf 64' lang='lat' dir='ltr'>w«)-</span> 
     </span>
     <span class='ocr_line' id='line_1_51' title="bbox 171 2660 881 2695; baseline 0.004 -10"><span class='ocrx_word' id='word_1_316' title='bbox 171 2670 231 2691; x_wconf 73' lang='grc' dir='ltr'><em>του,</em></span> <span class='ocrx_word' id='word_1_317' title='bbox 248 2660 295 2686; x_wconf 71' lang='grc' dir='ltr'>τοῦ</span> <span class='ocrx_word' id='word_1_318' title='bbox 309 2661 451 2692; x_wconf 69' lang='grc' dir='ltr'><strong><em>παρόντος,</em></strong></span> <span class='ocrx_word' id='word_1_319' title='bbox 471 2663 503 2686; x_wconf 80' lang='lat' dir='ltr'>et</span> <span class='ocrx_word' id='word_1_320' title='bbox 528 2669 583 2688; x_wconf 84' lang='lat' dir='ltr'>uuo</span> <span class='ocrx_word' id='word_1_321' title='bbox 608 2660 699 2688; x_wconf 77' lang='lat' dir='ltr'>verbo</span> <span class='ocrx_word' id='word_1_322' title='bbox 724 2662 753 2691; x_wconf 77' lang='grc' dir='ltr'>ἐξ</span> <span class='ocrx_word' id='word_1_323' title='bbox 772 2660 815 2695; x_wconf 64' lang='grc' dir='ltr'>οὗ,</span> <span class='ocrx_word' id='word_1_324' title='bbox 837 2670 881 2688; x_wconf 71' lang='lat' dir='ltr'>SC.</span> 
     </span>
     <span class='ocr_line' id='line_1_52' title="bbox 170 2697 881 2734; baseline 0.004 -10"><span class='ocrx_word' id='word_1_325' title='bbox 170 2701 280 2731; x_wconf 65' lang='grc' dir='ltr'><strong><em>χρόνον,</em></strong></span> <span class='ocrx_word' id='word_1_326' title='bbox 296 2706 351 2734; x_wconf 86' lang='lat' dir='ltr'>pro</span> <span class='ocrx_word' id='word_1_327' title='bbox 364 2700 422 2724; x_wconf 78' lang='grc' dir='ltr'>ὅτε.</span> <span class='ocrx_word' id='word_1_328' title='bbox 461 2697 537 2726; x_wconf 78' lang='lat' dir='ltr'>&#39;rum</span> <span class='ocrx_word' id='word_1_329' title='bbox 557 2708 627 2727; x_wconf 86' lang='lat' dir='ltr'>vero</span> <span class='ocrx_word' id='word_1_330' title='bbox 642 2698 686 2727; x_wconf 81' lang='lat' dir='ltr'>hic</span> <span class='ocrx_word' id='word_1_331' title='bbox 701 2709 757 2727; x_wconf 91' lang='lat' dir='ltr'>non</span> <span class='ocrx_word' id='word_1_332' title='bbox 771 2703 817 2727; x_wconf 89' lang='lat' dir='ltr'>est</span> <span class='ocrx_word' id='word_1_333' title='bbox 831 2709 881 2728; x_wconf 88' lang='lat' dir='ltr'>ur-</span> 
     </span>
     <span class='ocr_line' id='line_1_53' title="bbox 171 2735 883 2773; baseline 0.004 -9"><span class='ocrx_word' id='word_1_334' title='bbox 171 2736 308 2773; x_wconf 74' lang='lat' dir='ltr'>gendum,</span> <span class='ocrx_word' id='word_1_335' title='bbox 323 2739 356 2764; x_wconf 81' lang='lat' dir='ltr'>ut</span> <span class='ocrx_word' id='word_1_336' title='bbox 369 2735 408 2765; x_wconf 76' lang='lat' dir='ltr'>sit</span> <span class='ocrx_word' id='word_1_337' title='bbox 421 2735 450 2764; x_wconf 88' lang='grc'>111</span> <span class='ocrx_word' id='word_1_338' title='bbox 463 2736 529 2766; x_wconf 81' lang='lat' dir='ltr'>loco</span> <span class='ocrx_word' id='word_1_339' title='bbox 539 2737 601 2765; x_wconf 70' lang='lat' dir='ltr'>auis</span> <span class='ocrx_word' id='word_1_340' title='bbox 615 2737 756 2772; x_wconf 70' lang='lat' dir='ltr'>inventae,</span> <span class='ocrx_word' id='word_1_341' title='bbox 773 2738 837 2773; x_wconf 74' lang='lat' dir='ltr'>sed,</span> <span class='ocrx_word' id='word_1_342' title='bbox 853 2737 883 2767; x_wconf 88' lang='grc'>111</span> 
     </span>
    </p>
   </div>
   <div class='ocr_carea' id='block_1_5' title="bbox 916 1646 1639 2774">
    <p class='ocr_par' dir='ltr' id='par_1_15' title="bbox 916 1646 1637 2035">
     <span class='ocr_line' id='line_1_54' title="bbox 916 1646 1636 1685; baseline -0.004 -8"><span class='ocrx_word' id='word_1_343' title='bbox 916 1647 961 1676; x_wconf 70' lang='lat' dir='ltr'>his</span> <span class='ocrx_word' id='word_1_344' title='bbox 975 1648 1072 1677; x_wconf 82' lang='lat' dir='ltr'>terris.</span> <span class='ocrx_word' id='word_1_345' title='bbox 1090 1647 1206 1676; x_wconf 85' lang='lat' dir='ltr'>Durius</span> <span class='ocrx_word' id='word_1_346' title='bbox 1222 1649 1315 1682; x_wconf 84' lang='lat' dir='ltr'>esset,</span> <span class='ocrx_word' id='word_1_347' title='bbox 1328 1646 1397 1675; x_wconf 71' lang='lat' dir='ltr'>sies</span> <span class='ocrx_word' id='word_1_348' title='bbox 1405 1656 1462 1685; x_wconf 82' lang='lat' dir='ltr'>quo</span> <span class='ocrx_word' id='word_1_349' title='bbox 1470 1646 1636 1685; x_wconf 82' lang='lat' dir='ltr'>acciperes:</span> 
     </span>
     <span class='ocr_line' id='line_1_55' title="bbox 918 1686 1636 1725; baseline -0.003 -9"><span class='ocrx_word' id='word_1_350' title='bbox 918 1687 1082 1716; x_wconf 80' lang='lat' dir='ltr'>secuudum</span> <span class='ocrx_word' id='word_1_351' title='bbox 1091 1687 1172 1725; x_wconf 88' lang='lat' dir='ltr'>quod</span> <span class='ocrx_word' id='word_1_352' title='bbox 1180 1690 1362 1724; x_wconf 76' lang='lat' dir='ltr'>portentum.</span> <span class='ocrx_word' id='word_1_353' title='bbox 1377 1686 1449 1714; x_wconf 83' lang='lat' dir='ltr'>clari</span> <span class='ocrx_word' id='word_1_354' title='bbox 1460 1686 1636 1723; x_wconf 72' lang='lat' dir='ltr'>coynomiuis</span> 
     </span>
     <span class='ocr_line' id='line_1_56' title="bbox 918 1724 1633 1763; baseline -0.004 -8"><span class='ocrx_word' id='word_1_355' title='bbox 918 1727 955 1754; x_wconf 83' lang='lat' dir='ltr'>ab</span> <span class='ocrx_word' id='word_1_356' title='bbox 967 1726 1033 1755; x_wconf 82' lang='lat' dir='ltr'>alba</span> <span class='ocrx_word' id='word_1_357' title='bbox 1045 1737 1098 1755; x_wconf 85' lang='lat' dir='ltr'>sue</span> <span class='ocrx_word' id='word_1_358' title='bbox 1110 1726 1300 1757; x_wconf 79' lang='lat' dir='ltr'>nominatam,</span> <span class='ocrx_word' id='word_1_359' title='bbox 1316 1726 1403 1763; x_wconf 83' lang='lat' dir='ltr'>cujus</span> <span class='ocrx_word' id='word_1_360' title='bbox 1416 1724 1534 1763; x_wconf 82' lang='lat' dir='ltr'>signum</span> <span class='ocrx_word' id='word_1_361' title='bbox 1543 1725 1633 1753; x_wconf 84' lang='lat' dir='ltr'>Lavi-</span> 
     </span>
     <span class='ocr_line' id='line_1_57' title="bbox 919 1763 1634 1802; baseline -0.003 -8"><span class='ocrx_word' id='word_1_362' title='bbox 919 1765 959 1794; x_wconf 90' lang='lat' dir='ltr'>nii</span> <span class='ocrx_word' id='word_1_363' title='bbox 975 1765 1195 1794; x_wconf 82' lang='lat' dir='ltr'>ostendebatur</span> <span class='ocrx_word' id='word_1_364' title='bbox 1219 1764 1334 1802; x_wconf 85' lang='lat' dir='ltr'>(Varro</span> <span class='ocrx_word' id='word_1_365' title='bbox 1353 1764 1390 1792; x_wconf 76' lang='lat' dir='ltr'>R.</span> <span class='ocrx_word' id='word_1_366' title='bbox 1406 1764 1444 1792; x_wconf 76' lang='lat' dir='ltr'>R.</span> <span class='ocrx_word' id='word_1_367' title='bbox 1462 1763 1550 1798; x_wconf 78' lang='lat'><em>11‚4,</em></span> <span class='ocrx_word' id='word_1_368' title='bbox 1568 1764 1634 1801; x_wconf 70' lang='lat'><em>18),</em></span> 
     </span>
     <span class='ocr_line' id='line_1_58' title="bbox 922 1802 1636 1841; baseline -0.001 -8"><span class='ocrx_word' id='word_1_369' title='bbox 922 1805 1001 1833; x_wconf 85' lang='lat' dir='ltr'>uude</span> <span class='ocrx_word' id='word_1_370' title='bbox 1035 1805 1124 1834; x_wconf 75' lang='lat' dir='ltr'>Alhae</span> <span class='ocrx_word' id='word_1_371' title='bbox 1158 1804 1268 1841; x_wconf 56' lang='lat' dir='ltr'>Longa?</span> <span class='ocrx_word' id='word_1_372' title='bbox 1297 1802 1468 1832; x_wconf 82' lang='lat' dir='ltr'>conditores</span> <span class='ocrx_word' id='word_1_373' title='bbox 1504 1804 1636 1840; x_wconf 80' lang='lat' dir='ltr'>profecti</span> 
     </span>
     <span class='ocr_line' id='line_1_59' title="bbox 922 1841 1635 1877; baseline -0.001 -6"><span class='ocrx_word' id='word_1_374' title='bbox 922 1848 1002 1877; x_wconf 87' lang='lat' dir='ltr'>sunt,</span> <span class='ocrx_word' id='word_1_375' title='bbox 1017 1843 1130 1872; x_wconf 83' lang='lat' dir='ltr'>sacello</span> <span class='ocrx_word' id='word_1_376' title='bbox 1143 1842 1196 1876; x_wconf 85' lang='lat' dir='ltr'>ibi,</span> <span class='ocrx_word' id='word_1_377' title='bbox 1213 1842 1264 1870; x_wconf 86' lang='lat' dir='ltr'>ubi</span> <span class='ocrx_word' id='word_1_378' title='bbox 1278 1852 1330 1871; x_wconf 92' lang='lat' dir='ltr'>sus</span> <span class='ocrx_word' id='word_1_379' title='bbox 1344 1842 1476 1876; x_wconf 84' lang='lat' dir='ltr'>inventa,</span> <span class='ocrx_word' id='word_1_380' title='bbox 1492 1841 1614 1871; x_wconf 87' lang='lat' dir='ltr'>condito</span> <span class='ocrx_word' id='word_1_381' title='bbox 1629 1852 1635 1870; x_wconf 90' lang='lat'><strong>:</strong></span> 
     </span>
     <span class='ocr_line' id='line_1_60' title="bbox 926 1880 1637 1919; baseline 0.003 -11"><span class='ocrx_word' id='word_1_382' title='bbox 926 1882 1052 1919; x_wconf 81' lang='lat' dir='ltr'>Dionys.</span> <span class='ocrx_word' id='word_1_383' title='bbox 1066 1883 1093 1916; x_wconf 87' lang='lat'>1,</span> <span class='ocrx_word' id='word_1_384' title='bbox 1115 1883 1164 1911; x_wconf 81' lang='lat'>57.</span> <span class='ocrx_word' id='word_1_385' title='bbox 1217 1882 1262 1918; x_wconf 79' lang='lat' dir='ltr'>(A</span> <span class='ocrx_word' id='word_1_386' title='bbox 1278 1881 1407 1910; x_wconf 84' lang='lat' dir='ltr'>candore</span> <span class='ocrx_word' id='word_1_387' title='bbox 1429 1880 1559 1918; x_wconf 85' lang='lat' dir='ltr'>rupium,</span> <span class='ocrx_word' id='word_1_388' title='bbox 1584 1881 1637 1910; x_wconf 84' lang='lat' dir='ltr'>ubi</span> 
     </span>
     <span class='ocr_line' id='line_1_61' title="bbox 918 1918 1633 1954; baseline 0.001 -6"><span class='ocrx_word' id='word_1_389' title='bbox 918 1920 1029 1954; x_wconf 54' lang='lat' dir='ltr'>stabat,</span> <span class='ocrx_word' id='word_1_390' title='bbox 1054 1922 1126 1949; x_wconf 89' lang='lat' dir='ltr'>urbs</span> <span class='ocrx_word' id='word_1_391' title='bbox 1154 1920 1233 1949; x_wconf 84' lang='lat' dir='ltr'>haud</span> <span class='ocrx_word' id='word_1_392' title='bbox 1259 1920 1350 1949; x_wconf 88' lang='lat' dir='ltr'>dubie</span> <span class='ocrx_word' id='word_1_393' title='bbox 1373 1929 1480 1948; x_wconf 86' lang='lat' dir='ltr'>nomen</span> <span class='ocrx_word' id='word_1_394' title='bbox 1502 1918 1633 1949; x_wconf 83' lang='lat' dir='ltr'>invenit:</span> 
     </span>
     <span class='ocr_line' id='line_1_62' title="bbox 919 1957 1634 1996; baseline -0.003 -9"><span class='ocrx_word' id='word_1_395' title='bbox 919 1963 954 1987; x_wconf 88' lang='lat' dir='ltr'>ut</span> <span class='ocrx_word' id='word_1_396' title='bbox 987 1959 1124 1988; x_wconf 73' lang='lat' dir='ltr'>Canni-us</span> <span class='ocrx_word' id='word_1_397' title='bbox 1154 1963 1287 1994; x_wconf 67' lang='grc' dir='ltr'>ὰργινόεις</span> <span class='ocrx_word' id='word_1_398' title='bbox 1320 1968 1371 1996; x_wconf 80' lang='lat' dir='ltr'>ap.</span> <span class='ocrx_word' id='word_1_399' title='bbox 1400 1957 1493 1987; x_wconf 87' lang='lat' dir='ltr'>Hom.</span> <span class='ocrx_word' id='word_1_400' title='bbox 1528 1957 1568 1987; x_wconf 85' lang='lat'>11.</span> <span class='ocrx_word' id='word_1_401' title='bbox 1601 1963 1634 1995; x_wconf 76' lang='grc' dir='ltr'>β,</span> 
     </span>
     <span class='ocr_line' id='line_1_63' title="bbox 919 1998 1068 2035; baseline -0.013 -8"><span class='ocrx_word' id='word_1_402' title='bbox 919 1999 989 2027; x_wconf 78' lang='grc'>656.</span> <span class='ocrx_word' id='word_1_403' title='bbox 1010 1998 1068 2035; x_wconf 84' lang='lat' dir='ltr'>R.)</span> 
     </span>
    </p>

    <p class='ocr_par' dir='ltr' id='par_1_16' title="bbox 917 2034 1639 2774">
     <span class='ocr_line' id='line_1_64' title="bbox 958 2034 1635 2074; baseline -0.001 -9"><span class='ocrx_word' id='word_1_404' title='bbox 958 2038 995 2065; x_wconf 80' lang='lat'>51</span> <span class='ocrx_word' id='word_1_405' title='bbox 1010 2047 1076 2074; x_wconf 84' lang='lat' dir='ltr'>sqq.</span> <span class='ocrx_word' id='word_1_406' title='bbox 1101 2037 1180 2065; x_wconf 85' lang='lat' dir='ltr'>Rem</span> <span class='ocrx_word' id='word_1_407' title='bbox 1201 2045 1256 2073; x_wconf 88' lang='lat' dir='ltr'>per</span> <span class='ocrx_word' id='word_1_408' title='bbox 1280 2045 1313 2063; x_wconf 87' lang='lat' dir='ltr'>se</span> <span class='ocrx_word' id='word_1_409' title='bbox 1334 2034 1545 2064; x_wconf 84' lang='lat' dir='ltr'>incredibilem</span> <span class='ocrx_word' id='word_1_410' title='bbox 1567 2044 1635 2064; x_wconf 85' lang='lat' dir='ltr'>nar-</span> 
     </span>
     <span class='ocr_line' id='line_1_65' title="bbox 920 2074 1635 2113; baseline -0.003 -9"><span class='ocrx_word' id='word_1_411' title='bbox 920 2085 985 2104; x_wconf 87' lang='lat' dir='ltr'>rare</span> <span class='ocrx_word' id='word_1_412' title='bbox 1006 2075 1173 2113; x_wconf 75' lang='lat' dir='ltr'>ingreditur</span> <span class='ocrx_word' id='word_1_413' title='bbox 1185 2076 1286 2112; x_wconf 69' lang='lat' dir='ltr'>poeta,</span> <span class='ocrx_word' id='word_1_414' title='bbox 1308 2074 1448 2111; x_wconf 84' lang='lat' dir='ltr'>Trojanis</span> <span class='ocrx_word' id='word_1_415' title='bbox 1463 2074 1589 2103; x_wconf 80' lang='lat' dir='ltr'>Graecos</span> <span class='ocrx_word' id='word_1_416' title='bbox 1604 2074 1635 2102; x_wconf 87' lang='lat' dir='ltr'>in</span> 
     </span>
     <span class='ocr_line' id='line_1_66' title="bbox 921 2113 1635 2152; baseline 0 -10"><span class='ocrx_word' id='word_1_417' title='bbox 921 2123 1071 2143; x_wconf 83' lang='lat' dir='ltr'>armorum</span> <span class='ocrx_word' id='word_1_418' title='bbox 1082 2114 1259 2142; x_wconf 78' lang='lat' dir='ltr'>societatem</span> <span class='ocrx_word' id='word_1_419' title='bbox 1269 2122 1336 2142; x_wconf 80' lang='lat' dir='ltr'>esse</span> <span class='ocrx_word' id='word_1_420' title='bbox 1347 2113 1533 2152; x_wconf 79' lang='lat' dir='ltr'>allegendos:</span> <span class='ocrx_word' id='word_1_421' title='bbox 1552 2114 1635 2151; x_wconf 85' lang='lat' dir='ltr'>quod</span> 
     </span>
     <span class='ocr_line' id='line_1_67' title="bbox 917 2151 1636 2192; baseline 0 -11"><span class='ocrx_word' id='word_1_422' title='bbox 917 2155 980 2192; x_wconf 73' lang='lat' dir='ltr'>jani</span> <span class='ocrx_word' id='word_1_423' title='bbox 1007 2153 1125 2190; x_wconf 75' lang='lat' dir='ltr'>Sibylla</span> <span class='ocrx_word' id='word_1_424' title='bbox 1147 2152 1333 2190; x_wconf 77' lang='lat' dir='ltr'>praedeerat</span> <span class='ocrx_word' id='word_1_425' title='bbox 1360 2151 1412 2180; x_wconf 90' lang='lat' dir='ltr'>lib.</span> <span class='ocrx_word' id='word_1_426' title='bbox 1442 2152 1501 2187; x_wconf 81' lang='lat' dir='ltr'>VI,</span> <span class='ocrx_word' id='word_1_427' title='bbox 1523 2154 1561 2181; x_wconf 83' lang='lat'>97</span> <span class='ocrx_word' id='word_1_428' title='bbox 1588 2152 1636 2181; x_wconf 78' lang='lat' dir='ltr'>via</span> 
     </span>
     <span class='ocr_line' id='line_1_68' title="bbox 918 2190 1636 2231; baseline 0 -11"><span class='ocrx_word' id='word_1_429' title='bbox 918 2192 1016 2231; x_wconf 79' lang='lat' dir='ltr'>prima</span> <span class='ocrx_word' id='word_1_430' title='bbox 1035 2191 1149 2225; x_wconf 80' lang='lat' dir='ltr'>salutis,</span> <span class='ocrx_word' id='word_1_431' title='bbox 1172 2191 1258 2227; x_wconf 74' lang='lat' dir='ltr'>Quod</span> <span class='ocrx_word' id='word_1_432' title='bbox 1279 2190 1393 2219; x_wconf 77' lang='lat' dir='ltr'>minime</span> <span class='ocrx_word' id='word_1_433' title='bbox 1417 2191 1505 2225; x_wconf 84' lang='lat' dir='ltr'>reris,</span> <span class='ocrx_word' id='word_1_434' title='bbox 1527 2191 1636 2220; x_wconf 81' lang='lat' dir='ltr'>Graeca</span> 
     </span>
     <span class='ocr_line' id='line_1_69' title="bbox 921 2230 1634 2269; baseline 0 -10"><span class='ocrx_word' id='word_1_435' title='bbox 921 2231 1063 2269; x_wconf 73' lang='lat' dir='ltr'>pandetur</span> <span class='ocrx_word' id='word_1_436' title='bbox 1084 2231 1120 2259; x_wconf 81' lang='lat' dir='ltr'>ab</span> <span class='ocrx_word' id='word_1_437' title='bbox 1141 2231 1221 2259; x_wconf 80' lang='lat' dir='ltr'>urbe.</span> <span class='ocrx_word' id='word_1_438' title='bbox 1263 2230 1417 2266; x_wconf 79' lang='lat' dir='ltr'>Evander,</span> <span class='ocrx_word' id='word_1_439' title='bbox 1443 2241 1513 2259; x_wconf 86' lang='lat' dir='ltr'>cum</span> <span class='ocrx_word' id='word_1_440' title='bbox 1539 2235 1634 2260; x_wconf 83' lang='lat' dir='ltr'>matre</span> 
     </span>
     <span class='ocr_line' id='line_1_70' title="bbox 922 2269 1634 2307; baseline -0.003 -8"><span class='ocrx_word' id='word_1_441' title='bbox 922 2271 1081 2299; x_wconf 79' lang='lat' dir='ltr'>Carmenta</span> <span class='ocrx_word' id='word_1_442' title='bbox 1096 2279 1148 2299; x_wconf 79' lang='lat' dir='ltr'>seu</span> <span class='ocrx_word' id='word_1_443' title='bbox 1165 2270 1349 2303; x_wconf 78' lang='lat' dir='ltr'>Nicostrata,</span> <span class='ocrx_word' id='word_1_444' title='bbox 1362 2280 1399 2298; x_wconf 83' lang='lat' dir='ltr'>ex</span> <span class='ocrx_word' id='word_1_445' title='bbox 1416 2269 1550 2298; x_wconf 81' lang='lat' dir='ltr'>Arcadia</span> <span class='ocrx_word' id='word_1_446' title='bbox 1565 2279 1634 2307; x_wconf 88' lang='lat' dir='ltr'>pro-</span> 
     </span>
     <span class='ocr_line' id='line_1_71' title="bbox 922 2308 1633 2345; baseline -0.001 -8"><span class='ocrx_word' id='word_1_447' title='bbox 922 2310 1030 2341; x_wconf 82' lang='lat' dir='ltr'>fectus.</span> <span class='ocrx_word' id='word_1_448' title='bbox 1040 2309 1188 2345; x_wconf 62' lang='lat' dir='ltr'>Pelasgos</span> <span class='ocrx_word' id='word_1_449' title='bbox 1202 2319 1274 2337; x_wconf 88' lang='lat' dir='ltr'>suos</span> <span class='ocrx_word' id='word_1_450' title='bbox 1288 2309 1316 2337; x_wconf 91' lang='lat' dir='ltr'>in</span> <span class='ocrx_word' id='word_1_451' title='bbox 1328 2308 1393 2337; x_wconf 83' lang='lat' dir='ltr'>loca</span> <span class='ocrx_word' id='word_1_452' title='bbox 1408 2308 1488 2337; x_wconf 82' lang='lat' dir='ltr'>cirea</span> <span class='ocrx_word' id='word_1_453' title='bbox 1499 2308 1633 2337; x_wconf 85' lang='lat' dir='ltr'>Tiberim</span> 
     </span>
     <span class='ocr_line' id='line_1_72' title="bbox 924 2346 1634 2386; baseline -0.004 -9"><span class='ocrx_word' id='word_1_454' title='bbox 924 2348 1063 2382; x_wconf 77' lang='lat' dir='ltr'>adduxit,</span> <span class='ocrx_word' id='word_1_455' title='bbox 1089 2352 1119 2377; x_wconf 81' lang='lat' dir='ltr'>et</span> <span class='ocrx_word' id='word_1_456' title='bbox 1138 2348 1166 2376; x_wconf 84' lang='lat' dir='ltr'>in</span> <span class='ocrx_word' id='word_1_457' title='bbox 1191 2352 1304 2382; x_wconf 82' lang='lat' dir='ltr'>monte,</span> <span class='ocrx_word' id='word_1_458' title='bbox 1328 2348 1380 2386; x_wconf 89' lang='lat' dir='ltr'>qui</span> <span class='ocrx_word' id='word_1_459' title='bbox 1395 2347 1463 2376; x_wconf 89' lang='lat' dir='ltr'>inde</span> <span class='ocrx_word' id='word_1_460' title='bbox 1478 2346 1634 2376; x_wconf 83' lang='lat' dir='ltr'>Palatinus</span> 
     </span>
     <span class='ocr_line' id='line_1_73' title="bbox 920 2384 1635 2425; baseline -0.006 -9"><span class='ocrx_word' id='word_1_461' title='bbox 920 2388 1032 2421; x_wconf 79' lang='lat' dir='ltr'>dictus,</span> <span class='ocrx_word' id='word_1_462' title='bbox 1055 2387 1200 2425; x_wconf 84' lang='lat' dir='ltr'>oppidum</span> <span class='ocrx_word' id='word_1_463' title='bbox 1218 2386 1415 2419; x_wconf 82' lang='lat' dir='ltr'>Pallanteum,</span> <span class='ocrx_word' id='word_1_464' title='bbox 1438 2395 1507 2414; x_wconf 80' lang='lat' dir='ltr'>mox</span> <span class='ocrx_word' id='word_1_465' title='bbox 1523 2384 1635 2413; x_wconf 82' lang='lat' dir='ltr'>Palan-</span> 
     </span>
     <span class='ocr_line' id='line_1_74' title="bbox 921 2423 1635 2463; baseline -0.003 -8"><span class='ocrx_word' id='word_1_466' title='bbox 921 2427 996 2455; x_wconf 83' lang='lat' dir='ltr'>tium</span> <span class='ocrx_word' id='word_1_467' title='bbox 1031 2429 1061 2454; x_wconf 84' lang='lat' dir='ltr'>et</span> <span class='ocrx_word' id='word_1_468' title='bbox 1086 2426 1235 2455; x_wconf 78' lang='lat' dir='ltr'>Palatium</span> <span class='ocrx_word' id='word_1_469' title='bbox 1262 2425 1455 2463; x_wconf 70' lang='lat' dir='ltr'>appellatum,</span> <span class='ocrx_word' id='word_1_470' title='bbox 1489 2423 1635 2453; x_wconf 83' lang='lat' dir='ltr'>condidit.</span> 
     </span>
     <span class='ocr_line' id='line_1_75' title="bbox 923 2463 1632 2503; baseline -0.004 -9"><span class='ocrx_word' id='word_1_471' title='bbox 923 2466 1037 2494; x_wconf 81' lang='lat' dir='ltr'>Fuerat</span> <span class='ocrx_word' id='word_1_472' title='bbox 1056 2466 1118 2503; x_wconf 79' lang='lat' dir='ltr'>jau]</span> <span class='ocrx_word' id='word_1_473' title='bbox 1134 2465 1162 2493; x_wconf 91' lang='lat' dir='ltr'>in</span> <span class='ocrx_word' id='word_1_474' title='bbox 1175 2464 1306 2494; x_wconf 77' lang='lat' dir='ltr'>Arcadia</span> <span class='ocrx_word' id='word_1_475' title='bbox 1321 2463 1499 2492; x_wconf 83' lang='lat' dir='ltr'>Pallantium</span> <span class='ocrx_word' id='word_1_476' title='bbox 1515 2472 1610 2501; x_wconf 80' lang='lat' dir='ltr'>pagus</span> <span class='ocrx_word' id='word_1_477' title='bbox 1625 2474 1632 2491; x_wconf 79' lang='lat' dir='ltr'><em>z</em></span> 
     </span>
     <span class='ocr_line' id='line_1_76' title="bbox 919 2501 1635 2541; baseline -0.004 -8"><span class='ocrx_word' id='word_1_478' title='bbox 919 2508 949 2533; x_wconf 88' lang='lat' dir='ltr'>et</span> <span class='ocrx_word' id='word_1_479' title='bbox 963 2504 1041 2532; x_wconf 83' lang='lat' dir='ltr'>inter</span> <span class='ocrx_word' id='word_1_480' title='bbox 1056 2513 1185 2541; x_wconf 80' lang='lat' dir='ltr'>proavos</span> <span class='ocrx_word' id='word_1_481' title='bbox 1200 2503 1314 2537; x_wconf 87' lang='lat' dir='ltr'>Pallas,</span> <span class='ocrx_word' id='word_1_482' title='bbox 1342 2513 1359 2531; x_wconf 86' lang='lat' dir='ltr'>a</span> <span class='ocrx_word' id='word_1_483' title='bbox 1377 2511 1436 2540; x_wconf 90' lang='lat' dir='ltr'>quo</span> <span class='ocrx_word' id='word_1_484' title='bbox 1451 2501 1479 2530; x_wconf 88' lang='grc'>11.</span> <span class='ocrx_word' id='word_1_485' title='bbox 1494 2501 1515 2529; x_wconf 92' lang='grc'>1.</span> <span class='ocrx_word' id='word_1_486' title='bbox 1530 2501 1559 2529; x_wconf 83' lang='grc'>111</span> <span class='ocrx_word' id='word_1_487' title='bbox 1575 2502 1635 2531; x_wconf 83' lang='lat' dir='ltr'>Ar-</span> 
     </span>
     <span class='ocr_line' id='line_1_77' title="bbox 918 2539 1636 2581; baseline -0.001 -10"><span class='ocrx_word' id='word_1_488' title='bbox 918 2543 1009 2572; x_wconf 74' lang='lat' dir='ltr'>cades</span> <span class='ocrx_word' id='word_1_489' title='bbox 1025 2543 1084 2571; x_wconf 83' lang='lat' dir='ltr'>orti</span> <span class='ocrx_word' id='word_1_490' title='bbox 1097 2543 1251 2571; x_wconf 83' lang='lat' dir='ltr'>dicuntur:</span> <span class='ocrx_word' id='word_1_491' title='bbox 1280 2551 1369 2581; x_wconf 77' lang='lat' dir='ltr'>yenus</span> <span class='ocrx_word' id='word_1_492' title='bbox 1392 2550 1410 2569; x_wconf 89' lang='lat' dir='ltr'>a</span> <span class='ocrx_word' id='word_1_493' title='bbox 1432 2539 1580 2574; x_wconf 74' lang='lat' dir='ltr'>Pallante,</span> <span class='ocrx_word' id='word_1_494' title='bbox 1605 2540 1636 2570; x_wconf 87' lang='lat' dir='ltr'>h.</span> 
     </span>
     <span class='ocr_line' id='line_1_78' title="bbox 921 2579 1634 2620; baseline -0.003 -10"><span class='ocrx_word' id='word_1_495' title='bbox 921 2581 1069 2611; x_wconf 83' lang='lat' dir='ltr'>Pallantis</span> <span class='ocrx_word' id='word_1_496' title='bbox 1098 2581 1269 2620; x_wconf 69' lang='lat' dir='ltr'>progenies-</span> <span class='ocrx_word' id='word_1_497' title='bbox 1328 2580 1413 2608; x_wconf 88' lang='lat' dir='ltr'>Idem</span> <span class='ocrx_word' id='word_1_498' title='bbox 1436 2588 1541 2607; x_wconf 83' lang='lat' dir='ltr'>nomen</span> <span class='ocrx_word' id='word_1_499' title='bbox 1572 2579 1634 2608; x_wconf 84' lang='lat' dir='ltr'>filio</span> 
     </span>
     <span class='ocr_line' id='line_1_79' title="bbox 922 2617 1632 2658; baseline -0.003 -9"><span class='ocrx_word' id='word_1_500' title='bbox 922 2621 1055 2650; x_wconf 79' lang='lat' dir='ltr'>Evandri</span> <span class='ocrx_word' id='word_1_501' title='bbox 1072 2620 1270 2658; x_wconf 86' lang='lat' dir='ltr'>impertitum.</span> <span class='ocrx_word' id='word_1_502' title='bbox 1295 2618 1374 2647; x_wconf 77' lang='lat' dir='ltr'>cons.</span> <span class='ocrx_word' id='word_1_503' title='bbox 1394 2617 1520 2656; x_wconf 81' lang='lat' dir='ltr'>Dionys.</span> <span class='ocrx_word' id='word_1_504' title='bbox 1542 2618 1570 2652; x_wconf 83' lang='grc' dir='ltr'>Ι,</span> <span class='ocrx_word' id='word_1_505' title='bbox 1593 2619 1632 2648; x_wconf 81' lang='grc'>31</span> 
     </span>
     <span class='ocr_line' id='line_1_80' title="bbox 922 2657 1632 2698; baseline -0.001 -11"><span class='ocrx_word' id='word_1_506' title='bbox 922 2670 1006 2698; x_wconf 82' lang='lat' dir='ltr'>sqq.:</span> <span class='ocrx_word' id='word_1_507' title='bbox 1031 2659 1221 2688; x_wconf 81' lang='lat' dir='ltr'>Ovid.Fast.</span> <span class='ocrx_word' id='word_1_508' title='bbox 1245 2657 1272 2690; x_wconf 89' lang='lat' dir='ltr'>I,</span> <span class='ocrx_word' id='word_1_509' title='bbox 1294 2658 1352 2685; x_wconf 77' lang='lat'>469</span> <span class='ocrx_word' id='word_1_510' title='bbox 1376 2666 1459 2694; x_wconf 81' lang='lat' dir='ltr'>sqq.:</span> <span class='ocrx_word' id='word_1_511' title='bbox 1490 2657 1632 2695; x_wconf 75' lang='lat' dir='ltr'>Propert-</span> 
     </span>
     <span class='ocr_line' id='line_1_81' title="bbox 923 2695 1632 2734; baseline -0.004 -7"><span class='ocrx_word' id='word_1_512' title='bbox 923 2699 980 2733; x_wconf 81' lang='lat' dir='ltr'>lV,</span> <span class='ocrx_word' id='word_1_513' title='bbox 998 2700 1024 2727; x_wconf 88' lang='lat' dir='ltr'>l.</span> <span class='ocrx_word' id='word_1_514' title='bbox 1065 2698 1102 2727; x_wconf 90' lang='lat' dir='ltr'>In</span> <span class='ocrx_word' id='word_1_515' title='bbox 1123 2696 1264 2727; x_wconf 79' lang='lat' dir='ltr'>Evandro</span> <span class='ocrx_word' id='word_1_516' title='bbox 1285 2695 1438 2733; x_wconf 79' lang='lat' dir='ltr'>potuisset</span> <span class='ocrx_word' id='word_1_517' title='bbox 1460 2696 1551 2734; x_wconf 64' lang='lat' dir='ltr'>poeta</span> <span class='ocrx_word' id='word_1_518' title='bbox 1569 2705 1632 2725; x_wconf 80' lang='lat' dir='ltr'>om-</span> 
     </span>
     <span class='ocr_line' id='line_1_82' title="bbox 923 2734 1639 2774; baseline -0.007 -8"><span class='ocrx_word' id='word_1_519' title='bbox 923 2739 970 2767; x_wconf 81' lang='lat' dir='ltr'>nia</span> <span class='ocrx_word' id='word_1_520' title='bbox 993 2738 1030 2766; x_wconf 84' lang='lat' dir='ltr'>ad</span> <span class='ocrx_word' id='word_1_521' title='bbox 1051 2738 1194 2774; x_wconf 82' lang='lat' dir='ltr'>majorem</span> <span class='ocrx_word' id='word_1_522' title='bbox 1213 2734 1438 2764; x_wconf 77' lang='lat' dir='ltr'>admirationem</span> <span class='ocrx_word' id='word_1_523' title='bbox 1462 2739 1579 2764; x_wconf 70' lang='lat' dir='ltr'>struere</span> <span class='ocrx_word' id='word_1_524' title='bbox 1602 2739 1639 2764; x_wconf 77' lang='lat' dir='ltr'>et.</span> 
     </span>
    </p>
   </div>
  </div>
 </body>
</html>
