1796 3077
530 172 870 213 GEORGICON.
929 172 1028 210 LIB.
1061 173 1112 210 11.
1478 181 1567 226 103

123 294 342 345 (362-70)
360 301 396 333 et
414 293 460 331 de
473 295 686 333 avertendis
698 296 753 341 iis,
775 311 861 347 quae
879 307 1013 334 nocere
1028 294 1176 345 possint
1194 293 1351 331 novellis
1371 296 1569 335 arboribus

125 351 361 396 (371-79>;
393 361 552 398 cumque
571 349 608 385 in
639 349 696 386 his
727 363 837 401 caper
860 351 920 394 sit,
950 348 1116 386 excurrit
1144 348 1182 384 in
1209 361 1351 385 morem
1381 351 1570 388 mactandi

123 403 217 440 hirci
235 403 272 439 in
300 416 406 440 sacro
435 401 719 439 Bacchi—396.
748 404 793 440 In
812 404 951 440 vitibus
984 410 1108 438 tamen
1127 401 1164 437 in
1184 401 1313 450 primis
1341 401 1492 439 assidua
1513 412 1570 441 est

125 468 213 492 cura
228 469 295 505 per
313 464 435 494 totum
454 469 593 493 annum
612 456 967 494 adhibenda—419.
998 453 1128 490 Minus
1148 467 1307 504 operosa
1326 463 1382 491 est
1400 455 1569 494 olearum

123 508 410 555 cultura—425,
427 519 463 547 et
481 513 809 559 pomorum—428
829 523 837 553 3
859 510 998 559 exigua
1017 515 1082 543 aut
1102 507 1253 544 omnino
1273 507 1375 544 nulla
1393 509 1569 546 arborum

123 562 430 599 sativarum—45
438 567 472 601 7.

125 615 300 652 carminis
315 615 573 654 felicissima—
585 614 633 652 ad
651 614 715 652 fin.

543 561 637 598 Inde
669 575 850 600 excursus
885 563 922 599 in
956 559 1086 599 laudes
1134 561 1225 598 vitae
1271 561 1436 606 rusticae,
1483 575 1570 613 pars

122 738 343 781 Hactenus
363 755 556 781 arvorum
575 740 710 782 cultus
727 749 768 782 et
788 742 926 782 sidera
945 741 1062 791 coeli3

124 795 250 837 Nunc
271 804 325 846 te,
358 796 540 845 Bacche,
572 812 730 846 canam,
761 813 837 838 nec
854 813 938 838 non
958 797 1158 839 silvestria
1177 806 1314 840 tecum

123 851 330 907 Virgulta,
362 860 403 893 et
421 852 580 906 prolem
597 854 717 894 tarde
735 855 959 894 crescentis
977 853 1109 895 olivae.

123 907 236 958 Huc,
266 917 387 963 pater
408 924 432 950 o
450 909 632 959 Lenaee3
664 911 746 951 tuis
767 910 836 951 hic
858 911 995 950 onmia
1012 910 1137 964 plena

120 963 395 1016 Muneribus;
427 967 502 1007 tibi
522 967 743 1020 pampineo
760 967 957 1020 gravidus
978 975 1202 1009 auctumno
1544 970 1570 1008 5

121 1020 265 1064 Floret
286 1038 400 1077 ager,
432 1031 597 1076 spumat
613 1023 746 1077 plenis
768 1024 975 1064 vindemia
989 1023 1140 1073 labris3

120 1078 234 1129 Huc,
264 1087 386 1134 pater
407 1094 432 1119 o
455 1079 623 1128 Lenaee,
654 1080 760 1130 veni,
792 1080 1033 1133 nudataque
1054 1087 1191 1122 musto

118 1134 256 1190 Tinge
276 1150 384 1177 novo
403 1150 566 1176 mecum
582 1137 756 1190 direptis
777 1151 899 1177 crura
915 1137 1148 1177 cothurnis.

174 1192 388 1246 Principio
410 1193 631 1233 arboribus
647 1194 761 1233 varia
777 1201 840 1234 est
860 1200 1008 1233 natura
1028 1193 1236 1234 creandis.

117 1247 314 1303 Namque
334 1248 438 1298 aliae,
470 1249 591 1289 nullis
612 1249 827 1290 hominum
848 1250 1107 1300 cogentibus,
1138 1249 1241 1303 ipsae

1521 1250 1571 1290 10

118 1305 280 1360 Sponte
303 1321 378 1347 sua
393 1307 577 1355 veniunt,
610 1321 864 1360 camposque
885 1301 926 1347 et
946 1306 1116 1347 fiumina
1134 1305 1216 1346 late

119 1362 259 1403 Curva
279 1370 435 1412 tenent,
466 1370 512 1403 ut
533 1362 654 1404 molle
677 1363 783 1413 siler,
814 1362 1022 1417 lentaeque
1045 1370 1245 1417 genestae,

118 1418 320 1474 Populus,
352 1427 394 1461 et
414 1419 564 1474 glauca
583 1421 774 1462 canentia
794 1420 943 1461 fronde
961 1419 1127 1461 salicta:

153 1527 170 1555 1
186 1527 324 1571 Respicit
350 1528 388 1557 ad
408 1528 462 1557 lil).
485 1529 515 1564 Ι,
534 1539 564 1557 ν.
585 1530 613 1556 l.
636 1528 742 1556 Poetae
767 1538 822 1557 ex-

114 1565 199 1594 ordio
214 1570 309 1595 utitur
328 1567 492 1596 Columella
513 1567 579 1601 III,
602 1568 629 1594 1.
669 1567 756 1595 Nunc
776 1576 821 1595 ar-

112 1605 227 1639 borum,
257 1605 362 1643 inquit,
391 1616 492 1634 curam
512 1614 676 1643 exponam:
707 1609 736 1632 et
757 1605 821 1642 qui-

114 1643 183 1671 dem
196 1643 233 1672 de
245 1643 350 1672 vitibus
365 1645 408 1682 (te
419 1643 551 1682 Bacche)
564 1648 626 1672 tum
641 1643 677 1671 de
689 1643 821 1681 viryultis

114 1681 144 1710 h.
163 1691 191 1710 e.
207 1682 362 1710 arboribus
384 1681 562 1710 silvestribus
579 1687 608 1710 et
622 1681 701 1710 oleis.
721 1682 819 1710 silves-

114 1719 173 1748 tria
195 1719 301 1748 dubito
321 1730 357 1748 an
378 1730 417 1748 ex
438 1720 555 1755 vulgari
575 1730 633 1748 usu
656 1720 768 1748 dictum
783 1721 820 1748 ad

113 1759 234 1786 arbores
259 1758 424 1796 infecundas
450 1759 637 1787 referendum
663 1758 721 1786 sit:
748 1758 821 1786 silva

113 1796 214 1834 poetis
228 1806 283 1834 pro
297 1797 452 1825 arboribus
464 1797 558 1831 dicta,
571 1800 604 1825 ut
615 1806 697 1834 saepe
706 1796 735 1825 in
745 1807 823 1835 sqq.,

112 1844 143 1862 v.
157 1845 184 1863 c.
199 1835 264 1864 181.
282 1835 405 1864 videtur
417 1835 508 1878 igitur
526 1835 655 1864 silvester
670 1844 737 1864 esse
758 1836 822 1873 epi—

112 1873 213 1901 theton
227 1883 345 1908 ornans,
366 1877 396 1902 et
413 1874 540 1912 virgulta
553 1873 696 1902 silvestria
710 1874 750 1902 nil
766 1874 823 1903 nisi

111 1912 233 1940 arbores
246 1913 339 1941 omnis
349 1912 478 1951 generis.
490 1913 533 1941 H.
562 1912 722 1951 vulgarem
735 1922 824 1941 usum

112 1950 197 1978 vocis
214 1950 344 1980 silvester
357 1952 495 1989 praefero.
535 1952 598 1980 Per
612 1951 760 1980 vocubula
774 1962 824 1980 uec

112 1998 169 2016 non
193 1989 270 2026 (vid.
299 1990 386 2018 Varr.
412 1990 452 2018 R.
479 1990 520 2018 R.
540 2000 566 2018 c.
586 1990 606 2018 2
625 2000 655 2027 p.
676 1990 753 2018 med.
774 2000 824 2018 nec

111 2037 168 2055 mm
180 2027 314 2066 ylirium)
335 2028 458 2057 alteram
478 2032 593 2066 partem
608 2032 709 2056 notant
729 2029 824 2067 scrip-

109 2068 208 2101 tores;
229 2076 294 2104 quae
309 2067 427 2105 quidem
442 2067 579 2095 hocloco
601 2066 721 2096 arbores
741 2076 820 2095 com-

108 2103 260 2141 plectitur,
280 2105 309 2133 in
319 2105 474 2139 silvestres,
488 2105 667 2139 infecundas,
682 2106 823 2141 etfecmz-

110 2142 163 2170 das
177 2142 297 2171 divisas.
323 2143 371 2173 W.
391 2145 409 2172 3
431 2144 515 2173 Oleae
530 2154 546 2172 e
561 2144 669 2173 semine
692 2144 821 2172 nascitu-

113 2191 155 2208 ηε
184 2181 352 2211 tardissima
379 2186 447 2211 sunt
475 2182 665 2216 incrementa,
692 2192 722 2211 v.
742 2182 821 2211 Plin.

112 2218 187 2252 XV,
209 2219 237 2246 1.
257 2219 355 2248 Varro
369 2220 409 2248 R.
426 2221 466 2249 R.
488 2221 516 2253 Ι,
536 2222 585 2254 41,
606 2222 635 2250 6.

152 2258 171 2285 4
191 2256 354 2294 Splendida
371 2258 624 2293 invocatio.-—hic,
645 2259 675 2288 in
697 2259 732 2288 iis
753 2269 820 2297 quae

111 2295 259 2329 dicentur,
273 2295 304 2323 in
316 2302 485 2335 argumento
496 2298 634 2326 carminis
648 2297 819 2331 met-tibi,

112 2344 167 2371 per
191 2338 230 2367 te,
252 2338 286 2362 ut
312 2338 356 2362 σοὶ
382 2345 436 2372 pro
461 2339 504 2364 διά
529 2349 572 2370 σε,
594 2336 734 2365 beneficio
758 2340 821 2364 tuo.

111 2372 182 2409 (Sic
199 2372 246 2400 cui
268 2382 322 2409 pro
343 2374 428 2410 cujus
449 2384 520 2402 cura
542 2379 572 2403 et
590 2374 743 2408 beneficio,
766 2375 821 2403 Ge.

111 2410 150 2444 I.‚
173 2412 221 2439 15.
246 2410 452 2448 IV.)—-florere
476 2416 522 2441 est
540 2413 587 2441 hic
617 2413 721 2442 laetum
743 2423 820 2447 esse,

111 2449 231 2487 plenum
239 2454 521 2478 esse.—auctumnus
525 2452 695 2489 pampineus
702 2455 821 2489 estpro-

111 2492 218 2516 ventus
231 2488 380 2516 auctumni
389 2498 404 2517 e
415 2488 508 2521 vinea,
517 2491 619 2522 ὸπώρα.
650 2490 763 2518 Eadem
772 2499 822 2518 no-

109 2526 189 2555 tione
200 2526 300 2564 paullo
313 2530 382 2564 post
393 2526 679 2562 vindemiae-,labra
694 2528 822 2565 (Tibull.

113 2563 142 2597 Ι,
162 2566 189 2593 1.
211 2566 247 2592 10
267 2565 373 2603 lacus‚)
395 2569 463 2593 sunt
481 2574 553 2593 vasa
573 2566 610 2594 ad
625 2566 825 2603 recipiendum

111 2606 242 2631 mustum
258 2608 336 2641 apta.
375 2603 420 2632 Η.
435 2603 511 2633 Mihi
522 2604 689 2642 pampineus
701 2609 826 2633 auctum-

114 2650 168 2667 nus
192 2641 290 2670 visum
314 2646 361 2671 est
380 2643 417 2671 de
440 2646 574 2680 tempore
598 2641 743 2680 accipere,
774 2643 826 2672 ubi

116 2678 263 2708 vindemia
274 2684 331 2710 est.
357 2680 404 2710 W.

897 1529 914 1556 7
937 1527 1120 1556 Suavissima
1131 1528 1227 1566 imago
1240 1527 1353 1556 Bacchi
1366 1536 1439 1555 uvas
1454 1526 1566 1556 calcan-

860 1565 900 1594 tis
915 1576 973 1594 una
986 1576 1054 1594 cum
1069 1568 1169 1603 poeta,
1192 1566 1242 1594 ubi
1257 1566 1399 1594 auxilium
1416 1565 1472 1593 sibi
1486 1575 1503 1594 a
1514 1566 1570 1594 deo

860 1604 1012 1632 ferendum
1028 1605 1056 1632 in
1077 1604 1205 1633 carmine
1225 1605 1262 1633 de
1280 1604 1432 1633 vinearum
1452 1604 1569 1633 cultura

859 1642 1221 1680 expeut.-Gotlmrnat21s
1241 1642 1394 1672 exhibitus
1416 1643 1477 1672 fere
1499 1643 1569 1671 olim

860 1681 1017 1714 Bacchus3
1045 1682 1125 1719 quod
1151 1681 1240 1709 etiam
1265 1691 1303 1709 ex
1327 1682 1420 1719 signis
1443 1680 1570 1719 aliisque

859 1719 1053 1747 monumentis
1067 1723 1193 1748 constat.
1214 1719 1336 1748 Calcare
1352 1719 1480 1758 pedibus
1495 1729 1570 1748 uvas

860 1757 1019 1786 etiamnum
1031 1758 1061 1785 in
1073 1757 1161 1786 Italia
1173 1757 1323 1786 sollemne.

899 1796 997 1824 9—12
1017 1796 1149 1825 Arbores
1176 1800 1369 1834 procreantur
1393 1800 1445 1824 ant
1467 1799 1572 1825 natura

862 1838 911 1863 aut
927 1839 1001 1863 arte.
1021 1834 1173 1863 arboribus
1187 1835 1326 1863 creandis.
1349 1835 1378 1863 h.
1392 1845 1418 1863 e.
1433 1835 1570 1863 arborum

861 1873 1046 1902 nascentium
1072 1878 1188 1907 natura,
1219 1873 1305 1907 ratio,
1336 1878 1378 1902 est
1409 1872 1511 1901 varia:
1541 1877 1572 1901 et

862 1912 981 1950 quidem
1016 1911 1158 1940 naturalis
1191 1911 1266 1940 ratio
1299 1911 1420 1950 triplex,
1451 1915 1502 1939 aut
1538 1915 1572 1939 ut

863 1954 969 1988 sponte
981 1950 1107 1985 veniant,
1128 1950 1156 1977 h.
1171 1950 1345 1988 proveniant
1357 1951 1443 1987 (sup.
1459 1950 1488 1983 Ι,
1502 1949 1570 1983 54),

862 1993 913 2017 aut
931 1999 947 2017 e
970 1989 1088 2024 semine,
1110 1993 1160 2016 aut
1181 1989 1217 2017 ab
1234 1988 1355 2023 radice;
1377 1988 1456 2017 Plin.
1477 1987 1570 2022 XVI,

863 2029 901 2056 32
915 2037 939 2055 s.
960 2029 1009 2056 58.
1030 2028 1078 2055 Cf.
1099 2026 1295 2064 Theophrast.
1310 2026 1393 2055 Hist.
1408 2026 1507 2054 Plant.
1522 2027 1570 2060 II,

864 2068 891 2095 1.
913 2075 1011 2103 quem,
1033 2069 1063 2093 et
1076 2065 1239 2093 Varronem
1255 2065 1283 2099 I,
1303 2066 1352 2097 39,
1373 2065 1422 2098 31,
1444 2074 1571 2101 expres-

864 2105 902 2133 sit
917 2103 1074 2141 Virgilius.
1114 2103 1192 2131 Item
1207 2102 1371 2131 Columella
1381 2103 1418 2131 de
1429 2102 1571 2131 Arborib.

861 2153 908 2181 pr,
930 2142 980 2180 qui
1002 2142 1038 2171 ad
1059 2142 1088 2170 h.
1110 2141 1129 2169 l.
1150 2141 1282 2178 respicit.

901 2183 935 2210 ll
958 2180 1066 2218 Sponte
1086 2190 1150 2213 sua,
1179 2182 1345 2213 αὐτομάτως.
1386 2178 1477 2207 Haud
1499 2180 1570 2208 sub-

860 2220 952 2248 tiliter
962 2223 1078 2247 veteres
1089 2228 1133 2252 ea,
1148 2227 1214 2256 quae
1227 2222 1325 2256 sponte
1334 2217 1415 2245 nasci
1423 2217 1570 2252 dicebant,

859 2258 1022 2287 distinxere
1045 2258 1081 2285 ab
1103 2257 1151 2290 iis,
1178 2267 1244 2294 quae
1268 2255 1375 2284 semine
1402 2260 1571 2291 nascuntur,

860 2308 927 2326 cum
942 2301 1038 2325 tamen
1052 2305 1104 2323 nec
1119 2295 1177 2323 ista
1189 2295 1251 2323 sine
1264 2294 1373 2323 semine
1386 2295 1573 2332 proveniant.

857 2337 885 2364 V
889 2336 988 2364 oluere
1011 2333 1126 2363 scilicet
1145 2333 1296 2362 declarare
1317 2333 1348 2361 id
1360 2332 1526 2370 plantarum
1540 2338 1571 2362 et

859 2375 1000 2403 arborum
1012 2382 1115 2411 genus,
1134 2372 1213 2410 quod
1224 2370 1434 2409 primigenium
1445 2371 1569 2406 dixeris,

860 2412 940 2451 quod
961 2412 990 2440 in
1009 2411 1087 2445 loco,
1109 2420 1196 2448 quem
1213 2413 1349 2447 occupat,
1372 2409 1493 2438 colonus
1505 2411 1568 2447 jam

860 2450 986 2489 reperit:
1009 2448 1255 2487 quemadmodum
1272 2447 1378 2486 vulgus
1390 2448 1495 2477 herbas
1506 2458 1567 2476 ma-

860 2489 904 2518 las
918 2493 948 2518 et
960 2488 1078 2517 inutiles
1093 2498 1106 2515 s
1130 2491 1197 2515 onte
1212 2486 1275 2515 solo
1289 2486 1370 2514 nasci
1392 2486 1475 2521 dicit,
1500 2486 1569 2524 quia

864 2537 972 2561 semen,
995 2526 1072 2554 unde
1086 2525 1106 2553 il
1120 2535 1144 2554 ae
1160 2525 1331 2563 gignuntur,
1354 2529 1442 2554 vento
1456 2529 1485 2553 et
1500 2526 1568 2552 a'e're

863 2567 982 2595 allatum
997 2569 1027 2593 et
1039 2564 1068 2592 in
1081 2563 1145 2592 solo
1158 2563 1337 2601 depositum,
1357 2573 1412 2591 non
1427 2563 1455 2591 in
1466 2562 1568 2591 oculos

864 2604 999 2637 incurrit,
1015 2607 1048 2631 ut
1059 2602 1120 2631 sine
1130 2602 1238 2630 semine
1249 2602 1327 2630 nasci
1338 2601 1436 2667 putari
1444 2600 1569 2638 possint.

864 2644 931 2674 Jam
946 2652 1012 2680 sup.
1033 2641 1061 2675 I,
1081 2642 1120 2669 22
1140 2650 1227 2669 novas
1241 2651 1298 2669 non
1308 2640 1339 2668 ul
1351 2650 1366 2668 ο
1383 2639 1484 2668 semine
1495 2639 1566 2674 sru-

866 2693 915 2721 yes
928 2681 1063 2717 dixerat3
1084 2689 1137 2708 nec
1161 2679 1248 2709 aliter
1264 2678 1458 2716 Theophrast.
1478 2676 1566 2705 Varr.
