1796 3077
499 187 787 226 BUCOLICA.
841 187 954 227 ECL.
986 188 1100 226 vlu.
1461 195 1520 239 47

76 312 172 355 Nec
191 319 351 367 myrtus
367 312 504 353 vincet
524 310 701 360 corulos,
719 325 794 351 nec
809 309 952 352 laurea
972 310 1140 351 Phoebi.

131 369 252 410 THY.
283 369 490 410 Fraxinus
506 369 547 409 in
564 368 672 409 silvis
689 367 983 422 pulcherrima,
1000 369 1123 422 pinus
1141 369 1183 409 in
1198 368 1342 419 hortis,
1471 369 1526 410 65

78 425 266 481 Populus
286 427 327 467 in
342 426 494 472 fluviis,
515 426 630 466 abies
646 426 689 465 in
703 426 914 466 montibus
931 424 1022 465 altis
1042 442 1050 473 ;

76 483 239 538 Saepius
260 491 302 524 at
318 484 351 524 si
366 498 444 532 me,
464 482 627 536 Lycida
642 481 836 530 formose,
858 482 1025 530 revisas,

76 539 284 581 Fraxinus
303 541 345 580 in
363 539 473 580 silvis
494 539 617 580 cedat
633 539 720 586 tibi,
737 538 860 592 pinus
876 538 918 578 in
932 538 1064 578 hortis

134 596 256 638 MEL.
289 597 396 638 Haec
414 597 594 645 memini,
611 602 653 636 et
673 596 829 636 victum
848 594 1002 635 frustra
1024 596 1279 637 contendere
1296 593 1499 650 Thyrsin.

78 653 181 694 *Ex
195 653 266 695 illo
284 654 485 708 Corydon
501 652 700 707 Corydon
716 660 779 692 est
796 660 983 706 tempore
1001 653 1164 693 nobis&
1475 651 1531 691 70

73 761 184 791 riorem
209 765 241 791 et
261 761 428 790 inferiorem
452 761 624 799 designant3
651 759 730 798 quod
754 765 785 790 et
823 760 987 790 videantur.
1027 759 1095 788 Hoc
1118 761 1204 791 facile
1221 761 1381 799 perspicio,
1401 760 1531 796 Thyrsin

71 799 177 839 ipsum
190 810 295 829 vereor
308 803 341 828 ut
354 800 483 838 pastoris
494 798 609 838 ingenio
619 808 785 828 accommo-
825 809 890 828 esse
905 802 1083 836 perpetuum
1107 799 1272 838 Corydonis
1292 800 1533 829 obtrectatorem.

76 840 179 868 datum
195 838 245 867 sit.
260 838 303 867 H.
323 838 442 876 Jupiter
449 838 591 876 plurimus
604 837 716 865 dictum
729 842 786 871 est,
825 837 870 866 H.
883 837 1021 874 Thyrsin,
1035 837 1098 865 sivo
1116 838 1233 867 laudem
1248 838 1304 872 sni,
1325 839 1386 867 sive
1402 840 1530 867 suavita-

76 882 110 906 ut
126 878 182 906 Ge.
196 877 225 911 I,
241 878 307 906 187.
328 887 387 904 nux
404 877 550 916 pluri7na,·
573 876 626 903 Ge.
649 877 696 910 II,
717 878 783 905 166.
823 881 883 905 tem
896 875 1054 913 imaginum
1070 881 1197 913 spectes,
1212 877 1450 915 postponendum
1464 888 1531 907 esse

76 915 167 946 Italia
184 915 319 954 plurima.
347 914 394 944 W.
826 914 976 953 Corydoni
999 914 1086 942 docet
1109 915 1151 943 H.
1172 916 1311 944 Vossius.
1356 915 1463 953 Neque
1490 922 1531 946 ta-

116 955 155 984 65
177 954 272 983 Pinus
285 953 316 982 in
328 953 430 989 hortis,
442 954 527 992 pinus
542 953 648 987 sativa,
665 963 717 982 seu
734 954 785 982 do—
824 964 890 982 men
906 954 934 982 in
957 953 1037 981 illius
1059 954 1189 982 oratione
1214 955 1387 984 latinitatem
1414 960 1463 984 aut
1485 965 1532 984 or-

77 993 201 1023 mastica
213 996 245 1022 et
263 992 422 1027 hortensis,
440 993 549 1021 Ovidio
565 993 630 1021 Art.
644 993 786 1026 ΙΙΙ,692.
825 997 925 1020 natum
939 991 1131 1021 desiderabis.
1173 993 1313 1022 Ceterum
1330 1004 1396 1022 cum
1410 994 1533 1032 Thyrsis

76 1032 163 1071 pinus
175 1031 262 1065 culta,
286 1034 360 1060 πίτυς
384 1034 491 1066 ἥμερος,
511 1032 599 1060 arbos
613 1041 730 1069 semper
744 1031 787 1060 vi·
826 1031 925 1059 vietus
938 1030 1151 1068 pronuntietur,
1173 1032 1268 1067 vides,
1284 1044 1337 1062 cur
1359 1043 1448 1070 supra
1463 1044 1491 1061 v.
1503 1036 1532 1062 5.

81 1080 149 1101 rens
164 1073 194 1099 et
204 1070 309 1108 apibus
322 1074 414 1109 grata.
828 1069 908 1098 ambo
917 1070 1054 1107 Corydon
1068 1074 1097 1098 et
1109 1070 1244 1107 Thyrsis,
1258 1072 1428 1109 respondere
1434 1073 1535 1109 parati

119 1109 159 1138 69
172 1109 309 1148 Operose
328 1109 433 1138 docent
452 1108 508 1136 viri
528 1108 607 1137 docti
627 1119 679 1147 per
696 1112 788 1137 totam
828 1108 972 1143 dicantur,
997 1118 1053 1136 non
1079 1109 1247 1147 respondere
1274 1110 1374 1148 periti,
1399 1115 1432 1139 ut
1460 1110 1535 1139 male

80 1147 222 1186 eclogam,
245 1151 423 1186 quantopere
447 1148 476 1175 in
502 1147 624 1186 singulis
651 1147 788 1175 versibus
829 1147 955 1184 conjecit
966 1147 1120 1177 Schrader.
1138 1147 1184 1177 W.

83 1186 218 1224 superior
229 1186 338 1224 Thyrsi
352 1186 391 1215 sit
404 1186 552 1224 Corydon,
567 1186 603 1215 iis
617 1189 713 1215 tamen
726 1186 787 1214 sere
866 1187 904 1214 70
920 1185 969 1214 Ex
980 1185 1028 1214 illo
1043 1185 1078 1214 C·
1102 1187 1321 1225 accipiendum:
1347 1198 1385 1216 ex
1401 1198 1436 1217 eo
1459 1192 1531 1217 tem-

82 1224 271 1263 argumentis,
294 1229 338 1258 ut,
361 1225 385 1253 si
401 1226 491 1263 poeta
505 1224 632 1263 Thyrsin
646 1225 789 1253 victorem
827 1234 898 1262 pore
908 1224 1001 1253 animo
1012 1235 1077 1254 meo
1085 1226 1223 1264 Corydon
1236 1227 1341 1255 nobilis
1355 1227 1404 1256 ille
1419 1232 1447 1255 et
1458 1237 1537 1264 pra?-

82 1263 311 1301 pronuntiasset,
329 1262 417 1292 iidem
437 1264 526 1300 hujus
543 1263 649 1301 judicii
667 1273 788 1292 caussas
827 1267 873 1291 ter
894 1273 993 1292 omnes
1018 1264 1167 1294 excellens
1182 1270 1269 1294 cantu
1290 1270 1393 1304 pastor
1405 1266 1538 1295 habetur.

82 1306 114 1331 et
124 1301 310 1340 probationes
320 1302 471 1331 abiisdem
479 1302 553 1330 locis
566 1302 685 1331 ducturi
697 1302 789 1330 fuisse
828 1302 889 1330 Sed
902 1302 1040 1340 indignus
1054 1304 1177 1333 Marone
1190 1308 1235 1333 est
1249 1314 1365 1333 versus.

717 1405 909 1433 ..Φ-

218 1495 516 1538 ECLOGA
566 1466 690 1538 vm.
754 1498 1420 1541 PHARMACEUTRIA.

605 1587 1023 1626 ARGUMENTUM.

143 1695 321 1733 Duorum
345 1704 541 1746 pastorum
571 1697 745 1741 carmina,
773 1697 932 1734 alterum
952 1711 1002 1734 ex
1021 1697 1182 1735 Theocr.
1214 1701 1325 1750 Idyll.
1346 1702 1419 1739 III.
1449 1705 1542 1743 alte-

89 1762 175 1786 rum
201 1763 250 1786 ex
268 1749 383 1799 Idyll.
416 1750 472 1787 II.
502 1763 735 1799 expressum,
765 1751 969 1787 recitantur
988 1764 1009 1787 a
1036 1756 1158 1800 poeta,
1190 1762 1381 1804 tamqnam
1409 1758 1472 1806 qui
1500 1773 1544 1796 ea

88 1801 249 1839 audierit
270 1806 381 1839 1—5.
413 1805 474 1839 62.
508 1806 569 1840 63.
628 1802 672 1839 In
691 1802 875 1840 Damonis
895 1803 1057 1841 carmine
1088 1808 1251 1843 17—61.
1280 1809 1406 1857 gravis
1436 1812 1544 1849 dolor

89 1863 129 1892 et
164 1855 353 1905 aegritudo
383 1856 546 1906 pastoris
578 1855 747 1905 alicujus,
789 1858 848 1893 cui
882 1856 987 1901 Nisa,
1027 1867 1150 1895 amata
1181 1860 1318 1908 puella,
1360 1862 1543 1914 Mopsum

90 1907 248 1945 rivalem
266 1909 497 1959 praetulerat,
519 1909 703 1958 praeclare
722 1911 946 1959 exponitur3
978 1910 1016 1946 in
1035 1910 1274 1961 Alphesiboei
1295 1917 1458 1953 carmine
1480 1921 1542 1955 64.

90 1961 139 1998 ad
170 1960 233 1998 fin.
262 1962 398 1998 mulier
429 1961 620 2012 Daphnin,
650 1972 855 2000 amatorem
885 1977 1007 2007 suum,
1036 1977 1057 2000 a
1087 1977 1162 2013 quo
1190 1979 1230 2003 se
1254 1967 1441 2006 desertam
1461 1984 1544 2009 esse

91 2015 261 2064 putabat,
290 2014 606 2052 incantationibus
635 2016 791 2064 magicis
819 2016 867 2053 ad
895 2030 934 2054 se
963 2026 1128 2054 revocat.
1184 2018 1363 2058 Habendi
1391 2023 1490 2060 enim
1506 2025 1545 2061 hi

92 2075 182 2104 sunt
205 2067 311 2104 lusus
329 2068 491 2105 duorum
509 2078 716 2118 pastorum,
744 2082 891 2106 amores
910 2069 1080 2114 aliorum,
1110 2084 1183 2107 non
1207 2075 1295 2110 suos
1315 2087 1544 2114 commemo-

93 2119 269 2157 rantium.
300 2120 516 2170 Utrumque
531 2135 680 2158 carmen
691 2135 758 2171 per
774 2135 814 2158 se
828 2122 899 2159 sibi
914 2131 1070 2166 constat,
1088 2136 1209 2172 neque
1222 2125 1300 2163 ullo
1315 2140 1359 2164 ea
1372 2136 1545 2167 tenentur

93 2171 258 2216 vinculo,
285 2173 356 2210 nisi
372 2174 474 2223 quod
490 2188 512 2211 a
525 2175 739 2224 pastoribus
754 2175 969 2219 recitantur,
991 2176 1055 2224 qui
1070 2176 1166 2213 inter
1181 2191 1219 2213 se
1236 2188 1398 2217 certasse
1414 2182 1545 2220 viden-

95 2232 169 2268 tur,
211 2225 242 2261 si
270 2226 423 2274 quidem
450 2228 602 2277 proprie
630 2227 728 2264 dixit
757 2227 870 2265 Maro
899 2242 936 2264 v.
970 2231 1018 2265 62
1050 2230 1286 2279 responderit.
1344 2233 1478 2272 Artem
1509 2245 1547 2273 et

95 2277 270 2328 spiritum
283 2282 406 2327 poetae
420 2279 458 2317 in
479 2289 612 2318 neutro
632 2280 795 2318 carmine
815 2281 1018 2319 desideres,
1067 2281 1168 2319 Nam
1185 2283 1267 2333 ipsa
1284 2286 1546 2326 incantationis

96 2330 255 2380 magicae
271 2330 472 2382 descriptio
487 2347 561 2371 non
575 2334 780 2371 abhorrens
795 2335 841 2370 ab
857 2334 928 2371 hoc
942 2335 1107 2384 poetices
1125 2349 1264 2385 genere
1282 2350 1546 2389 argumentum

96 2383 216 2420 videri
235 2383 371 2428 debet3
400 2394 500 2423 recte
519 2387 619 2424 enim
639 2395 675 2423 et
694 2400 743 2423 ex
762 2395 896 2424 natura
914 2397 1054 2433 nostra,
1077 2401 1163 2425 cum
1181 2403 1358 2439 agrorum
1378 2402 1415 2431 et
1434 2395 1546 2432 silva-

96 2449 182 2473 rum
211 2436 413 2474 solitudine
440 2439 533 2476 mire
561 2439 659 2476 affici
689 2440 803 2476 animi
831 2441 950 2477 nostri
979 2449 1016 2478 et
1046 2441 1094 2478 ad
1121 2441 1343 2491 religionem
1373 2449 1548 2485 comnoni

99 2488 255 2534 soleant,
283 2490 498 2539 pastoribus
516 2492 721 2541 proclivius
739 2501 777 2530 et
795 2494 949 2543 pronius
969 2494 1007 2531 in
1025 2494 1308 2544 superstitiones
1327 2508 1365 2537 et
1382 2484 1546 2551 magicas

100 2541 264 2579 rationes
282 2543 475 2593 ingenium
493 2545 681 2582 tribuitur.

153 2594 341 2646 Inscripta
371 2609 462 2634 vero
492 2605 549 2634 est
580 2596 726 2647 Ecloga
756 2598 890 2636 Asinio
921 2599 1083 2637 Pollioni
1113 2616 1147 2640 v.
1179 2607 1319 2649 6-13‚
1354 2606 1418 2655 qui
1449 2618 1547 2642 anno

103 2648 191 2706 7143
220 2647 260 2686 in
283 2648 478 2700 Illyricum
506 2650 712 2687 exercitum
738 2651 912 2696 ducebat,
943 2661 979 2690 et
1013 2662 1092 2691 tum
1120 2656 1199 2694 sive
1225 2658 1392 2708 pedestri
1418 2658 1549 2695 itinere

103 2697 253 2740 Istriam
272 2703 518 2741 emetiebatur
537 2702 616 2743 sive
634 2703 747 2740 maris
771 2704 912 2754 Illyrici
939 2719 1043 2743 oram
1066 2707 1228 2757 legebat,
1257 2719 1299 2747 ut
1321 2711 1368 2748 ad
1399 2710 1547 2747 Parthi-
