1796 3077
553 217 894 256 GEORGICON.
951 218 1053 256 LIB.
1084 219 1161 258 111.

136 342 224 383 Ima
244 341 367 383 ferire
386 340 507 395 pedis
529 339 746 381 salientem
767 340 970 395 sanguine
989 355 1152 392 venam,

1502 227 1589 272 167

1503 343 1590 384 460

136 399 306 440 Bisaltae
325 413 409 452 quo
429 413 544 439 more
565 397 714 448 solent,
736 412 917 452 acerque
939 397 1147 449 Gelonus,

136 456 281 502 Quum
300 455 409 510 fugit
428 456 471 496 in
492 455 750 510 Rhodopen,
773 463 900 509 atque
921 456 964 496 in
983 456 1151 497 deserta
1173 455 1395 506 Getarum,

135 513 196 553 Et
216 512 280 554 lac
300 519 543 554 concretum
563 528 659 554 cum
681 513 882 567 sanguine
903 520 1024 568 potat
1045 514 1215 567 equino.

191 569 333 616 Quam
353 569 501 624 procul
522 577 595 611 aut
613 569 727 611 molli
747 570 976 611 succedere
998 572 1151 625 saepius
1173 571 1334 612 umbrae

132 625 318 676 Videris,
341 635 414 668 aut
434 642 614 669 summas
635 634 876 682 carpentem
898 627 1088 682 ignavius
1110 628 1279 678 herbas,

1502 628 1589 668 465

133 683 468 739 Extremamque
489 685 621 739 sequi,
642 692 716 725 aut
735 685 874 726 medio
895 685 1175 739 procumbere
1194 701 1344 741 campo

132 740 396 791 Pascentem,
419 749 463 783 et
482 756 586 783 serae
607 741 738 784 solam
758 741 967 783 decedere
987 743 1126 792 nocti3

132 798 344 840 Continuo
365 798 531 853 culpam
551 798 663 840 ferro
684 813 918 853 compesce,
946 800 1062 852 prius
1083 814 1210 854 quam

133 854 242 896 Dira
261 870 337 910 per
356 856 570 896 incautum
590 862 762 909 serpant
782 856 978 909 contagia
998 856 1164 910 vulgus.

132 911 236 953 Non
255 920 340 953 tam
360 913 509 954 creber
528 927 658 967 agens
679 911 859 953 hiemem
880 912 963 953 ruit
983 927 1155 967 aequore
1175 913 1315 961 turbo,

135 969 278 1016 Quam
297 969 439 1010 multae
458 970 671 1025 pecudum
691 976 856 1024 pestes;

1505 913 1591 954 470

888 984 965 1011 nec
987 969 1151 1025 singula
1171 970 1309 1010 morbi

134 1026 328 1081 Corpora
348 1027 592 1082 corripiunt,
615 1027 690 1068 sed
711 1034 801 1067 tota
821 1026 966 1068 aestiva
986 1034 1175 1082 repente,

134 1083 349 1138 Spemque
371 1098 627 1139 gregemque
649 1082 783 1132 simul,
805 1091 1084 1138 cunctamque
1106 1085 1160 1126 ab
1182 1084 1342 1139 origine
1361 1091 1544 1139 gentem.

133 1139 249 1182 Tum
269 1141 385 1190 sciat,
406 1140 542 1181 a‘erias
564 1139 698 1194 Alpes
719 1147 762 1182 et
782 1140 945 1181 Norica
965 1142 998 1182 si
1019 1142 1113 1195 quis

134 1197 318 1239 Castella
335 1198 379 1238 in
397 1197 580 1245 tumulis,
600 1206 642 1238 et
663 1197 836 1252 Iapydis
856 1211 956 1238 arva
975 1197 1156 1248 Timavi,

1505 1198 1590 1239 475

134 1254 263 1297 Nunc
283 1269 453 1309 quoque
474 1262 571 1310 post
591 1262 708 1297 tanto
730 1254 884 1305 videat,
906 1255 1160 1311 desertaque
1181 1269 1313 1310 regna

131 1361 287 1400 vulgarius
294 1363 554 1400 fervidam—Tum
565 1364 691 1401 profuit,
706 1364 842 1402 prodest.

131 1402 227 1430 —2161
242 1401 365 1431 Bisalcoe
379 1403 524 1436 Thraces,
545 1403 589 1431 cis
608 1403 799 1441 Strymonem
813 1403 843 1432 in

132 1440 320 1470 Macedoniae
341 1441 402 1470 oris
424 1441 606 1476 habitantes,
628 1442 677 1470 alii
692 1442 781 1471 etiam
797 1442 843 1471 ul-

131 1482 178 1507 tra
201 1480 402 1517 Strymonem.
430 1479 535 1509 Geloni
559 1481 597 1509 ad
611 1481 842 1519 Borysthenem,

133 1518 196 1546 vid.
222 1519 259 1547 ad
291 1519 347 1548 Ge.
368 1519 415 1553 II,
442 1520 619 1548 lla—462
641 1519 737 1555 Quum
751 1521 843 1558 snyit,

132 1556 235 1595 simpl.
262 1557 381 1596 migrat,
407 1561 441 1586 ut
463 1558 543 1595 apud
568 1557 744 1592 Horatfflm,
769 1563 800 1587 et
828 1569 845 1588 a

133 1595 324 1634 Borysthene
339 1596 407 1625 inde
420 1606 477 1635 per
492 1597 636 1625 Getarum
649 1597 777 1631 deserta,
800 1597 844 1626 cis

133 1638 163 1663 et
177 1635 256 1664 ultra
271 1635 346 1664 Istri
361 1636 447 1669 ostia,
469 1635 628 1664 descendit
642 1635 672 1663 in
687 1635 843 1664 Thraciam

132 1676 163 1701 et
178 1674 215 1702 ad
233 1674 411 1712 Rhodopen.
437 1674 539 1703 Laetis
553 1674 654 1712 equini
669 1684 740 1702 usus
754 1674 783 1703 in
798 1674 843 1704 his

132 1712 261 1750 aliisque
275 1713 396 1750 populis
411 1717 499 1741 notus
515 1716 572 1741 est.

170 1752 329 1780 464—‹169
350 1752 397 1780 De
415 1751 465 1780 lue
483 1751 642 1790 pecudum.
682 1751 773 1790 Signa
787 1761 842 1790 pe-

131 1789 214 1818 coris
240 1790 319 1818 febri
345 1789 498 1828 pestilenti
530 1790 633 1818 tentati
667 1795 839 1819 enumerat:

133 1827 229 1863 Quam
243 1828 351 1857 videris
364 1833 422 1858 etc.
443 1829 481 1857 ad
495 1829 661 1857 alez—464
682 1828 761 1857 molli
782 1839 842 1858 um-

132 1866 193 1895 ἂνω
206 1877 262 1905 pro
276 1870 381 1905 gratae.
408 1867 623 1896 Permutantur
636 1867 711 1896 enim
725 1868 843 1898 nomina

131 1909 164 1934 et
177 1907 321 1935 attributa
336 1916 475 1935 sensuum
487 1906 608 1944 poetico
620 1916 688 1935 usu.
726 1906 843 1936 Umbrae

131 1948 237 1973 teneroe
255 1948 325 1973 sunt
343 1954 390 1983 ap.
409 1945 550 1983 Propert.
571 1945 600 1979 Ι,
624 1946 671 1973 18.
695 1946 843 1976 21.-467

130 1993 205 2012 serae
217 1983 349 2012 decedere
362 1983 450 2018 nocti,
469 1994 497 2012 v.
515 1983 581 2012 Ecl.
597 1984 695 2019 VIII,
715 1986 764 2014 88.
787 1995 843 2014 ex-

132 2022 275 2060 quisitius
289 2032 324 2051 ac
338 2032 404 2051 sera
417 2026 520 2059 vwcte5
543 2023 587 2051 uti
604 2023 778 2052 adventanti
792 2029 844 2053 aut

132 2061 284 2090 accedenti
297 2061 336 2090 de
351 2061 401 2090 via
414 2061 598 2096 decedimus,
610 2063 678 2092 468.
701 2062 844 2092 Continuo

131 2099 207 2137 culp.
234 2109 298 2129 eam
328 2100 430 2129 statim
455 2100 741 2140 occide—culpam,
772 2102 802 2130 h.
818 2113 846 2131 e.

133 2147 257 2167 causam
285 2139 393 2173 morbi,
439 2139 558 2174 vitium,
593 2144 661 2171 ἄτην
693 2151 844 2178 compesce,

133 2186 250 2212 coerce,
278 2186 313 2205 ne
336 2177 427 2207 latius
452 2182 565 2217 serpat,
582 2180 688 2216 ferr-o,-
722 2180 845 2209 Gratius

135 2215 250 2253 Cyneg.
267 2216 337 2244 410.

173 2255 243 2282 470.
256 2255 312 2282 471
332 2254 488 2284 Infirmum
504 2259 534 2285 et
549 2255 640 2285 variis
655 2257 768 2286 morbis
790 2258 844 2287 ob-

134 2293 259 2321 noxium
303 2302 372 2322 ecus
396 2294 530 2323 ovillum.
578 2295 716 2324 Conferri
742 2300 844 2334 potest

135 2331 233 2360 Varro
250 2303 300 2365 ΙῘῘῘ
319 2332 349 2365 3,
362 2333 391 2359 5.
407 2333 446 2360 8:
467 2333 585 2362 Colum.
600 2334 678 2369 VII,
699 2337 737 2363 5:
762 2335 841 2364 Geo-

134 2380 205 2409 pon.
220 2370 352 2404 XVIII,
364 2371 401 2398 9:
425 2371 548 2401 Gratius
569 2372 682 2411 Cyneg.
702 2375 762 2402 479
776 2384 844 2413 sqq.

133 2409 218 2438 turbo
243 2419 332 2448 aqeus
366 2409 498 2444 hiemem,
529 2412 841 2450 procellas,i1nbres;

134 2457 191 2477 non
208 2452 268 2477 tam
288 2446 398 2482 creber,
421 2449 537 2482 crebro,
559 2449 629 2484 ruit,
651 2450 681 2479 h.
702 2461 761 2480 non
782 2456 843 2480 tam

134 2487 234 2516 crebri
247 2497 281 2516 ac
293 2487 470 2525 frequentes
484 2487 618 2517 turbines
634 2488 664 2517 in
679 2490 753 2519 mari
768 2500 842 2520 exo-

133 2525 261 2555 riuntur.
314 2525 428 2555 Similis
451 2525 536 2554 locus
564 2527 619 2555 Ge.
638 2527 698 2563 IV,
726 2530 774 2558 80.
793 2530 843 2559 81.

135 2564 241 2594 Placet
266 2564 427 2594 admodum
455 2564 545 2593 lectio
580 2565 674 2595 altera
705 2568 843 2597 codicum

135 2611 263 2641 aequora,
283 2604 323 2633 cf·
342 2603 412 2633 AEn.
426 2603 454 2637 I,
480 2604 673 2642 81.—pestes‚
696 2607 842 2636 morbi..-

135 2641 246 2676 aestiva,
266 2646 302 2672 ut
314 2652 345 2671 v.
363 2643 401 2672 64
409 2642 560 2681 pecuaria,
580 2651 636 2680 pro
651 2645 843 2682 gregibus.—

136 2679 195 2708 473
206 2680 348 2720 Spemque
359 2691 545 2720 yreyemque,
559 2685 579 2697 ‘⁴
594 2691 684 2720 agnos
700 2693 768 2712 cum
782 2694 842 2713 ma-

138 2717 278 2747 tribus?
300 2720 436 2749 Servius.

177 2757 236 2787 474
257 2757 330 2787 Tum
356 2758 429 2788 sciat
460 2758 581 2798 aliquis,
618 2760 730 2791 morbis
765 2763 844 2792 totos

883 1373 992 1403 greges
1015 1364 1122 1403 abripi.
1167 1362 1314 1402 Sequitur
1333 1361 1420 1391 locus
1444 1363 1482 1393 de
1505 1367 1592 1402 peste

883 1402 1065 1432 auciumnali
1089 1407 1290 1432 armentorum
1312 1411 1346 1429 ac
1367 1411 1492 1440 gregum
1515 1404 1594 1432 cele-

882 1442 1043 1477 berrimus,
1086 1442 1282 1471 adumbratus
1327 1450 1344 1468 e
1380 1440 1503 1470 Lucret.
1532 1442 1592 1476 VI,

884 1482 962 1510 1130
982 1492 1049 1519 sqq.
1085 1481 1133 1509 Cf.
1155 1480 1340 1518 Hippocrat.
1363 1479 1504 1516 Epidem.
1526 1480 1594 1514 111,

884 1524 959 1549 sect.
986 1521 1016 1549 3.
1048 1519 1123 1556 (etsi
1153 1519 1218 1548 haec
1256 1527 1313 1546 non
1343 1517 1439 1555 pestis
1470 1518 1593 1557 proprie

884 1558 977 1593 dicta,
1012 1559 1067 1587 sed
1103 1558 1185 1594 lues)
1206 1556 1342 1594 Thucyd.
1366 1556 1414 1590 II,
1438 1557 1477 1586 47
1501 1567 1592 1596 sqq-3

884 1600 958 1632 tum,
981 1597 1032 1635 qui
1050 1606 1151 1625 omnes
1171 1595 1329 1625 Maronem
1352 1594 1484 1624 aemulati
1509 1600 1591 1630 sunt,

883 1640 1005 1664 ornatus
1034 1635 1178 1664 varietate
1204 1633 1344 1667 mirabili,
1367 1633 1526 1663 affectibus
1547 1638 1592 1664 ta-

883 1684 949 1703 men
987 1673 1141 1703 movendis
1173 1673 1268 1702 multo
1299 1672 1466 1708 inferiores,
1498 1673 1594 1703 Ovid.

883 1712 961 1742 Met.
995 1713 1072 1746 VII,
1115 1712 1174 1742 518
1213 1721 1301 1750 sqq-t
1344 1711 1452 1740 Silium
1495 1711 1592 1748 XIV,

880 1753 937 1779 581
956 1761 1043 1790 sqq.:
1067 1751 1179 1780 Lucan.
1199 1750 1258 1784 VI,
1282 1751 1321 1778 80
1340 1760 1425 1787 sqq.:
1448 1750 1592 1780 Senecam

881 1790 986 1828 OEdip.
1009 1792 1046 1819 35
1070 1799 1138 1827 sqq.
1159 1788 1240 1818 Add.
1260 1788 1332 1818 AEn.
1354 1788 1421 1822 III,
1447 1790 1504 1818 137
1526 1799 1595 1829 sqq.

882 1828 1123 1867 Comparationis
1142 1827 1231 1865 hujus
1253 1831 1375 1866 gustum
1399 1827 1471 1857 dare
1493 1832 1595 1866 potest

882 1867 1124 1906 Scaligerlib.V.
1137 1865 1280 1895 Poetices
1295 1876 1320 1894 c.
1334 1866 1380 1894 ll.
1397 1865 1458 1895 Hic
1470 1867 1594 1905 quidem

881 1907 1011 1941 mireris,
1032 1906 1106 1945 quid
1131 1905 1314 1943 interpretes
1342 1904 1517 1940 adduxerit,
1548 1910 1595 1941 ut,

881 1950 952 1983 post
971 1946 1121 1979 Servium,
1144 1944 1217 1972 hanc
1237 1947 1353 1982 pestem
1372 1944 1496 1973 eandem
1524 1954 1593 1973 cum

880 1983 943 2019 illa,
972 1995 1039 2023 quae
1065 1983 1281 2022 Peloponnesio
1296 1982 1375 2011 bello
1394 1983 1513 2012 ineunte
1536 1984 1593 2012 At-

882 2023 972 2052 ticam
987 2022 1107 2057 invasit,
1129 2032 1196 2050 esse
1211 2021 1440 2057 existimarent;
1461 2032 1529 2059 quae
1541 2030 1593 2051 res

883 2072 961 2090 novo
975 2061 1070 2090 errori
1082 2062 1179 2089 locum
1193 2060 1292 2094 dedit,
1314 2063 1347 2088 ut
1360 2059 1458 2088 omnia
1472 2060 1595 2098 utrique

883 2101 988 2129 morbo
1003 2100 1079 2129 inter
1093 2098 1228 2128 homiues
1248 2103 1278 2127 et
1297 2097 1411 2126 bestias
1426 2099 1596 2128 communia

884 2149 951 2168 esse
964 2139 1087 2168 vellent.
1127 2137 1280 2174 Respexit
1299 2136 1379 2165 haud
1397 2136 1489 2165 dubie
1503 2138 1595 2174 poeta

885 2178 1011 2207 similem
1027 2177 1156 2215 aliquam
1168 2175 1377 2209 calamitatem,
1391 2178 1456 2203 tum
1471 2175 1593 2214 quidem

884 2217 957 2245 satis
984 2220 1094 2249 notam,
1127 2225 1195 2253 quae
1229 2213 1328 2252 aliquo
1356 2217 1492 2252 tempore
1526 2218 1595 2244 ante

883 2255 1013 2284 maxime
1024 2254 1170 2283 afflixerat
1183 2253 1341 2286 Noricum,
1355 2252 1385 2281 h.
1396 2257 1503 2287 terras,
1519 2263 1594 2291 quas

883 2304 960 2323 nunc
971 2294 1163 2332 episcopatus
1175 2290 1400 2329 Salzburgicus,
1413 2302 1518 2331 magna
1530 2293 1595 2322 Au-

883 2333 967 2362 striae
981 2342 1050 2371 pars
1070 2342 1137 2361 cum
1158 2330 1249 2360 Stiria
1266 2334 1295 2359 et
1317 2329 1482 2365 Carinthia,
1503 2340 1592 2359 occu-

882 2371 1081 2410 pate-aerias
1102 2370 1198 2408 Alpes
1220 2372 1318 2403 vocat,
1344 2373 1492 2407 perpetuo
1509 2379 1593 2398 mon—

882 2411 956 2439 tium
976 2407 1275 2448 epitheta—Notion
1296 2407 1413 2436 castella
1431 2408 1460 2436 in
1477 2408 1593 2437 tumulis

883 2459 940 2477 non
955 2459 1022 2477 esse
1038 2451 1166 2487 possunt
1178 2448 1246 2476 loca
1259 2445 1391 2484 munita;
1411 2456 1476 2476 nam
1491 2447 1593 2491 agitur

882 2489 920 2517 de
936 2488 1078 2516 armentis
1092 2491 1123 2516 et
1136 2485 1298 2525 gregibus:
1320 2485 1374 2514 sed
1393 2485 1592 2515 habitationes

882 2527 912 2555 in
925 2526 1002 2555 locis
1016 2525 1118 2559 editis,
1131 2525 1264 2563 adeoque
1278 2523 1372 2558 villae,
1383 2524 1454 2559 vici,
1466 2524 1494 2553 in
1509 2534 1591 2553 mon-

882 2566 975 2595 tibus.
996 2565 1040 2594 H.
1060 2563 1196 2592 Montani
1215 2564 1244 2592 in
1265 2562 1390 2591 castellis
1408 2563 1592 2596 habitabant,

883 2608 917 2633 ut
929 2603 1053 2642 Alpium
1068 2602 1187 2637 incolae,
1207 2601 1371 2631 secundum
1386 2602 1457 2631 Liv.
1470 2603 1519 2634 21,
1540 2602 1591 2630 33.

887 2643 1034 2673 HJK—175
1052 2642 1215 2674 Timavum,
1229 2640 1354 2669 fluvium
1368 2640 1397 2670 in
1414 2640 1476 2669 oris
1490 2641 1589 2668 Vene-

885 2686 994 2716 torum,
1020 2691 1037 2710 a
1062 2680 1170 2709 vicinis
1195 2679 1364 2718 Iapydibns‚
1395 2678 1510 2716 Illyrici
1535 2688 1590 2716 po-

882 2720 966 2759 pulo,
987 2719 1161 2758 appellavit.
1173 2728 1202 2747 ν.
1216 2719 1253 2747 ad
1267 2718 1335 2748 Ecl.
1348 2717 1443 2751 VIII,
1461 2717 1590 2746 6.-476

882 2769 972 2798 reyna
980 2763 1145 2798 pastorum,
1168 2767 1266 2797 agrOS,
1286 2761 1390 2787 notum
1407 2755 1454 2785 vel
1469 2765 1509 2785 ex
1525 2755 1591 2785 Ecl.
