1796 3077
548 198 885 238 Gssoncicon.
940 196 1040 239 Lm.
1097 198 1128 239 1.
1491 211 1548 256 87

104 319 304 374 Add‚e1·e;
334 335 445 362 nona
459 320 571 377 fugae
590 320 747 372 melior,
779 320 986 363 contraria
1005 321 1140 364 furtis.

162 378 301 420 Multa
329 378 436 420 adeo
464 378 604 433 gelida
622 377 767 420 melius
784 393 828 419 se
849 386 972 420 nocte
999 379 1169 430 dedere,

104 431 195 476 Aut
213 450 342 489 quum
370 434 457 477 sole
477 450 586 476 novo
605 443 737 477 terras
756 435 908 476 irrorat
928 435 1063 478 Eous.

104 491 245 533 Nocte
266 491 377 534 leves
396 491 542 533 melius
562 491 741 547 stipulae,
763 498 887 532 nocte
909 492 1027 534 arida
1045 500 1170 548 prata

103 547 376 599 Tondentur3
407 556 551 591 noctes
565 548 703 590 lentus
723 562 808 589 non
825 547 969 590 deficit
988 549 1155 592 humor.

1468 551 1553 591 290

103 604 164 646 Et
182 605 353 659 quidam
373 620 488 647 seros
505 605 675 647 hiberni
690 605 744 646 ad
762 604 928 646 luminis
948 606 1069 660 ignes

103 661 345 717 Pervigilat,
366 662 562 717 ferroque
583 662 695 704 faces
716 662 894 715 inspicat
910 670 1056 714 acuto;

103 718 272 760 Intenea
290 719 462 774 longum
482 727 608 761 cantu
628 718 761 760 solata
779 717 966 760 laborem

101 774 270 831 Arguto
291 778 446 831 conjux
468 776 676 830 percurrit
695 775 862 830 pectine
877 775 996 826 telas,

99 831 192 875 Aut
205 831 339 874 dulcis
360 833 486 874 musti
502 831 696 874 Vulcano
717 831 918 884 decoquit
938 832 1155 872 humorem

1469 833 1552 874 295

101 888 162 930 Et
180 888 287 930 foliis
307 890 464 931 undam
484 888 640 943 trepidi
661 888 886 941 despumat
905 887 1043 929 aheni.

156 945 218 987 At
236 946 472 988 rubicunda
493 945 621 988 Ceres
642 944 779 986 medio
800 944 1030 986 succiditur
1049 952 1168 995 aestu,

137 1025 197 1055 286
215 1026 320 1055 Nonus
334 1025 400 1055 dies
416 1026 512 1055 servis
527 1025 661 1064 fugitivis
679 1026 805 1054 faustus.
836 1024 931 1060 faces.
954 1025 992 1053 cf.
1014 1025 1093 1053 Plin.
1116 1024 1248 1058 XVIII,
1269 1025 1325 1054 63:
1351 1023 1467 1053 Colum.
1489 1024 1554 1060 XI,

100 1075 242 1103 quorsum
269 1065 344 1094 hoc?
384 1064 505 1093 Scilicet
530 1064 697 1093 cautionem
726 1067 805 1091 tanto

99 1105 239 1140 majorem
257 1104 406 1132 adhibebit
425 1113 460 1131 eo
479 1103 525 1132 die
541 1103 664 1141 diligens
679 1102 805 1139 paterfa-

101 1142 209 1177 milias,
230 1146 263 1171 ut
277 1146 377 1170 contra
387 1142 424 1170 de
435 1142 522 1170 furtis
534 1152 588 1169 non
600 1141 727 1169 sollicito
739 1150 805 1168 esse

99 1181 187 1215 licet;
207 1185 253 1209 est
267 1181 343 1209 enim
356 1180 382 1209 is
395 1181 459 1209 dies
473 1180 588 1209 furibus
606 1190 661 1208 non
679 1181 804 1208 faustus.

137 1220 293 1248 287—296
313 1220 387 1248 Sunt
404 1219 491 1247 etiam
508 1222 597 1247 noctu
619 1218 665 1247 vel
690 1227 804 1246 summo

99 1267 182 1287 mane
211 1257 350 1286 nonnulla
377 1256 538 1286 tractanda.
578 1257 635 1286 287
666 1257 749 1285 Dare
777 1266 806 1284 se

97 1296 150 1324 alii
171 1296 282 1326 dicitur
303 1296 340 1331 is,
363 1296 413 1334 qui
435 1297 471 1324 ad
491 1297 555 1334 ejus
573 1296 754 1324 voluntatem
775 1306 806 1323 se

102 1336 313 1369 accommodat,
343 1335 534 1373 gratificatur,
564 1334 707 1363 concedit.
747 1333 807 1361 Res

97 1373 166 1403 dant
180 1384 221 1408 se,
242 1378 276 1402 ut
290 1384 354 1402 sese
369 1374 506 1408 offerunt,
529 1377 696 1402 occurrunt.
717 1372 767 1400 Sic
779 1376 808 1400 et

97 1412 193 1447 locus,
226 1412 353 1447 occasio,
386 1416 504 1450 tempus
534 1422 564 1440 se
591 1412 658 1439 dare
687 1411 808 1439 dicitur.

98 1451 163 1480 Dat
175 1461 204 1480 se
218 1456 248 1480 et
259 1451 342 1485 illud,
365 1451 444 1489 quod
458 1450 619 1489 impulsum
630 1450 749 1479 inclinat
762 1459 804 1484 se,

97 1487 240 1524 flectitur,
267 1490 356 1518 cedit.
396 1489 503 1527 Itaque
525 1493 555 1517 et
576 1489 604 1517 h.
626 1489 646 1516 l.
669 1488 756 1516 multa
778 1499 807 1516 se

95 1528 242 1563 dederunt,
255 1529 282 1557 h.
299 1528 369 1557 dare
386 1528 488 1562 solent,
501 1528 629 1556 offerunt
646 1536 688 1560 se,
704 1526 807 1564 perlici

95 1573 126 1596 et
138 1567 238 1606 peragi
253 1570 388 1605 possunt.
428 1565 550 1595 Servius
563 1576 568 1593 ;
597 1564 695 1592 melius
709 1568 806 1592 nostro

96 1605 287 1645 obsequuntur
305 1605 506 1633 labori.-2SS
526 1605 619 1636 Eous,
641 1606 717 1634 ἡῶος.
740 1602 806 1631 scil.

95 1648 181 1680 ἀστὴρ
194 1653 329 1680 εωσφορος
342 1653 395 1681 pro
408 1643 556 1676 Lucifero,
571 1646 658 1679 atque
671 1642 742 1669 adeo
755 1651 809 1678 pro

97 1688 165 1712 ortu
184 1683 420 1712 lucis—irrorat
439 1686 544 1714 terras,
566 1681 635 1718 quia
657 1679 733 1708 aeris
755 1680 808 1707 hu-

96 1732 160 1750 mor
173 1721 238 1750 etin
249 1721 347 1749 herbis
358 1729 406 1748 ros
419 1720 474 1748 sub
491 1728 610 1747 sensum
621 1718 700 1747 venit
714 1728 806 1752 mane,

96 1760 144 1788 die
160 1766 242 1789 orto:
266 1768 332 1788 nam
355 1757 441 1787 solem
461 1767 563 1787 novum
584 1757 685 1786 dicunt
707 1757 805 1794 poetzc

97 1808 151 1836 pro
165 1798 286 1827 oriente.

134 1838 194 1866 289
206 1836 319 1875 stipuloe
330 1845 388 1874 quo
400 1845 488 1864 sensu
500 1833 680 1872 accipiendae
693 1836 803 1867 essent,

97 1875 280 1904 dubitabam.
319 1874 352 1902 Si
385 1874 422 1902 de
455 1874 612 1907 frumento,
647 1872 804 1900 ridebatur

95 1923 258 1953 repugnare
282 1923 310 1941 ν.
338 1913 407 1941 297.
447 1912 550 1941 Altera
577 1921 614 1939 ex
640 1916 724 1948 parte
751 1911 802 1939 vix

95 1953 168 1982 bene
183 1956 319 1991 poterant
332 1949 444 1989 stipulae
458 1955 487 1979 et
495 1954 584 1988 prata
598 1950 635 1979 de
650 1949 750 1978 eadem
772 1960 803 1978 re

96 1990 175 2020 dicta
200 1991 307 2029 accipi.
336 1990 400 2025 (cui
434 1989 573 2027 repetitio
604 1992 803 2016 nocte-*norm

97 2030 169 2058 satis
182 2031 293 2058 obstat.
314 2026 383 2067 W.)
404 2028 452 2057 De
466 2028 544 2056 foeno
561 2026 652 2055 Plinii
669 2026 801 2060 XVIII,

96 2068 134 2096 67
156 2078 181 2096 s.
204 2069 234 2098 4,
275 2067 398 2103 Quidum
413 2066 509 2105 pridie
529 2066 638 2104 rigant,
665 2065 713 2093 uhi
736 2069 803 2093 sunt

96 2105 191 2145 riqiza.
223 2105 364 2135 Noctibus
375 2105 495 2134 roscidis
504 2102 715 2137 secart'melius‚
736 2104 804 2142 quia

97 2153 141 2173 sc.
161 2149 261 2174 noctes
280 2148 349 2173 sunt
366 2144 505 2173 humidae.
545 2143 684 2181 EtpraIa
699 2143 736 2170 ad
749 2143 803 2170 ϊω-

97 2182 237 2211 nicidium
262 2187 405 2221 spectant.
445 2181 579 2220 Denique
603 2181 739 2210 volebam
766 2181 804 2209 ad

96 2221 246 2259 legumina
274 2221 393 2255 referre,
416 2224 451 2249 nt
478 2220 594 2249 Colum.
616 2220 663 2254 II,
685 2220 734 2251 10,
756 2221 803 2248 12.

96 2258 175 2288 idem
187 2260 243 2288 hoc
257 2259 293 2288 de
307 2259 373 2287 saba
387 2260 511 2287 secanda
529 2258 676 2297 praecipit.
716 2258 804 2286 Nunc

96 2298 184 2327 video
205 2298 233 2326 in
258 2297 377 2334 stipulis
397 2297 534 2326 frumenti
552 2307 617 2326 esse
639 2297 803 2334 persisten-

98 2337 186 2372 dum3
208 2336 274 2365 vide
298 2335 335 2363 ad
360 2345 388 2363 v.
409 2336 476 2365 297.
516 2335 570 2364 Vir
593 2336 684 2369 doct.,
712 2335 804 2363 Voss.

98 2375 195 2414 operis
210 2374 313 2403 rustici
326 2373 500 2411 intelligens,
522 2374 558 2402 ad
578 2383 689 2402 morem
704 2374 805 2408 refert,

98 2423 157 2452 quo
179 2417 248 2452 post
267 2416 399 2441 resectos
419 2412 531 2440 culmos
551 2412 664 2440 relictae
686 2412 723 2441 sti
747 2411 805 2440 ulae

99 2452 194 2481 serius
210 2456 358 2480 secantur.
399 2449 466 2485 Qua
481 2450 517 2478 de
534 2460 565 2478 re
584 2450 613 2478 in
629 2450 694 2479 loco
741 2451 804 2479 olu-

97 2490 194 2519 mellae
209 2500 248 2519 ex
262 2490 307 2519 his
323 2498 384 2517 vss.
404 2497 547 2525 expresso
564 2488 611 2522 II,
626 2489 673 2517 18.
688 2490 733 2517 19.
754 2489 806 2517 20.

98 2529 137 2557 nil
152 2528 280 2567 reperio.
321 2528 505 2556 Meum-satur
517 2530 615 2554 tamen
634 2527 692 2555 ista
710 2537 804 2556 mess-

98 2567 172 2595 ionis
192 2568 266 2596 ratio
288 2566 363 2595 inter
382 2565 470 2594 trinas
491 2564 519 2592 in
535 2565 632 2593 media
645 2565 731 2594 Italia
746 2567 806 2594 usi-

100 2610 187 2640 tatas,
208 2605 305 2634 Varro
322 2606 348 2639 1,
370 2605 419 2632 50.

137 2644 196 2672 292
216 2644 297 2679 Quid
311 2643 390 2681 quod
404 2643 474 2670 adeo
491 2641 625 2669 hibernas
646 2646 744 2669 noctes
763 2643 804 2669 la-

99 2682 164 2710 bori
183 2682 353 2718 impendunt
371 2691 425 2709 non
445 2679 516 2707 nulli
535 2678 735 2717 diligentiores
755 2690 805 2717 pa-

101 2720 298 2749 tresfiunilias.
333 2720 398 2748 Eel.
420 2718 514 2755 vlu,
536 2718 805 2747 215710t·118i1=c.·'‹le.’⁴e

845 1063 874 1093 2,
896 1065 944 1092 90.
966 1064 1107 1101 inspicare
1139 1064 1260 1092 novavit
1283 1065 1382 1102 poe'ta,
1406 1068 1440 1092 ut
1463 1064 1502 1092 sit
1524 1065 1553 1092 in

846 1101 936 1138 spicae
953 1102 1086 1135 sormam,
1108 1102 1135 1130 in
1150 1107 1264 1130 acutam
1281 1102 1432 1140 cuspidem
1456 1103 1553 1131 conci-

845 1140 924 1168 dere.
938 1140 981 1168 H.
1000 1142 1057 1169 294
1069 1145 1189 1177 arqutus
1197 1145 1299 1179 pecten
1309 1145 1364 1174 est,
1378 1141 1444 1178 quis
1461 1140 1553 1169 trido-

844 1187 905 1206 rem
920 1178 994 1207 inter
1010 1180 1167 1208 texendum
1181 1179 1252 1208 edit.
1294 1179 1362 1208 Hoc
1376 1189 1478 1207 verum
1490 1189 1556 1208 esse

845 1216 1125 1246 docetidemversus
1137 1217 1290 1252 AEnXH,
1302 1219 1346 1246 14.
1355 1218 1404 1246 ubi
1414 1218 1472 1245 vid.
1482 1218 1555 1247 Not.

846 1255 882 1283 cf.
901 1256 1030 1284 Brunck.
1057 1257 1093 1285 ad
1116 1256 1269 1294 Aristoph.
1292 1256 1366 1284 Ran.
1390 1257 1476 1285 1316.
1497 1256 1554 1285 tela

846 1298 892 1322 est
914 1300 1037 1329 stamen,
1059 1295 1107 1323 cui
1128 1295 1270 1323 intexitur
1291 1296 1453 1323 subtemen.
1495 1295 1553 1324 Pa-

846 1337 889 1361 tet
903 1332 1001 1371 itaque
1017 1344 1054 1362 ex
1069 1334 1124 1362 hoc
1139 1344 1239 1367 versu,
1255 1333 1433 1362 rusticorum
1449 1333 1476 1361 in
1490 1333 1553 1362 Ita-

846 1370 885 1398 lia
896 1372 1130 1400 matresfamilias
1145 1376 1273 1400 textura·
1286 1372 1410 1400 telarum
1422 1381 1553 1402 vacasse.

846 1410 942 1438 —2'05
974 1411 1029 1439 Ge.
1058 1411 1114 1444 IV,
1144 1412 1212 1439 268.
1240 1410 1301 1448 iyni
1319 1409 1441 1449 pinyuia
1464 1410 1553 1439 multo

848 1448 987 1486 Defruta.
1028 1448 1137 1477 Sedula
1150 1449 1178 1477 in
1190 1449 1278 1478 van‘is
1298 1458 1314 1477 e
1332 1453 1429 1477 musto
1444 1449 1556 1477 defruti

848 1488 1002 1524 generibus
1017 1487 1201 1515 conficiendis
1223 1491 1359 1515 veterum
1384 1486 1440 1515 fuit
1454 1496 1554 1524 opera.

846 1534 875 1552 v.
903 1526 981 1553 I'lin.
1012 1525 1148 1558 XXIII,
1181 1526 1227 1553 18.
1253 1525 1347 1552 XIV.
1368 1526 1415 1552 11.
1437 1524 1553 1554 Colum.

847 1562 929 1595 XII,
949 1574 974 1591 c.
991 1564 1113 1591 lit—21
1137 1563 1234 1591 humor
1250 1563 1335 1590 musti
1347 1563 1465 1600 poetica
1476 1564 1554 1601 peri-

868 1600 973 1629 hrasis.
1014 1600 1106 1629 Dulce
1134 1605 1253 1629 mustum
1282 1601 1382 1630 laudat
1412 1601 1554 1637 Quinctil.

870 1639 944 1675 HI,
968 1641 996 1673 2,
1021 1640 1182 1668 10.-ιιη([α
1197 1643 1242 1668 est
1257 1644 1387 1668 mustum
1401 1640 1556 1669 ebulliens.

847 1677 891 1705 H.
908 1679 1094 1715 Decoquere,
1116 1678 1144 1706 h.
1162 1679 1312 1716 coquendo
1333 1678 1498 1707 absumere.
1519 1680 1555 1708 S.

847 1716 944 1745 ——290
965 1716 1104 1753 trepidum
1126 1717 1257 1749 ahenum,
1278 1717 1397 1754 proprie
1422 1721 1552 1746 mustum

846 1759 891 1782 est
919 1754 1078 1792 trepidum,
1098 1754 1186 1792 ¹quia,
1217 1755 1296 1792 quod
1322 1754 1437 1789 ebullit,
1472 1754 1556 1794 quasi

845 1798 969 1826 tremere
993 1793 1121 1821 videtur.
1163 1793 1232 1822 [En.
1263 1793 1339 1826 VII,
1360 1793 1418 1821 463
1443 1794 1554 1822 undans

844 1831 972 1859 ahenum.
996 1832 1112 1860 Fronde
1125 1836 1233 1865 autem,
1256 1832 1380 1860 fortasse
1389 1832 1556 1870 pampinea,

845 1880 979 1908 spumam
1001 1871 1145 1903 auserunt,
1167 1870 1237 1898 dum
1253 1870 1403 1898 defrutum
1416 1871 1535 1900 faciunt.

883 1910 939 1937 297
963 1909 1095 1937 Mes-sem
1110 1909 1150 1937 ait
1165 1919 1230 1937 esse
1247 1909 1398 1937 secandam
1414 1914 1444 1937 et
1460 1914 1553 1938 teren-

843 1947 909 1975 dam
926 1948 1015 1976 medio
1029 1952 1110 1975 (estu.
1150 1947 1238 1976 Ha—si
1249 1947 1277 1975 in
1290 1947 1362 1983 l10c3
1377 1947 1555 1986 accipiebam

844 1986 881 2014 de
908 1986 1004 2014 medio
1031 1986 1088 2019 die,
1121 1990 1155 2014 ut
1181 1985 1350 2024 oppositum
1378 1992 1468 2014 esset.
1496 1988 1555 2016 289

843 2024 935 2052 Nocte
957 2024 1033 2053 leves
1057 2024 1178 2061 stipulam
1220 2024 1306 2052 Conf.
1330 2024 1388 2058 IV,
1408 2025 1476 2053 401.
1497 2035 1554 2054 me-

842 2062 902 2090 dios
918 2067 1005 2091 (estus
1021 2067 1051 2091 et
1072 2063 1138 2095 III,
1161 2063 1228 2090 154.
1252 2067 1281 2091 et
1305 2063 1372 2090 331.
1414 2063 1463 2091 Ita
1484 2073 1555 2092 vero

845 2111 898 2130 cur
932 2101 1023 2129 medio
1055 2100 1314 2138 potissimum‘die
1342 2105 1421 2128 esset
1445 2106 1554 2130 meten-

844 2140 925 2174 dum,
956 2140 1137 2174 ignorrxbznn.
1189 2139 1267 2167 Nam
1301 2138 1453 2167 Hesiodus
1486 2141 1555 2169 571.

845 2188 910 2216 sqq.
947 2175 1007 2215 jain
1044 2188 1125 2206 mane
1160 2178 1337 2215 surgendum
1372 2181 1402 2206 et
1442 2182 1554 2207 meten·

844 2217 913 2245 (lum
929 2227 994 2245 esse
1010 2220 1116 2245 monet.
1158 2216 1197 2244 Et
1220 2216 1343 2244 Theocr.
1368 2215 1412 2249 X,
1437 2218 1484 2245 50.
1505 2219 1555 2252 51,

844 2255 940 2284 medio
970 2255 1017 2284 die
1053 2254 1261 2292 quiescendum
1299 2263 1364 2282 esse
1406 2254 1556 2293 praecipit.

843 2295 997 2323 Praeterea
1032 2293 1133 2331 fruges
1170 2293 1225 2321 sub
1268 2291 1432 2323 diluculum
1471 2294 1554 2323 colli-

841 2333 966 2371 ligendae
997 2336 1074 2360 sunt.
1101 2332 1138 2360 ct'.
1166 2332 1296 2369 Geopon.
1328 2331 1375 2364 II,
1411 2332 1460 2360 25.
1499 2333 1555 2361 vi-

844 2372 874 2399 di
906 2370 1004 2408 itaque
1037 2370 1125 2399 medio
1152 2374 1223 2398 cestu
1258 2379 1323 2398 esse
1355 2369 1554 2408 accipiendum

845 2410 881 2438 de
903 2409 999 2437 media
1022 2413 1137 2439 mstate.
1165 2418 1222 2446 qua
1244 2417 1369 2436 messem
1392 2408 1554 2437 faciendam

846 2458 912 2476 esse
926 2452 1041 2475 monent
1054 2453 1083 2475 et
1097 2447 1144 2475 alii
1166 2451 1195 2475 et
1211 2445 1338 2475 Hesiod.
1363 2447 1431 2475 575.
1454 2451 1507 2481 ὥρη
1527 2450 1556 2476 ἐν

846 2489 961 2519 ἀμητοῦ,
975 2488 1019 2513 ὅτε
1034 2488 1055 2512 τ’
1072 2488 1160 2516 ἠέλιος
1172 2489 1240 2518 χρόα
1255 2488 1349 2521 κάρφει
1363 2485 1434 2519 (non
1447 2488 1552 2526 κτὶρφῃ)

845 2529 915 2553 oestu
932 2528 1029 2552 antem
1046 2523 1145 2557 medio,
1168 2528 1283 2557 aestate,
1303 2528 1337 2552 ut
1358 2523 1423 2552 Ecl.
1446 2523 1492 2557 X,
1517 2526 1554 2553 03

838 2561 1002 2602 sriqorihus
1021 2562 1128 2594 mediis,
1148 2561 1244 2590 hieme
1264 2562 1369 2590 media.
1396 2562 1440 2590 H.
1481 2563 1553 2590 Inde

844 2614 859 2632 a
887 2613 910 2629 ν.
936 2602 1003 2628 287.
1025 2604 1211 2637 praeceperat
1230 2600 1268 2629 de
1292 2600 1442 2629 laboribus
1463 2600 1554 2627 nocti-s

844 2640 949 2670 mli-„w
971 2640 1039 2668 2520.
1061 2638 1185 2666 hiberum
1207 2640 1276 2668 291.
1316 2639 1382 2668 Jam
1404 2637 1473 2676 qnid
1493 2637 1553 2665 luce

846 2678 968 2713 singulis
995 2676 1060 2705 anni
1085 2677 1231 2715 partibus.
1251 2681 1349 2705 aestale
1373 2678 1440 2704 297.
1464 2675 1557 2703 hieme

846 2720 913 2747 300.
930 2719 1079 2745 “uetudine
1092 2721 1119 2744 et
1134 2725 1197 2744 vere
1209 2717 1264 2745 311
1280 2726 1344 2752 sqq.
1360 2714 1500 2751 agendum
1516 2714 1555 2743 sit
