1796 3077
161 230 257 276 252

593 229 637 267 P.
669 225 901 265 VIRGILII
934 226 1182 265 MAHONIS

163 346 362 388 Crateras
377 361 548 402 magnos
569 354 770 395 statuunt,
785 356 826 388 et
848 348 943 390 vina
960 355 1175 388 coronant.

163 403 234 446 Fit
253 405 451 459 strepitus
473 404 606 452 tectis,
622 418 850 459 vocemque
867 419 942 459 per
963 403 1102 458 ampla
1122 404 1309 446 volutant

167 459 314 511 Atria3
346 461 587 515 dependent
606 459 748 513 lychni
768 461 1036 515 laquearibus
1056 462 1194 502 aureis

166 517 344 565 Incensi,
365 525 407 558 et
427 524 593 558 noctem
613 516 789 559 flammis
810 518 968 560 funalia
988 518 1173 559 vincunt.

164 574 251 617 Hic
272 575 418 628 regina
437 588 608 629 gravem
628 576 801 629 gemmis
822 590 1011 631 auroque
1031 576 1227 630 poposcit

163 630 442 685 Implevitque
461 646 577 672 mero
596 639 798 686 pateram,
820 648 945 687 quam
968 632 1113 682 Belus,
1134 640 1176 674 et
1196 647 1340 674 omnes

164 687 207 730 A
229 687 335 729 Belo
356 687 486 737 soliti3
518 695 607 729 tum
626 689 738 731 facta
758 689 920 731 silentia
941 690 1084 731 tectis:

162 743 344 799 Jupiter,
365 744 602 800 hospitibus
623 761 717 787 nam
736 754 777 788 te
796 748 898 788 dare
913 747 1010 802 jura
1030 746 1274 801 loquuntur,

164 801 294 843 Hune
315 801 457 843 laetum
477 802 702 858 Tyriisque
722 805 833 846 diem
853 804 1072 859 Trojaque
1093 803 1291 858 profectis

163 858 273 899 Esse
294 858 408 908 velis,
432 868 681 914 nostrosque
701 861 827 916 hujus
849 862 1083 902 meminisse
1103 861 1300 901 minores.

160 915 290 957 Adsit
310 915 464 957 laetitiae
487 917 683 959 Bacchus
705 919 841 968 dator,
863 925 905 960 et
924 919 1035 960 bona
1056 917 1185 959 Juno.

163 972 224 1014 Et
243 987 331 1022 vos,
353 988 391 1022 o,
414 981 583 1023 coetum,
606 974 726 1029 Tyrii
748 975 958 1017 celebrate
982 975 1185 1016 faventes.

158 1101 289 1139 primum
309 1101 450 1139 epulandi
476 1101 539 1130 finis
562 1106 607 1131 est
634 1102 742 1131 factus.
786 1103 861 1131 Nam

159 1140 259 1169 libatio
273 1141 309 1169 ad
324 1141 410 1169 finem
426 1150 518 1169 coenae
534 1141 633 1175 fiebat,
653 1152 681 1169 v.
695 1142 731 1170 ad
748 1152 777 1170 V.
795 1143 863 1171 705.

159 1179 258 1207 VIII.
271 1181 337 1208 18⁷1.
353 1184 383 1208 et
396 1180 463 1208 273.
477 1180 545 1208 279.
559 1181 627 1208 280.
643 1180 682 1208 cf.
699 1189 766 1218 sup.
781 1181 818 1209 ad
834 1191 864 1209 v.

159 1218 337 1247 216.-7:‘.²4.
351 1219 390 1246 cf.
405 1217 441 1246 Il.
457 1232 484 1252 cz,
497 1219 564 1246 469.
578 1219 647 1246 470.
687 1219 864 1248 Meminisse

160 1260 260 1285 autem
281 1266 404 1285 necesse
423 1260 470 1284 est
491 1266 529 1284 ex
550 1256 695 1291 Horuem,
716 1258 807 1285 statui
829 1258 866 1287 ad

161 1304 277 1323 coenam
288 1295 400 1333 majora
412 1305 493 1328 vasa,
504 1298 647 1328 crateras,
659 1302 689 1326 et
703 1296 866 1325 minoribus

159 1332 279 1371 poculis
292 1343 330 1362 ex
354 1333 391 1362 iis
406 1333 513 1361 hausta
532 1333 599 1362 vina
625 1334 766 1363 distribui
789 1335 867 1364 inter

161 1371 296 1410 singulos
308 1372 460 1406 convivas,
473 1372 553 1409 apud
568 1373 735 1401 Homerum
745 1373 865 1411 quidem

162 1421 218 1449 per
230 1420 396 1448 praecouem
412 1411 449 1438 ad
464 1410 598 1448 singulos
613 1412 756 1440 eorvivas
778 1422 864 1441 acce-

160 1449 294 1482 dentem,
310 1460 340 1479 v.
356 1460 383 1477 c.
406 1449 467 1478 Od.
484 1452 509 1477 θ.
526 1449 554 1477 in
570 1449 689 1478 Alcinoi
713 1451 865 1485 convivio,

160 1488 242 1526 quod
266 1487 412 1526 Virgilius
435 1488 580 1526 respexit.
620 1489 770 1517 Sedebant
788 1490 865 1519 enim

160 1526 298 1555 oonvivae
320 1527 349 1555 in
378 1526 463 1555 soliis
486 1526 634 1564 parletem
657 1528 865 1564 ambientibus,

161 1569 194 1594 et
224 1565 387 1604 unicuique
419 1566 625 1604 apponebatur
665 1576 767 1595 mensa
799 1578 866 1596 cum

159 1604 237 1633 cibo.
284 1605 351 1634 Jam
376 1604 443 1632 vina
469 1609 620 1639 coronant,
648 1615 707 1643 quo
735 1615 824 1635 sensu
851 1618 868 1635 a

161 1644 252 1680 poeta
265 1643 378 1672 dictum
397 1643 447 1678 sit,
469 1643 602 1672 dubitari
627 1648 738 1682 potest.
779 1645 810 1673 Si
831 1646 868 1674 ad

162 1682 291 1710 Homeri
311 1682 420 1716 locum,
444 1682 522 1710 unde
537 1682 653 1720 reliqua
674 1683 770 1720 petita
789 1689 867 1718 sunt,

160 1721 382 1759 respiciendum
397 1724 455 1755 est,
471 1725 544 1755 turn,
567 1721 592 1749 si
607 1726 737 1755 κρητῆρας
753 1724 867 1751 ἐπεστέ-

162 1764 253 1791 ψαντο
272 1763 369 1788 ποτοῖο
389 1768 567 1797 expressum
585 1764 642 1794 est,
665 1760 752 1789 aliter
778 1771 867 1798 quam

159 1797 197 1827 de
211 1798 344 1836 impletis
363 1807 458 1834 usque
480 1797 518 1825 ad
533 1807 585 1825 ora
601 1798 718 1834 poculis
739 1799 867 1837 intelligi

160 1837 275 1880 nequit.
315 1836 366 1864 Sic
395 1835 484 1864 Iliad.
513 1838 539 1869 0,
561 1836 630 1869 232,
653 1836 705 1864 ubi
725 1837 762 1865 de
780 1839 868 1874 copia

161 1874 222 1903 cibl
236 1878 403 1913 potusque:
426 1877 548 1902 πίνοντες
560 1877 689 1908 κρητῆρας
703 1877 867 1911 ἐπιστεφέας

161 1916 257 1942 οἴνοιο.
302 1913 380 1942 Vina
399 1916 461 1940 tuin
484 1912 566 1942 diota
587 1918 656 1941 sunt
670 1923 722 1951 pro
741 1914 868 1951 poculis,

159 1960 287 1989 quorum
298 1961 380 1981 oram
394 1951 497 1986 ambit,
510 1954 617 1987 στέφει,
631 1951 730 1980 vinum
745 1953 869 1989 largiter

160 1989 302 2019 infusum.
325 1990 395 2020 Alia
409 1990 617 2028 interpretatio
641 1994 689 2019 est
710 1990 805 2019 minus
821 2002 866 2020 re-

160 2029 291 2063 condita,
316 2032 351 2057 ut
376 2028 487 2066 pocula
509 2028 567 2057 sint
594 2033 746 2062 coronata,
777 2030 865 2059 sertis

160 2066 322 2104 impositi&
364 2068 413 2096 De
439 2067 486 2095 his
514 2067 635 2096 corollis
658 2068 789 2106 cogitare
816 2068 865 2097 he-

159 2105 233 2134 roici
247 2106 392 2143 temporis
405 2115 469 2134 mos
490 2115 546 2133 non
560 2106 684 2144 patitur,
698 2107 738 2135 cf.
758 2107 866 2136 Athen.

160 2144 188 2179 I,
206 2146 254 2173 15.
294 2145 342 2173 De
356 2144 496 2182 sequiore
510 2154 581 2173 vero
596 2155 662 2174 aevo
676 2155 731 2174 non
747 2146 864 2174 dubita-

160 2186 220 2217 tur,
241 2187 273 2212 ut
286 2184 399 2222 Georg.
414 2183 460 2218 II,
475 2184 545 2212 528.
557 2183 639 2212 Socii
651 2188 766 2213 cratera
785 2195 865 2213 coro-

160 2225 241 2250 nant.
282 2222 353 2251 Hoc
367 2222 393 2251 si
411 2226 560 2256 tenemuS,
580 2222 750 2257 dicendum,
765 2223 867 2252 Maro-

159 2269 226 2288 nem
239 2260 380 2289 maluisse
394 2270 506 2290 morem
526 2260 573 2289 sui
587 2262 729 2299 temporis
747 2262 865 2297 inferre,

160 2307 249 2336 quarn
269 2299 422 2337 antiquum
441 2299 586 2336 retinere;
608 2301 688 2338 quod
712 2301 866 2329 manifesto

160 2337 231 2365 fecit
254 2336 308 2366 lib.
335 2338 399 2373 III,
418 2339 488 2367 525.
530 2339 603 2367 Tum
619 2343 705 2378 pater
725 2339 867 2368 Anchises

159 2385 292 2413 „azynum
304 2381 419 2405 cratera
438 2387 546 2406 corona
558 2376 668 2412 Induit,
685 2377 865 2417 implevitque

158 2424 247 2443 mero.
276 2415 398 2482 §Unice
411 2425 482 2445 vera
496 2420 544 2444 est
556 2416 707 2454 posterior
719 2421 864 2455 interpre-

159 2452 244 2481 tatio.
308 2463 353 2482 am
365 2454 431 2483 vina
445 2465 583 2484 coronare
594 2465 649 2493 pro
663 2460 793 2484 crateras
805 2456 863 2484 vini

159 2491 864 2532 corolliscingereadintelligendumestpronum

159 2532 192 2558 et
208 2533 343 2567 rectum3
364 2535 394 2559 at
413 2531 480 2560 vina
501 2542 640 2561 coronare
657 2542 712 2571 pro
734 2537 864 2562 crateras

158 2567 228 2596 vino
250 2568 288 2597 ad
310 2578 377 2597 oras
400 2579 495 2607 usque
520 2570 645 2608 implere
663 2581 748 2600 nemo
764 2572 864 2601 dicere

157 2606 272 2644 potuit3
286 2616 341 2635 nec
355 2608 455 2636 favent
463 2610 554 2638 verba
563 2610 726 2638 Homerica
735 2614 863 2644 κρητῆρας

156 2646 353 2682 ἑπιστὲφεσθαι
374 2649 470 2675 οἴνοιο.
508 2648 581 2677 Vid.
607 2652 637 2677 et
658 2649 800 2677 Vossium
825 2649 863 2678 ad

158 2685 214 2713 Ge.
236 2694 267 2722 p.
287 2685 356 2714 454.
375 2684 538 2720 W.)—725
561 2687 745 2725 Comparant
769 2687 862 2717 illud:

156 2726 311 2759 Μνηστῆρες
324 2723 347 2752 δ’
363 2725 504 2758 ὁμάδησαν
529 2728 579 2754 ἀνὰ
604 2729 710 2761 μέγαρα
728 2730 864 2760 σκιόεντα,

1529 946 1612 1015 735

904 1102 1022 1141 Odyss.
1037 1118 1067 1137 α,
1089 1104 1158 1133 365.
1180 1106 1208 1131 et
1229 1102 1299 1131 alibi
1324 1101 1495 1140 repetitum.
1536 1100 1613 1130 Lec-

903 1142 1028 1170 tissimis
1044 1142 1144 1171 verbis
1163 1152 1235 1170 usus
1251 1145 1299 1170 est
1322 1144 1435 1175 noster,
1455 1140 1486 1168 in
1508 1140 1613 1177 primis

903 1191 998 1209 rocem
1025 1180 1164 1214 volutant,
1188 1184 1325 1218 respectu
1345 1179 1436 1217 ampli
1457 1178 1613 1207 coenaculi.

904 1220 1000 1247 —726
1027 1229 1072 1257 sq.
1114 1218 1321 1247 Continuatam
1342 1218 1371 1246 in
1399 1217 1523 1246 multam
1544 1226 1612 1246 noc-

907 1261 966 1286 tem
986 1268 1101 1286 coenam
1124 1258 1256 1286 indicare
1270 1257 1336 1285 vult
1352 1257 1452 1294 pocta.
1494 1256 1612 1284 Obser-

907 1306 944 1324 va
958 1300 987 1324 et
1002 1296 1049 1325 hic
1066 1306 1214 1324 summum
1233 1299 1369 1324 ornatum
1392 1295 1613 1332 verborumque

905 1334 1080 1372 dignitatem
1095 1335 1124 1364 in
1138 1345 1170 1364 re
1184 1335 1277 1363 tenui.
1317 1334 1385 1362 Non
1403 1333 1539 1362 lucernas
1561 1333 1611 1362 vel

904 1373 1082 1402 candelabra
1107 1373 1222 1412 posuit,
1255 1373 1309 1401 sed
1337 1372 1464 1410 lychnos,
1482 1371 1612 1409 funalia,

904 1411 932 1439 h.
947 1421 973 1440 e.
993 1412 1139 1441 funiculos
1154 1422 1223 1441 cera
1236 1411 1348 1448 illit0s3
1370 1411 1398 1439 li.
1411 1421 1439 1439 e.
1465 1410 1554 1439 faces.
1572 1411 1613 1439 cf.

905 1450 964 1479 Od.
988 1464 1014 1485 η,
1030 1451 1069 1479 de
1089 1451 1172 1489 regia
1197 1449 1330 1483 Alcinoi,
1358 1451 1425 1478 100.
1449 1449 1614 1487 δρψ-728

904 1490 999 1517 -730
1026 1490 1106 1518 Hinc
1134 1499 1189 1518 sua
1209 1489 1300 1518 duxit
1320 1488 1436 1517 Statius
1456 1488 1553 1516 Theb.
1583 1487 1612 1521 I,

903 1529 973 1556 539.
997 1528 1194 1566 sqq—soliti,
1210 1538 1253 1557 sc.
1273 1537 1356 1556 mero
1377 1526 1514 1564 implere,
1534 1526 1563 1556 h.
1584 1536 1613 1556 e.

907 1576 965 1604 qua
982 1566 1028 1595 usi
1041 1569 1168 1596 fuerant.
1202 1567 1229 1595 A
1246 1566 1322 1595 Belo
1338 1569 1437 1594 autem
1452 1565 1611 1603 Tyriorum

906 1616 1007 1644 regum
1032 1606 1158 1644 stirpem
1172 1605 1285 1634 ducere
1299 1604 1435 1634 solebant
1457 1604 1568 1633 Graeci.
1585 1614 1613 1632 v.

906 1645 1082 1682 Apollodor.
1099 1645 1145 1678 II,
1161 1646 1188 1673 1.
1229 1645 1278 1673 Ex
1293 1647 1394 1672 nostro
1411 1642 1506 1671 Silius
1521 1643 1548 1677 Ι,
1561 1643 1610 1671 87.

908 1684 1148 1721 δησήΐόἱ-Ἱῧὸ
1169 1684 1282 1712 Preces
1303 1683 1380 1711 inter
1397 1681 1551 1710 libandum
1574 1682 1611 1710 ad

907 1722 1014 1751 Jovem
1028 1726 1123 1756 ξένιον,
1143 1722 1336 1760 hospitalem,
1351 1720 1613 1759 factm-hospiti-

907 1760 956 1788 bus
971 1765 997 1789 te
1012 1761 1081 1789 dare
1095 1761 1178 1798 jura,
1200 1770 1346 1799 praeesse,
1370 1759 1427 1787 sub
1450 1758 1545 1787 tutela
1560 1769 1612 1788 eos

908 1799 1039 1835 habere3
1067 1802 1141 1837 (non
1167 1800 1252 1828 aliter
1276 1809 1350 1828 usus
1376 1797 1519 1836 loquendi
1544 1798 1613 1832 fert,

907 1843 1053 1874 quatenus
1075 1838 1143 1867 dare
1159 1840 1233 1877 jura
1254 1836 1430 1875 simpliciter
1450 1840 1497 1865 est
1516 1836 1611 1874 impe—

906 1885 982 1904 rare.
1023 1876 1162 1904 Dicerem
1183 1887 1251 1905 esse
1271 1877 1321 1914 qui
1341 1874 1498 1912 hospitibus
1516 1874 1612 1904 illatas

906 1913 1029 1951 injurias
1050 1914 1213 1949 ulcisceris‚·
1236 1915 1301 1948 sed,
1326 1924 1361 1942 an
1381 1914 1450 1942 dare
1462 1914 1536 1950 jura
1555 1923 1610 1950 pro

902 1952 954 1988 jus
979 1952 1115 1986 reddere,
1139 1953 1254 1986 ulcisci,
1279 1952 1407 1986 dicatur,
1434 1950 1610 1988 dubito).—-

907 1990 1064 2028 Expressa
1079 1995 1178 2019 autem
1192 1991 1244 2020 illa
1265 1990 1427 2019 Homerica
1450 1989 1562 2027 OdysS.
1585 2004 1612 2024 η,

906 2030 973 2058 179.
998 2039 1064 2067 sqq.
1103 2030 1193 2058 Adde
1222 2029 1336 2067 Odyss.
1360 2043 1384 2063 ν,
1411 2029 1460 2056 50.
1487 2037 1554 2066 sqq.
1582 2034 1612 2057 et

904 2068 983 2105 plur.
998 2068 1036 2096 al.
1050 2068 1125 2096 loca.
1141 2068 1223 2096 Illud
1237 2078 1313 2102 nam,
1328 2076 1465 2096 caussam
1479 2066 1611 2105 interpo-

906 2116 987 2139 nenS‚
1010 2106 1206 2136 Homericum
1228 2116 1296 2135 esse
1321 2105 1397 2134 satis
1422 2109 1550 2135 constat.
1571 2106 1611 2135 cf.

907 2145 1026 2174 Ernest.
1045 2146 1081 2174 ad
1095 2146 1210 2184 Odyss.
1225 2159 1256 2180 μ,
1280 2146 1349 2174 320.
1365 2145 1498 2178 minores,
1519 2154 1611 2182 nepo-

906 2188 962 2218 tes,
978 2194 1046 2222 sup.
1066 2186 1135 2213 532.
1154 2184 1199 2213 H.
1219 2185 1296 2213 Cum
1317 2188 1403 2212 nocte
1424 2193 1474 2212 res
1494 2188 1611 2221 agatur,

906 2227 1078 2261 argutantur
1087 2222 1218 2251 nonnulli
1232 2223 1260 2251 in
1275 2222 1421 2252 vocabulo
1431 2221 1514 2256 diem,
1524 2222 1611 2260 quasi

905 2261 1019 2290 dictum
1035 2271 1090 2299 pro
1108 2266 1232 2300 tempore
1248 2262 1356 2290 noctis.
1396 2260 1544 2299 Loquitur
1558 2270 1610 2298 ap-

906 2305 969 2329 erte
994 2300 1077 2328 Dido
1104 2305 1206 2329 nostro
1228 2310 1322 2335 more,
1342 2306 1374 2329 et
1401 2299 1610 2337 intelligendus

906 2343 954 2368 est
966 2338 1044 2373 dies,
1055 2338 1102 2367 cui
1114 2339 1209 2368 noctis
1221 2338 1273 2368 illa
1282 2349 1363 2377 pars,
1376 2349 1435 2377 qua
1448 2341 1608 2371 coenatum,

905 2378 1163 2406 annumerabatur.
1216 2377 1295 2407 Caes.
1331 2378 1371 2406 B.
1404 2378 1442 2406 G.
1474 2375 1533 2410 IV,
1558 2376 1608 2404 29.

904 2416 1014 2445 Eadem
1037 2421 1117 2445 nocte
1142 2416 1256 2451 accidit,
1276 2420 1309 2445 ut
1327 2421 1400 2444 esset
1419 2415 1487 2444 luna
1508 2413 1608 2451 plena,

903 2465 967 2493 quoe
988 2454 1049 2483 dies
1068 2455 1226 2484 maritimos
1245 2460 1333 2484 oeslus
1352 2454 1491 2482 maximos
1502 2452 1533 2481 in
1546 2462 1608 2481 oce-

903 2504 958 2522 ano
977 2493 1083 2529 efficere
1107 2493 1262 2522 cousuevit.
1290 2491 1510 2522 W.—Baccl1ua
1535 2490 1609 2519 loeti-

902 2532 951 2561 tice
976 2534 1081 2569 ‹Ialorg
1103 2538 1181 2567 Δῶρα
1205 2536 1339 2561 Διωνύσου
1364 2533 1532 2564 πολυγηθέος
1559 2539 1607 2568 ap.

904 2571 1030 2600 Hesiod.
1044 2572 1105 2610 Op.
1115 2576 1146 2600 et
1161 2572 1264 2600 ijl-l.
1275 2570 1348 2598 bona
1358 2570 1450 2602 June,
1463 2568 1606 2606 propitia,

902 2613 1018 2644 χρηστὴ,
1048 2613 1146 2645 ἰηαθὴ.
1187 2610 1347 2638 Invocatur
1367 2612 1466 2637 autem
1491 2607 1550 2641 hic,
1574 2612 1609 2636 ut

905 2649 1035 2687 patrium
1063 2650 1224 2686 Tyriorum
1253 2656 1370 2676 numen.
1409 2647 1456 2676 De
1485 2646 1608 2674 Baccho

905 2688 965 2716 vid.
980 2688 1039 2723 IV,
1058 2690 1257 2721 58.-coetzcm‚
1273 2685 1443 2714 convivium
1460 2694 1467 2714 z
1489 2688 1519 2713 et
1537 2685 1606 2713 cele-

904 2727 989 2756 brare
1013 2736 1067 2765 pro
1089 2725 1439 2756 interesse.—736-—7·to
1460 2724 1605 2755 Lecticam,
