1796 3077
608 238 877 279 AENEIDOS.

154 354 374 407 Praesidet,
396 365 438 399 et
460 359 581 400 viridi
600 362 790 415 gaudens
813 361 992 403 Feronia
1011 362 1107 404 luco
1128 381 1138 413 3

937 240 1037 280 [ΑΒ.
1070 241 1161 281 VII.
1518 252 1613 297 479

1528 368 1611 408 800

153 411 254 459 Qua
275 413 441 456 Saturae
455 418 572 471 jacet
590 426 683 459 atra
702 419 834 473 palus,
857 419 1107 475 gelidusque
1129 436 1206 475 per
1225 422 1326 463 imas

154 470 320 516 Quaerit
340 472 420 514 iter
440 474 567 515 valles
588 483 715 530 atque
737 477 780 517 in
794 492 909 517 mare
931 478 1127 518 conditur
1151 477 1298 520 Ufens.

208 526 303 569 Hos
325 544 453 584 super
473 532 642 574 advenit
664 533 822 574 Volsca
843 534 896 574 de
917 542 1043 589 gente
1067 535 1255 585 Camilla,

150 583 320 638 Agmen
342 602 471 642 agens
492 590 681 643 equitum
702 599 744 631 et
763 590 962 632 florentes
983 606 1067 632 aere
1086 599 1288 642 catervas,

151 640 382 685 Bellatrix:
414 660 498 685 non
518 646 587 687 illa
607 646 700 688 colo
720 647 948 689 calathisve
966 647 1173 690 Minervae

155 696 371 741 Femineas
388 711 556 744 assueta
576 718 735 753 manus,
758 705 833 746 sed
854 704 1003 759 proelia
1020 707 1138 760 virgo

153 754 275 797 Dura
295 759 395 811 pati,
425 774 635 814 cursuque
654 762 811 815 pedum
832 769 1086 816 praevertere
1106 771 1267 804 ventos.

152 811 230 854 Illa
249 814 314 855 vel
332 815 500 856 intactae
521 818 675 870 segetis
696 832 772 871 per
793 833 953 859 summa
968 818 1127 860 volaret

153 869 372 921 Gramina,
397 887 474 913 nec
496 881 661 914 teneras
682 889 809 916 cursu
829 875 1004 916 laesisset
1025 877 1196 925 aristas;

152 925 235 967 Vel
255 942 369 969 mare
390 944 467 983 per
486 930 683 980 medium,
715 931 847 972 fluctu
869 947 1072 986 suspensa
1093 934 1283 982 tumenti,

1527 935 1610 974 810

151 982 301 1026 Ferret
321 986 414 1035 iter,
443 985 602 1028 celeres
624 1003 700 1029 nec
719 989 931 1043 tingueret
952 1004 1121 1043 aequore
1141 989 1318 1044 plantaS.

151 1039 274 1082 Illum
296 1044 428 1083 omnis
449 1044 570 1085 tectis
590 1046 786 1099 agrisque
807 1045 942 1086 effusa
956 1047 1158 1100 juventus

151 1096 387 1153 Turbaque
408 1101 582 1141 miratur
602 1109 793 1151 matrum,
815 1110 858 1144 et
878 1111 1122 1156 prospectat
1142 1112 1326 1153 euntem,

150 1154 355 1196 Attonitis
376 1157 540 1197 inhians
560 1158 706 1199 animis
727 1175 736 1198 :
768 1166 814 1200 ut
834 1160 975 1212 regius
995 1167 1110 1200 ostro

150 1211 278 1254 Velet
298 1212 433 1254 honos
453 1213 564 1255 leves
586 1214 797 1265 humeros,
821 1222 867 1256 ut
886 1215 1018 1256 fibula
1040 1217 1196 1256 crinem

1525 1220 1608 1259 815

149 1267 271 1311 Auro
291 1270 544 1312 internectat
564 1288 573 1320 ς
608 1271 784 1326 Lyciam
805 1280 853 1312 ut
873 1280 994 1327 gerat
1012 1273 1106 1327 ipsa
1125 1273 1381 1328 pharetram,

153 1326 212 1367 Et
232 1326 486 1383 pastoralem
507 1328 685 1382 praefixa
705 1329 880 1383 cuspide
903 1338 1100 1382 myrtum.

154 1480 205 1517 qui
218 1480 274 1508 hac
289 1480 327 1509 de
344 1480 464 1518 regione
481 1485 616 1519 egerunt,
631 1481 735 1516 Adler,
751 1481 862 1516 Maier,

156 1519 272 1548 Nicolai
287 1519 325 1547 al.
350 1520 398 1548 De
409 1520 527 1548 Saturae
547 1524 643 1549 tamen
654 1521 715 1550 situ
726 1521 797 1550 nihil
812 1531 862 1550 no-

153 1562 230 1587 tum.
251 1559 291 1587 ct'.
313 1558 406 1587 Silius
430 1559 526 1594 VIII,
552 1560 611 1588 382
633 1569 679 1598 sq.
700 1560 775 1598 ibiq.
797 1560 863 1589 Ru-

178 1604 244 1626 eru.

154 1606 174 1634 p
193 1636 251 1665 803
273 1636 319 1665 De
335 1636 458 1665 Camilla
480 1646 509 1665 v.
531 1636 594 1671 XI,
619 1637 676 1666 535
698 1647 764 1676 sqq.
780 1637 859 1666 Pen-

153 1674 287 1704 thesileae
303 1675 448 1713 exemplo
465 1685 530 1704 eam
544 1676 643 1713 poe'tae
660 1676 778 1715 ingenio
792 1686 860 1706 esse

155 1714 309 1743 subnatam
325 1714 424 1742 nullus
447 1714 563 1743 dubito.
579 1715 716 1751 florentes
734 1725 792 1744 cere
812 1726 860 1744 ‹ra-

155 1756 249 1780 tervas
265 1753 293 1781 h.
310 1753 512 1787 splendentes,
537 1753 696 1791 fulgentes.
737 1754 860 1783 Servius

156 1791 270 1820 notavit
299 1791 388 1820 Ennii
417 1796 448 1820 et
478 1792 614 1821 Lucretii
641 1793 779 1830 exemplo
805 1793 861 1822 hoc

153 1829 275 1859 factum.
316 1831 393 1859 Sane
415 1831 512 1865 locus,
537 1840 625 1869 quem
641 1831 743 1860 laudat
761 1842 778 1860 e
800 1832 861 1860 Lu-

156 1868 252 1898 cretio
276 1869 348 1907 (lib.
375 1869 414 1903 V,
442 1870 547 1906 1441),
576 1870 626 1899 ubi
654 1880 733 1898 mare
752 1872 861 1908 florere

157 1908 277 1936 navibus
293 1909 413 1942 dicitur,
435 1919 491 1937 non
510 1912 570 1937 tam
589 1910 764 1938 commodus
786 1914 860 1944 erat,

155 1955 245 1983 quam
259 1947 335 1976 alter
348 1947 401 1975 lib.
414 1947 472 1982 Iv,
487 1948 545 1977 452
559 1958 564 1976 :
587 1947 665 1976 Bina
678 1948 861 1977 lucernarum

148 1985 287 2021 florentia
299 1986 407 2014 Iumina
414 1986 551 2023 flammis.
583 1987 634 2015 Sic
648 1990 770 2022 ἀνθηρὸς,
784 1990 861 2016 ἀνθε-

155 2028 242 2059 μόεις,
262 2035 318 2063 pro
333 2028 424 2060 αἴθων,
437 2025 568 2063 fulgens,
583 2030 614 2053 τὸ
629 2029 718 2061 ἄνθος,
734 2030 861 2061 ἄνθεμον,

155 2063 193 2090 de
207 2063 325 2102 fulgore
339 2063 413 2092 auri.
461 2064 547 2093 Unde
563 2064 650 2094 Pind.
668 2065 706 2093 Ο.
722 2065 766 2099 11,
782 2066 858 2095 132.-

157 2105 263 2136 ὄνθεμα
276 2108 375 2137 χρυσοῦ
392 2104 602 2140 φλέγειν-806
615 2103 666 2132 sed
674 2108 789 2132 assueta
796 2105 862 2143 pati

151 2140 258 2178 proelia
268 2141 343 2170 dura
356 2141 444 2180 virgo
463 2152 530 2171 cum
554 2147 646 2177 esset,
669 2142 862 2172 etc.-Ve10-

155 2178 257 2208 citatis
281 2180 504 2209 denotationem
532 2191 561 2210 v.
582 2182 641 2210 808
662 2192 728 2220 sqq.
748 2186 860 2211 temere

155 2217 378 2255 reprehendunt
392 2219 447 2248 viri
463 2220 557 2249 docti.
597 2220 663 2249 Nec
682 2220 734 2250 illa
754 2219 859 2259 utique

154 2256 295 2286 convenit
307 2258 418 2287 nostris
431 2259 568 2288 sensibus
581 2270 588 2297 3
610 2259 676 2295 sed,
691 2269 759 2289 cum
773 2260 859 2289 Maro

902 1492 937 1510 ea
952 1486 1100 1517 uteretur,
1126 1493 1143 1511 a
1163 1486 1313 1512 vetustate
1327 1483 1412 1522 quasi
1429 1493 1483 1522 per
1505 1493 1609 1514 manus

904 1525 969 1549 erat
981 1522 1106 1557 tradim3
1122 1522 1274 1560 expressit
1287 1522 1365 1551 enim
1380 1523 1468 1552 Iliad.
1480 1524 1610 1556 ⁹226-

904 1561 963 1588 229
976 1560 1014 1589 de
1030 1561 1163 1598 equabus
1179 1560 1378 1590 Erichthonii.
1413 1561 1560 1591 Similiter
1568 1562 1608 1592 de

902 1599 1061 1636 Euphemo
1076 1599 1218 1637 Apollon.
1240 1599 1267 1632 Ι,
1289 1600 1347 1628 179
1362 1601 1506 1638 sq.—808
1528 1601 1607 1630 vola-

904 1641 959 1669 ret.
975 1637 1115 1666 volasset.
1154 1637 1262 1666 Ferret
1276 1638 1343 1673 iter,
1361 1639 1461 1673 docte,
1476 1644 1509 1668 ut
1519 1642 1606 1678 ferre

901 1675 986 1714 pedes
995 1687 1004 1704 .·
1020 1687 1088 1705 cum
1098 1676 1170 1705 alias
1174 1677 1262 1715 pedes
1265 1678 1368 1714 ferant
1382 1677 1525 1716 aliquem.

938 1716 996 1744 812
1025 1725 1070 1744 s‹.
1104 1716 1230 1750 ornate,
1253 1726 1321 1754 qnae
1346 1716 1525 1754 simpliciter
1541 1716 1608 1746 Ho-

900 1763 1002 1782 merus
1060 1754 1180 1783 ederat:
1223 1759 1273 1783 Τὸν
1295 1760 1309 1784 ὁ
1332 1760 1384 1790 ὅρα
1408 1759 1506 1786 πάντες
1538 1760 1606 1785 Auni

901 1795 1083 1827 ὶπερχόμενον
1104 1796 1213 1825 θηεῦντο
1237 1794 1296 1822 Od·
1320 1798 1349 1830 β,
1373 1795 1431 1830 13⁶,
1457 1809 1483 1829 ρ,
1505 1795 1554 1824 6-1.
1575 1800 1609 1824 ut

901 1832 999 1870 reyins
1011 1837 1090 1860 ostro
1103 1832 1186 1861 velet.
1200 1842 1244 1861 sc.
1257 1833 1338 1870 apud
1355 1843 1387 1861 se
1402 1837 1553 1871 reputans,
1576 1839 1608 1863 et

902 1879 969 1898 cum
986 1871 1151 1904 miratione,
1169 1880 1337 1900 memorans
1359 1873 1499 1901 ut.—814
1514 1872 1607 1901 Indu-

902 1912 962 1937 tam
977 1909 1058 1938 illam
1072 1914 1145 1947 puta
1157 1909 1314 1947 chlamyde
1328 1920 1498 1948 purpurea3
1519 1912 1545 1940 is
1561 1915 1608 1940 est

900 1947 998 1986 reyius
1011 1949 1109 1981 honos,
1124 1948 1175 1986 qui
1190 1948 1263 1977 velat
1277 1948 1408 1977 humeros
1421 1953 1510 1983 ostro.
1534 1950 1607 1978 dum

901 1986 967 2023 ipse
992 1997 1030 2016 ex
1056 1991 1139 2016 ostro
1167 1991 1224 2015 est.
1244 1986 1335 2024 (leves
1356 1988 1377 2016 i.
1400 1998 1426 2016 e.
1452 1988 1606 2026 pulchros.

901 2027 1003 2061 Quum
1026 2035 1083 2054 non
1109 2026 1148 2054 sit
1170 2026 1317 2060 Amazon,
1343 2025 1438 2061 laevos,
1468 2037 1535 2065 quae
1560 2031 1608 2056 est

902 2065 989 2095 amici
1001 2069 1089 2093 acuta
1102 2066 1285 2102 conjectura,
1300 2074 1354 2093 non
1368 2065 1537 2103 praeferam.
1548 2065 1608 2103 R.)

902 2103 1031 2141 Accipio
1048 2102 1168 2140 fibulam
1186 2103 1224 2131 de
1239 2112 1293 2131 acu
1310 2114 1315 2130 2
1344 2109 1375 2131 et
1390 2103 1511 2142 Lyciam
1527 2103 1606 2133 dixit

901 2144 1083 2183 pharetram,
1111 2145 1145 2169 nt
1167 2141 1264 2170 solent
1288 2143 1388 2179 poetae
1414 2142 1606 2179 praestantius

899 2191 994 2221 genus
1020 2180 1179 2216 designare
1193 2191 1198 2207 :
1236 2180 1279 2208 sic
1308 2190 1394 2209 arcus
1430 2180 1548 2210 Cretici.
1573 2181 1606 2209 Ε

899 2225 997 2260 myrto
1012 2218 1133 2248 hastilia
1146 2229 1176 2247 v.
1191 2218 1245 2246 Ge.
1262 2218 1308 2252 ΙΙ,
1321 2220 1391 2253 447,
1406 2223 1435 2247 et
1446 2219 1606 2257 pastoralis

899 2264 1011 2299 myrtus
1023 2258 1062 2287 de
1073 2257 1185 2296 jaculo,
1201 2268 1261 2296 quo
1272 2262 1410 2295 pastores
1426 2261 1559 2287 utuntur.
