1796 3077
228 231 289 275 24
660 227 701 264 P.
735 224 965 263 VIRGILII
996 223 1244 262 MARONIS

226 348 430 385 tendebant
449 347 590 397 nuptiae
611 346 811 384 Octaviani
831 360 915 383 cum
947 345 1143 383 Scribonia
1174 344 1306 382 eodem
1334 356 1432 382 anno
1457 344 1668 381 celebratae.

225 401 400 439 Duxerat
418 414 501 438 eam
536 399 665 436 Caesar
690 399 796 436 initio
829 399 927 443 anni,
959 413 1034 448 quo
1055 398 1177 435 Pollio
1197 397 1287 435 Cos.
1314 398 1397 442 fuit,
1417 411 1573 446 eamque
1600 397 1670 433 sub

224 454 311 490 anni
330 455 484 498 exitum,
506 467 581 502 quo
600 465 676 502 pax
692 452 933 489 Brundusina
951 453 1048 489 facta
1067 460 1134 495 est,
1155 452 1279 501 partui
1296 452 1456 488 vicinam
1476 450 1602 493 fuisse,
1622 463 1671 485 ex

224 520 269 543 eo
288 507 519 556 intelligitur,
540 505 641 555 quod
656 505 678 541 J
683 505 758 542 ulia
776 507 846 542 sub
865 506 951 542 anni
972 505 1161 554 sequentis
1180 504 1327 541 initium
1346 513 1432 541 nata
1448 511 1516 540 est.
1573 502 1671 539 Cum

224 559 261 596 in
280 561 538 619 expectatione
568 567 665 595 esset
695 558 829 602 Roma,
860 571 972 608 quam
992 558 1136 608 prolem
1164 557 1359 594 Scribonia
1385 557 1532 594 editura
1560 564 1670 599 essct,

224 613 364 662 quippe
382 626 478 649 uxor
509 611 672 648 Caesaris
705 611 900 655 triumviri,
924 611 1003 660 jam
1023 619 1102 647 tum
1132 609 1270 660 Lepidi
1304 619 1342 647 et
1361 610 1516 646 Antonii
1535 609 1671 658 opibus

222 678 281 714 pr
270 666 473 710 aevalentis,
501 665 624 723 potuit
642 663 828 712 Virgilius
848 664 967 700 filium
1000 663 1162 711 indeque
1180 663 1371 699 meliorem
1391 676 1516 699 rerum
1542 662 1670 698 condi-

223 718 361 755 tionem
380 717 581 767 augurari·
573 746 582 761 ‚
626 729 745 765 eoque
766 724 978 753 commento
996 715 1107 752 simul
1136 723 1174 752 et
1202 716 1383 765 fraudium
1415 728 1524 752 suum
1544 714 1671 751 testari

221 779 260 808 ct
277 772 382 820 pueri
407 783 592 808 summam
610 769 799 806 fortunam
830 769 1043 813 declarare3
1074 782 1302 818 quamquam
1328 768 1375 805 de
1405 768 1582 818 Augusto
1612 780 1672 804 re-

221 837 305 860 rum
328 824 481 861 domino
507 837 552 860 eo
570 835 667 860 anno
686 822 853 859 nondum
873 822 1074 870 quisquam
1094 822 1261 870 cogitare
1279 830 1438 870 poterat.
1469 798 1569 857 t:Sed
1585 821 1671 857 huie

220 877 386 926 opinioni
407 890 517 926 aeque
536 889 684 923 magnae
704 876 855 911 obstant
871 874 1124 912 difficultates
1173 874 1285 910 Errat
1305 874 1380 910 sere
1398 874 1493 910 inter
1512 874 1587 910 duo
1603 874 1671 910 hos

220 939 350 978 partus
383 929 652 980 interpretatio,
683 941 768 964 cum
791 937 947 977 uterque
971 927 1118 972 habeat,
1151 927 1254 976 quod
1278 927 1464 977 judicium
1493 926 1672 964 inclinare

221 983 352 1031 possit.

272 1035 357 1072 Jam
378 1036 480 1084 quod
500 1036 547 1072 ad
568 1035 751 1072 Pollionis
777 1033 906 1079 filium,
927 1033 1178 1077 SALONINUM,
1200 1031 1316 1082 vulgo
1332 1046 1352 1069 e
1367 1032 1555 1069 Servianis
1569 1046 1671 1070 com-

220 1088 357 1125 mentis
378 1089 425 1125 ad
447 1088 495 1125 V.
520 1092 580 1125 11.
600 1088 731 1137 (idque
751 1087 883 1124 ceteris
902 1086 1050 1124 doctius
1067 1095 1286 1136 persecutus
1304 1094 1360 1123 est
1380 1086 1541 1122 Boccler.
1565 1086 1668 1123 Diss.

221 1140 342 1178 Acad.
358 1141 411 1177 II.
427 1141 539 1178 Tom.
556 1141 610 1178 II.
631 1155 668 1191 p.
690 1141 782 1184 338)
795 1149 859 1177 aut
878 1140 926 1176 ad
941 1139 1107 1177 Salonini
1127 1139 1295 1183 fratrem,
1317 1138 1360 1175 C.
1375 1139 1549 1176 Asxxmm
1565 1138 1671 1175 GAL-

222 1207 314 1238 LUM,
338 1208 386 1231 cx
404 1194 476 1231 alio
492 1194 571 1231 istis
593 1194 868 1231 commentariis
888 1202 1016 1230 assuto
1038 1206 1161 1242 panno
1183 1192 1230 1228 V.
1248 1195 1308 1228 11.
1324 1206 1383 1228 res
1404 1193 1574 1236 refertur,
1595 1206 1669 1228 non

220 1248 340 1296 magis
370 1247 444 1283 fide
468 1247 646 1284 historica
675 1247 817 1291 nititur,
860 1259 944 1282 nam
972 1246 1132 1283 Pollioni
1153 1245 1217 1281 illo
1239 1258 1336 1281 anno
1356 1258 1514 1294 puerum
1540 1254 1669 1282 natum

220 1312 302 1336 esse
323 1300 552 1349 ignoramus.
610 1300 723 1336 Esset
743 1300 837 1336 adeo
856 1299 938 1343 hoc,
960 1299 1096 1335 inferre
1121 1297 1263 1347 aliquid
1283 1298 1330 1334 de
1350 1306 1413 1334 tuo
1440 1298 1477 1334 in
1504 1299 1670 1347 poetam,

220 1361 258 1390 et
276 1361 356 1389 tum
375 1366 423 1389 ex
443 1366 498 1397 eo,
515 1353 618 1402 quod
643 1352 812 1396 intulisti,
840 1352 1080 1401 probationes
1100 1360 1242 1401 petere.
1266 1350 1321 1387 H.
1379 1350 1529 1387 Novam
1548 1363 1595 1387 ex
1612 1351 1669 1387 his

219 1405 435 1454 opinionem
461 1406 655 1443 contexuit
676 1405 730 1442 H.
745 1405 924 1442 Vossius:
966 1405 1079 1441 Illum
1101 1417 1198 1441 anno
1226 1407 1313 1442 786.
1342 1412 1495 1441 auctore
1515 1404 1670 1440 Tiberio

219 1468 387 1507 egestate
418 1459 491 1496 cibi
518 1467 740 1508 peremtum,
766 1458 939 1495 Asinium
966 1457 1119 1494 Gallum
1138 1470 1235 1494 anno
1258 1460 1345 1494 714.
1379 1466 1520 1501 natum,
1554 1466 1591 1494 et
1609 1471 1668 1493 se-

219 1520 368 1559 quente,
388 1512 577 1548 Parthinis
592 1512 764 1555 devictis,
778 1511 968 1555 aSalonis,
986 1512 1079 1547 urbe
1098 1510 1313 1553 Dalmatiae,
1332 1510 1499 1546 Salonini
1519 1510 1669 1547 nomine

219 1564 441 1614 insignitum
468 1564 596 1601 fuisse.
652 1564 745 1614 Ejus
775 1564 889 1612 igitur
914 1563 1137 1613 propedium
1169 1563 1350 1599 instantes
1378 1563 1519 1600 natales
1540 1562 1669 1612 Virgi-

219 1616 323 1661 lium,
356 1617 518 1653 Pollioni
545 1615 642 1666 patri
662 1624 699 1654 et
718 1616 883 1666 agellum
905 1629 1015 1652 suum
1045 1623 1237 1652 servatum
1266 1615 1463 1652 debentem
1482 1624 1520 1653 et
1537 1629 1668 1665 pacem

218 1669 514 1713 saluberrimam,
534 1683 654 1719 nuper
673 1669 932 1718 compositam,
951 1669 1216 1718 assignantem,
1235 1668 1306 1704 hoc
1326 1669 1490 1705 carmine
1506 1669 1557 1705 ita
1572 1669 1668 1705 cele-

218 1723 358 1766 brasse,
379 1732 422 1759 ut
435 1732 472 1759 et
485 1736 670 1759 summam
689 1723 790 1757 orbis
808 1730 990 1758 terrarum
1006 1731 1092 1770 post
1104 1735 1234 1770 pacem
1250 1721 1476 1766 felicitatem,
1497 1730 1536 1759 et
1551 1722 1668 1758 filium

218 1776 424 1811 honoribus
443 1783 481 1811 et
498 1775 609 1810 rebus
628 1774 744 1823 gestis
766 1774 950 1821 insignem
970 1784 1230 1822 auguraretur.
1261 1774 1314 1810 W.

272 1827 378 1868 Quid
397 1836 533 1870 autem,
556 1827 585 1863 si
607 1840 652 1862 ne
665 1826 770 1862 locus
786 1826 938 1874 quidem
951 1827 1160 1862 ariolationi
1180 1835 1247 1869 est,
1263 1827 1346 1874 quis
1361 1840 1453 1875 puer
1467 1827 1528 1863 ille
1543 1827 1667 1872 suerit,

219 1893 331 1929 quem
350 1880 463 1916 Maro
481 1880 709 1916 nasciturum
732 1880 1025 1915 commemorat?
1067 1879 1197 1914 Potest
1222 1879 1320 1914 enirn
1350 1879 1412 1914 ille
1442 1880 1533 1915 nihil
1565 1880 1668 1917 aliud

218 1933 394 1977 voluisse,
416 1946 528 1981 quam
547 1932 774 1968 calamitosis
793 1931 979 1967 bellorum
999 1931 1162 1967 civilium
1179 1931 1410 1980 temporibus
1423 1931 1569 1968 laetiora
1584 1946 1666 1969 suc-

219 1999 369 2022 cessura
389 1999 482 2029 esse,
514 1999 600 2034 quae
620 1988 732 2034 po‘e'ta
766 1984 982 2033 ingeniosus
1014 1997 1080 2033 per
1109 1992 1239 2020 aetates
1271 1984 1456 2032 mythicas
1485 1984 1666 2024 declarat.

219 2038 351 2080 Quum
371 2046 495 2075 autem
514 2038 705 2074 funestum
735 2037 827 2073 illud
847 2045 884 2073 ct
902 2037 1064 2073 ferreum
1085 2036 1266 2073 saeculum
1295 2050 1369 2072 non
1399 2038 1524 2073 statim
1545 2038 1582 2074 in
1600 2052 1665 2074 au-

218 2105 324 2128 reum
343 2092 479 2128 mutari
498 2099 636 2140 posset,
657 2091 804 2127 inversa
824 2090 966 2126 ratione
985 2103 1050 2139 per
1071 2089 1210 2138 gradus
1222 2103 1281 2126 res
1297 2089 1427 2126 adhoc
1445 2090 1668 2128 adducenda

218 2144 301 2181 fuit.
361 2144 457 2180 Cum
477 2152 603 2182 autem
622 2143 754 2180 melior
774 2156 897 2179 rerum
927 2143 1091 2179 conditio
1111 2156 1192 2178 esse
1212 2152 1385 2190 nequeat,
1407 2142 1477 2179 nisi
1497 2143 1666 2182 homines

217 2197 389 2233 meliores
405 2197 653 2233 deterioribus
669 2196 927 2240 successerint,
948 2209 1029 2232 eam
1046 2195 1225 2232 rationem
1241 2196 1432 2244 ingressus
1446 2209 1527 2233 esse
1543 2198 1667 2246 putari

217 2257 354 2298 potest,
371 2258 412 2286 ut
425 2263 561 2286 novam
576 2250 793 2299 progeniem
817 2249 1051 2298 prodituram
1065 2262 1146 2284 esse
1173 2248 1324 2284 diceret.
1354 2248 1453 2285 Haec
1468 2250 1667 2298 progenies

217 2302 424 2351 primordia
438 2315 505 2338 sua
519 2302 655 2339 habeat
669 2315 820 2339 necesse
835 2310 913 2338 est·
906 2331 915 2345 ‚
949 2301 1102 2338 deflexit
1121 2314 1211 2350 ergo
1226 2301 1433 2337 orationem
1451 2302 1498 2338 ad
1512 2316 1667 2352 puerum

217 2355 331 2399 illum,
351 2355 470 2405 quipr
474 2355 562 2391 imus
577 2356 613 2391 in
628 2355 733 2405 hujus
747 2355 873 2391 saeculi
886 2355 1059 2404 auspiciis
1071 2360 1150 2390 erat
1161 2354 1377 2390 nasciturus.
1415 2354 1667 2392 Succurrebat

212 2406 293 2457 jam
312 2408 528 2445 vaticinium
547 2408 640 2444 illud
659 2408 856 2457 vulgatum
875 2407 922 2444 de
940 2421 1030 2454 rege
1048 2407 1126 2443 sive
1144 2407 1257 2443 hero'e
1276 2415 1434 2444 venturo
1461 2408 1521 2444 vel
1545 2408 1665 2444 nasci—

218 2468 318 2498 turo.
343 2460 390 2496 cf.
410 2461 514 2497 Suet.
533 2460 635 2510 Aug.
654 2464 729 2506 94.
726 2439 854 2510 Dquod
873 2462 942 2497 sub
963 2460 1114 2496 Nerone
1134 2468 1268 2496 1te1um
1288 2460 1503 2498 increbluit.
1556 2460 1665 2498 Suet.

218 2512 338 2562 Vesp.
370 2515 406 2549 4.
462 2513 625 2550 Puerum
659 2513 764 2550 illum
795 2521 926 2563 &zoywry
946 2513 1069 2549 herois
1094 2512 1243 2549 nomine
1273 2521 1309 2549 et
1331 2513 1546 2562 dignatione
1565 2522 1666 2550 recte

218 2565 407 2615 impertiit,
438 2575 536 2602 recte
556 2580 706 2616 quoque
729 2566 880 2616 patrias
898 2566 1046 2602 virtutes
1074 2578 1109 2609 v,
1139 2568 1198 2603 17.
1231 2574 1522 2609 commemorat3
1555 2574 1665 2603 natus

218 2619 317 2655 enim
337 2619 398 2654 ille
418 2632 510 2667 puer
529 2628 585 2655 est
605 2633 626 2655 a
645 2620 717 2655 deo
736 2620 873 2667 aliquo,
894 2626 1083 2666 tamquam
1104 2619 1226 2655 heros.
1284 2619 1442 2655 B‘Ianere
1460 2627 1585 2654 tamen
1605 2620 1662 2655 vel

217 2673 270 2707 sic
291 2672 468 2708 nonnulla
485 2672 645 2707 obscura
670 2686 738 2709 nec
758 2672 846 2708 satis
877 2671 1073 2707 commode
1093 2671 1204 2715 dicta,
1236 2673 1330 2708 bene
1360 2671 1502 2715 sentio;
1534 2684 1664 2708 verum

218 2726 334 2773 probe
356 2732 594 2774 arrogantem
615 2738 695 2762 esse
714 2738 864 2763 necesse
894 2724 990 2762 soret
1021 2738 1118 2768 cum,
1150 2725 1213 2774 qui
1233 2724 1304 2762 hoc
1323 2724 1393 2761 sibi
1419 2736 1592 2769 sumeret,
1623 2732 1665 2762 ut
