1796 3077
185 267 282 312 390

186 382 439 438 Impediunt,
461 395 699 437 pugnaeque
717 382 828 425 cient
849 382 1068 425 simulacra
1089 384 1168 424 sub
1189 385 1336 426 armist

619 265 661 302 P.
694 261 925 300 VIRGILII
956 261 1207 302 MARONIS

186 439 246 480 Et
267 455 376 481 nunc
399 448 516 494 terga
537 439 637 493 fuga
655 440 841 491 nudant3
872 455 983 481 nunc
1005 438 1166 494 spicula
1185 448 1352 483 vertunt

186 496 344 538 Infensi
362 514 371 545 ;
403 496 513 537 facta
533 496 690 550 pariter
709 511 820 538 nunc
841 513 946 552 pace
968 497 1175 537 feruntur.

186 552 247 593 Ut
267 553 478 606 quondam
499 552 626 594 Creta
647 553 781 594 fertur
800 553 1089 608 Labyrinthus
1111 553 1154 594 in
1175 553 1260 595 alta

187 609 425 650 Parietibus
446 617 609 650 textum
630 611 751 651 caecis
773 611 852 652 iter
873 612 1182 665 ancipitemque

184 665 304 706 Mille
323 666 398 706 viis
419 665 617 707 habuisse
639 666 794 716 dolum,
817 683 901 722 qua
922 669 1041 722 signa
1062 668 1266 721 sequendi

1551 668 1634 708 590

181 721 364 762 Falleret
385 722 662 777 indeprensus
684 731 727 764 et
748 724 1018 766 irremeabilis
1039 739 1169 766 error.

181 778 313 819 Haud
334 778 414 819 alio
436 779 651 820 Teucrum
670 782 756 821 nati
773 782 948 836 vestigia
969 796 1095 822 cursu

181 835 436 888 Impediunt,
460 843 693 891 texunt-que
714 837 837 893 fugas
858 846 901 879 et
922 838 1071 893 proelia
1091 837 1208 887 ludo,

182 891 444 946 Delphinum
462 893 635 934 similes:
669 896 740 948 qui
760 910 837 949 per
858 896 988 936 maria
1008 895 1182 936 humida
1203 894 1343 936 nando

181 948 458 1003 Carpathium
481 950 773 1005 Libycumque
796 959 951 1001 secant,
973 953 995 975 ἐξ
1015 951 1252 1005 luduntque
1269 965 1346 1005 per
1365 950 1633 992 undatur-2595

180 1004 310 1046 Hunc
331 1021 503 1055 morem,
524 1006 602 1047 hos
624 1022 784 1058 cursus,
806 1015 934 1063 atque
954 1008 1046 1049 haec
1067 1008 1297 1050 certamina
1315 1008 1476 1062 primus

179 1060 404 1111 Ascanius,
428 1063 621 1118 Longam
642 1066 770 1106 muris
791 1080 920 1119 quum
941 1065 1129 1120 cingeret
1153 1064 1318 1115 Albam,

180 1117 358 1168 Retulit,
380 1127 422 1160 et
437 1121 597 1173 priscos
617 1121 761 1162 docuit
780 1121 995 1163 celebrare
1019 1122 1207 1170 Latinos,

181 1175 282 1221 Quo
303 1190 409 1229 puer
428 1177 519 1230 ipse
539 1178 680 1225 modo,
702 1193 844 1219 secum
865 1193 950 1232 quo
972 1178 1106 1219 Troia
1126 1179 1277 1232 pubes·

177 1231 335 1272 Albani
356 1233 539 1274 docuere
556 1248 678 1284 su0s3
710 1234 807 1276 hinc
827 1236 1007 1275 maxima
1028 1249 1156 1288 porro

1545 1233 1630 1274 600

178 1287 361 1343 Accepit
382 1288 533 1338 Roma,
555 1297 597 1331 et
617 1292 797 1344 patrium
820 1292 999 1332 servavit
1019 1291 1248 1341 honore1n3

178 1343 397 1398 Trojaque
419 1361 543 1393 nunc,
563 1348 685 1400 pueri
704 1347 940 1401 Trojanum
960 1348 1113 1388 dicitur
1135 1362 1299 1401 agmen.

177 1401 275 1442 Hac
295 1401 506 1442 celebrata
526 1409 647 1443 tenus
668 1411 813 1445 sancto
834 1404 1061 1445 certamina
1081 1405 1204 1458 patri.
1244 1449 1248 1454 .

174 1506 205 1534 h.
229 1517 256 1535 e.
284 1505 365 1534 obvii
381 1505 506 1535 invicem
522 1507 580 1535 sibi
601 1507 674 1536 sacti
698 1517 802 1537 rursus
827 1507 880 1537 de-

174 1545 299 1573 flectunt
313 1554 345 1573 se
362 1549 391 1573 et
405 1545 432 1573 in
456 1555 548 1574 novos
576 1556 667 1584 gyros
692 1546 880 1575 discurrunt.

171 1583 294 1612 alternis
307 1583 420 1611 orbibus
434 1584 530 1612 orbem
543 1583 709 1622 Impediunt
722 1585 880 1623 praeclare.

174 1632 243 1650 eum
268 1622 359 1650 variis
382 1622 510 1651 flexibus
537 1624 667 1651 subeunt
695 1634 727 1652 se
752 1623 879 1653 invicem

174 1660 346 1689 saltantium
368 1660 500 1696 ordines,
523 1671 616 1699 seque
639 1661 763 1691 miscent
779 1666 809 1691 et
824 1663 878 1691 iui-

174 1699 372 1737 plicant.—In
387 1710 417 1727 v.
429 1701 486 1728 585
498 1700 593 1729 dictio
605 1701 784 1729 Lucretiana
794 1701 881 1730 facile

174 1738 348 1780 agnoscitur
364 1747 403 1767 ex
425 1739 489 1775 ejus
511 1739 565 1767 lib.
578 1739 627 1772 II,
645 1740 682 1768 41
698 1744 729 1768 et
741 1741 800 1768 324.
815 1740 882 1769 belli

171 1776 327 1805 Simulacra
341 1776 424 1805 ciere.
444 1777 496 1805 sub
517 1777 618 1812 armis,
643 1783 676 1806 ut
699 1788 781 1816 saepe
802 1779 880 1816 apud

174 1816 305 1852 poetam,
317 1825 372 1852 pro
387 1815 505 1843 armati.

211 1854 363 1882 588—591
385 1854 455 1882 Non
478 1856 596 1891 poterat
617 1854 765 1892 Virgilius
787 1864 878 1892 supe-

920 1507 950 1537 h.
970 1518 996 1537 e.
1020 1512 1106 1536 notas
1129 1508 1187 1536 viae
1214 1512 1244 1537 et
1264 1507 1390 1542 itineris,
1419 1517 1478 1546 qua
1500 1513 1564 1538 erat
1584 1509 1628 1540 in-

924 1547 1052 1575 cendum
1070 1546 1216 1575 redituro.

957 1586 1111 1614 592—595
1126 1584 1246 1623 restiyia
1259 1584 1424 1623 impediunt,
1438 1595 1543 1614 cursus
1553 1585 1627 1614 flex-

920 1624 1124 1662 usimplicant.
1133 1634 1189 1662 per
1202 1623 1295 1652 maria
1303 1623 1431 1661 humida(
1439 1627 1503 1659 ὑγρὰ
1513 1627 1629 1653 κέλευθα

921 1666 1067 1694 θαλάσσης
1083 1673 1130 1701 ap.
1152 1662 1278 1691 Homer.
1294 1662 1351 1690 linc
1373 1667 1460 1691 vocat
1475 1663 1628 1699 Servius.)

920 1702 1013 1730 mindo
1032 1702 1224 1740 Carpathium
1240 1700 1411 1738 Libycumve
1426 1701 1468 1729 sic
1483 1701 1629 1739 (fortasse

921 1740 979 1775 R.)
995 1741 1154 1778 legendum
1169 1751 1176 1777 ;
1192 1745 1288 1768 secant
1298 1740 1452 1778 luduntque
1461 1740 1627 1778 perumlaS‚

919 1779 1040 1808 videtur
1053 1779 1164 1818 aliquid
1181 1779 1269 1807 otiosi
1285 1789 1352 1807 esse
1364 1779 1393 1807 in
1402 1779 1455 1807 hac
1467 1778 1626 1808 verborum

918 1817 1016 1854 copia,
1041 1818 1097 1846 etsi
1118 1819 1190 1846 bene
1207 1817 1298 1846 video
1313 1817 1439 1846 marium
1453 1817 1627 1846 denomina-

917 1855 998 1883 tione
1013 1856 1057 1884 rei
1076 1856 1254 1893 (lignitatem
1274 1856 1456 1885 increscere.
1471 1856 1626 1894 luduntque

172 1901 238 1920 rare
254 1891 300 1920 vel
315 1892 432 1930 assequi
442 1892 537 1919 locum
551 1893 688 1926 Homeri,
699 1902 785 1930 quem
798 1893 876 1922 inter
910 1903 966 1930 per
982 1894 1082 1928 undas,
1103 1895 1181 1923 haud
1202 1895 1292 1923 dubie
1309 1895 1414 1923 melius
1429 1898 1510 1923 esset
1525 1895 1627 1923 subla-

197 1930 390 1958 ulcherriinos
409 1930 538 1968 primum
560 1931 749 1959 excitandum
773 1932 874 1965 credo,

172 1939 263 1997 Iliad.
278 1982 307 2001 σ,
321 1970 378 1997 590
387 1979 452 2007 sqq.
469 1969 507 1997 ad
521 1970 577 1997 605
591 1970 628 1997 de
642 1969 760 1998 Daedali
773 1970 874 1998 choro.

173 2006 251 2034 Rem
267 2006 367 2044 itaque
382 2008 530 2044 sapienter
546 2008 679 2036 traduxit
694 2009 730 2036 ad
747 2008 875 2037 similem

170 2055 244 2078 rem,
262 2045 490 2083 Labyrinthum,
511 2057 596 2084 quem
611 2057 645 2075 ea
659 2057 726 2074 cuin
749 2051 812 2076 arte
834 2048 877 2076 ef·

173 2084 268 2117 finxit,
290 2088 324 2112 ut
344 2084 420 2113 inter
442 2086 507 2122 ejus
530 2085 626 2113 flexos
650 2085 792 2123 legendos
811 2086 876 2123 ipse

172 2123 258 2160 quasi
281 2132 380 2151 errore
406 2123 475 2151 ferri
502 2123 651 2152 videaris:
681 2124 723 2152 ita
746 2124 878 2162 implexa

173 2163 239 2198 ipsa
261 2161 373 2196 verba3
395 2172 462 2200 quae
484 2162 575 2190 Plinii
597 2162 693 2190 animo
719 2163 878 2192 observata

171 2204 244 2238 puto
265 2200 293 2227 in
318 2200 503 2237 Labyriutlio
528 2201 579 2229 lib.
603 2201 770 2235 XXXVI,
795 2203 830 2230 12
852 2212 876 2230 s.

174 2239 240 2271 192,
251 2238 293 2266 uti
303 2238 368 2276 ipse
377 2239 522 2277 Virgilius
535 2240 643 2268 Catulli
656 2250 770 2268 memor
782 2240 875 2269 fuisse

170 2277 290 2305 videtur
304 2287 332 2305 n.
352 2278 440 2305 LXI.
456 2279 620 2307 liz—115.
643 2279 732 2307 Creta
750 2278 779 2306 in
802 2280 872 2313 alta,

170 2315 248 2343 cons.
273 2325 342 2343 mox
370 2316 421 2344 lib.
443 2317 498 2350 VI,
519 2318 568 2350 23,
590 2321 713 2355 propter
734 2317 820 2345 Idam
844 2322 874 2345 et

170 2354 244 2382 alios
259 2358 391 2389 montes3
413 2365 588 2393 quamquain
609 2360 639 2384 et
659 2356 754 2384 omnis
776 2356 873 2384 insula

170 2391 231 2420 alla
251 2397 307 2425 est,
331 2392 443 2430 quippe
466 2395 539 2422 mari
565 2394 663 2423 altior.
702 2394 872 2423 Parietibus

170 2431 264 2464 coecis,
280 2430 330 2468 qui
345 2431 441 2459 visum
455 2442 489 2460 ac
505 2437 699 2471 prospectum
715 2433 871 2470 intercipi—

172 2474 236 2504 unt,
258 2473 291 2497 ut
311 2472 405 2497 totum
421 2470 488 2503 iter,
510 2482 567 2508 qua
583 2475 696 2509 pateat,
722 2472 870 2501 aestimare

169 2517 311 2546 nequeas·
353 2508 442 2536 Ovid.
458 2509 485 2537 in
500 2509 565 2537 loeo
586 2520 653 2538 cum
673 2510 727 2538 hoc
750 2520 870 2548 compa-

168 2548 258 2576 rando
272 2545 354 2574 VIII
371 2546 446 2574 Met.
460 2549 515 2575 158
529 2558 595 2585 sqq.
607 2559 682 2577 coeca
693 2552 767 2578 lecta
781 2549 870 2578 dixit.

170 2586 245 2614 Sunt
258 2584 314 2613 viae
330 2584 469 2622 utrinque
488 2587 599 2623 pariete
616 2587 731 2616 cinctae.
772 2587 871 2624 Igitur

167 2625 222 2653 iter
244 2623 334 2657 dixit,
353 2627 473 2655 textum,
494 2625 679 2660 fabricatum,
700 2625 871 2664 parielibus,

165 2663 244 2692 inter
269 2662 328 2690 duo
346 2661 485 2699 parietes.
508 2663 659 2700 ancipitum
674 2664 777 2698 dolum,
799 2664 826 2693 h.
844 2675 871 2693 e..

167 2702 224 2730 iter
237 2700 383 2734 dolosum,
403 2700 517 2728 fallens.
537 2701 620 2738 siqua
632 2703 777 2740 sequendi,
800 2713 870 2741 pro-

168 2739 303 2775 cedendi,
323 2742 355 2768 ut
368 2739 466 2778 politis
486 2742 612 2776 ἒπισθω,
635 2741 726 2780 sequi,
744 2752 799 2780 pro
816 2743 869 2778 ire,

904 2510 974 2547 jana
1003 2512 1146 2548 juventus
1177 2522 1213 2540 ea
1243 2512 1476 2540 celebraverant.

916 1935 996 1959 tuin:
1019 1942 1085 1961 nam
1105 1942 1162 1960 non
1187 1943 1254 1961 esse
1280 1933 1447 1971 profectum
1462 1943 1478 1960 a
1495 1933 1625 1970 Virgilio

917 1970 1047 2004 videtur,
1060 1980 1126 1999 cum
1143 1981 1159 1999 a
1171 1971 1432 2008 praestantissimis
1441 1971 1624 2000 codfflabsit.

916 2008 1028 2037 Sumsit
1039 2010 1164 2037 sortasse
1177 2009 1290 2038 laciniae
1301 2013 1405 2037 auctor
1415 2020 1452 2038 ex
1465 2010 1578 2038 Ovidio
1585 2011 1622 2039 de

916 2047 1068 2085 delphinis
1083 2048 1135 2075 III
1152 2048 1228 2076 Met.
1244 2049 1300 2075 685
1319 2047 1412 2086 Inque
1428 2048 1510 2076 chori
1522 2048 1623 2077 ludunt

916 2086 1046 2123 speciem,
1062 2086 1223 2124 lascivaque
1235 2087 1352 2123 jactant
1373 2087 1516 2125 Corpora,
1531 2091 1559 2115 el
1572 2098 1623 2116 ‹tc-

917 2129 1025 2162 ceptum
1038 2124 1149 2163 patulis
1171 2135 1248 2153 mare
1262 2125 1380 2153 naribus
1393 2126 1508 2162 effiant5
1531 2125 1621 2165 etqui

917 2163 1022 2192 anteiit
1038 2163 1179 2201 Apollon.
1195 2164 1248 2192 lib.
1264 2164 1321 2198 IV,
1336 2165 1393 2192 933
1410 2174 1476 2202 sqq.

953 2203 1108 2231 596—‹303
1120 2202 1208 2230 Hunc
1216 2202 1486 2237 morem—Retulit,
1498 2203 1620 2231 innova·

914 2240 968 2273 vit,
985 2245 1018 2269 ut
1033 2240 1169 2274 Servius,
1192 2240 1434 2279 repetit.priscos
1448 2241 1570 2270 Latinos
1589 2241 1619 2270 h.

911 2278 934 2307 l.
947 2284 981 2307 ut
994 2279 1114 2318 (tntiqua
1128 2279 1227 2312 Italia,
1241 2283 1270 2307 et
1284 2280 1327 2308 sic
1342 2280 1458 2308 Latium
1471 2280 1619 2318 antiquum.

912 2317 964 2346 inf.
979 2318 1056 2352 vn,
1070 2319 1118 2346 33.
1158 2318 1256 2346 Aliter
1272 2319 1366 2357 prisci
1386 2318 1488 2347 Latini
1506 2318 1536 2346 in
1556 2318 1616 2345 his-

912 2356 1015 2385 toricis
1042 2361 1071 2384 et
1107 2356 1330 2395 geographicis,
1360 2358 1430 2386 dum
1464 2357 1615 2394 antiquum

911 2395 1031 2423 Latium
1059 2400 1087 2424 et
1116 2405 1225 2423 novum
1252 2397 1341 2433 juxta
1371 2395 1616 2434 ponitur.—599

910 2433 1068 2471 Jungenda
1087 2438 1115 2462 et
1136 2434 1286 2471 explenda
1299 2435 1360 2463 sic:
1384 2434 1478 2462 docuit
1494 2432 1616 2461 Latmos

908 2472 1052 2500 celebrare
1067 2483 1102 2501 eo
1126 2473 1226 2507 modo,
1243 2483 1298 2511 quo
1316 2482 1391 2511 puer
1411 2472 1469 2511 ipse
1491 2475 1521 2500 et
1530 2471 1611 2538 ἔξο-

1565 2520 1612 2539 ino

909 2549 1020 2577 Albani
1041 2550 1197 2578 eim-4301
1213 2550 1357 2583 honorem,
1382 2549 1484 2577 luduin
1501 2549 1538 2576 ab
1553 2549 1612 2578 ori-

912 2587 977 2623 gine
989 2588 1081 2616 suain
1091 2589 1233 2618 Anchisae
1242 2588 1381 2616 honorem
1391 2587 1611 2616 institutum.—

909 2627 967 2654 (302
997 2627 1059 2655 Pro
1079 2627 1208 2664 vulgari,
1234 2627 1313 2664 quod
1338 2635 1375 2654 ex
1403 2626 1546 2655 Suetonio
1571 2626 1608 2655 de

909 2674 1069 2702 puerorum
1089 2666 1204 2694 lusibus
1222 2665 1345 2694 Servius
1360 2664 1477 2693 laudat:
1518 2665 1610 2693 Lusus

908 2704 978 2741 ipse,
1011 2715 1093 2742 quem
1115 2704 1199 2742 ifnlyo
1233 2703 1424 2741 Pyrrliicham
1456 2702 1611 2742 appellant,

912 2739 1001 2781 Trcy'n
1020 2748 1149 2780 vocatur,
1175 2743 1264 2782 poeta
1285 2742 1399 2771 dixisse
1419 2741 1538 2773 videtur
1556 2752 1609 2771 ex-
