1796 3077
539 193 822 233 BUCOLICA.
859 193 972 232 ECL.
1005 194 1079 232 ΙΙΙ.

1479 200 1535 245 13

91 312 262 371 Aspice,
284 321 421 356 aratra
434 314 541 369 jugo
561 314 750 357 referunt
770 329 973 369 suspensa
987 312 1170 369 juvenci,

94 373 154 414 Et
175 373 237 413 sol
256 379 490 414 crescentes
511 372 722 414 decedens
744 371 930 426 duplicat
952 372 1143 412 umbras:

93 428 168 470 Me
189 437 326 470 tamen
345 430 429 470 urit
458 444 599 478 amor3
631 430 723 483 quis
743 430 853 469 enim
869 429 1019 469 modus
1041 427 1149 468 adsit
1168 427 1327 467 amori?

91 486 165 526 Ah
187 486 398 540 Corydon,
420 485 633 540 Corydon,
665 501 760 540 quae
780 493 821 525 te
841 485 1051 526 dementia
1080 484 1215 538 cepit!

90 543 356 597 Semiputata
373 543 449 583 tibi
466 542 665 583 frondosa
682 542 775 583 vitis
795 542 837 582 in
867 541 979 583 ulmo
1000 548 1076 582 est.

90 599 207 645 Quin
227 607 273 640 tu
293 599 451 654 aliquid
471 598 616 640 saltem
634 600 787 654 potius,
817 613 995 653 quorum
1016 597 1177 651 indiget
1196 611 1311 646 usus,

90 655 331 697 Viminibus
351 655 548 710 mollique
569 671 693 710 paras
715 656 915 696 detexere
930 656 1091 709 junco?

90 711 283 754 Invenies
316 713 453 763 alium,
492 713 526 754 si
543 720 585 754 te
604 713 672 754 hic
692 712 864 762 fastidit,
886 711 1058 753 Alexin.

87 819 801 858 kleesecundumH-Vossium.(Woodbines.S.)

94 859 219 888 W.—65
235 858 324 887 trahit
335 868 388 886 sna
404 870 432 897 q.
442 858 584 897 voluptas,
596 867 687 891 amor,
698 857 801 886 libido.

87 898 127 926 of.
137 898 191 926 Ge.
200 898 334 931 111,130.
343 897 482 932 Theocr„
490 898 637 926 undehaec
646 906 799 931 conversa,

87 938 141 970 ἐγὼ
163 939 186 964 δ’
206 939 249 965 ἐπὶ
264 940 304 965 τὶν
320 938 489 970 μεμάνημαι.
524 935 616 973 Idyll.
630 935 674 969 X,
689 936 737 963 31.
758 935 800 964 H.

89 975 239 1003 Sententia
251 974 408 1012 exemplis,
429 985 466 1003 ex
485 975 593 1012 quibus
607 975 712 1012 eajam
728 974 799 1002 satis

88 1018 222 1051 apparet,
237 1013 347 1046 addita,
363 1014 466 1042 abesse
480 1017 591 1051 potest.
619 1013 709 1041 Certe
722 1014 800 1051 apud

88 1052 280 1080 Theocritum
307 1051 386 1080 nulla
407 1052 487 1080 illius
511 1051 647 1090 vestigia.
688 1051 722 1079 Is
735 1062 800 1080 seu-

89 1100 156 1119 sum
177 1091 350 1119 verborum:
371 1100 423 1128 eqo
443 1095 481 1124 te,
503 1090 659 1129 Bombyca,
684 1100 800 1128 sequor,

88 1139 159 1157 cum
173 1139 276 1158 vocem
289 1132 372 1156 διώκω
382 1138 416 1157 ea
429 1128 651 1168 significatione,
661 1139 720 1166 qua
733 1129 799 1157 Vir-

89 1168 178 1205 gilius
192 1167 337 1196 voeabula
358 1167 450 1206 sequi,
470 1168 498 1196 h.
513 1178 540 1196 e.
554 1173 704 1206 appetere,
727 1178 800 1196 usus

89 1207 147 1240 e'st,
174 1215 282 1244 ponere
296 1205 343 1234 vel
357 1206 491 1235 omittere
504 1212 616 1244 posset,
642 1206 756 1245 plenius
771 1210 801 1235 et

88 1244 197 1273 fortius
206 1245 247 1273 ita
260 1245 424 1282 expressit:
437 1247 489 1279 ἐγὼ
502 1248 524 1273 δ’
540 1248 583 1274 ἐπὶ
594 1248 799 1279 τὶνμεμάνημαι

90 1283 231 1312 Ceterum
259 1284 383 1311 verbum
409 1283 522 1312 trahere
548 1285 585 1312 de
611 1285 712 1318 rebus,
732 1295 800 1321 qua:

90 1332 143 1351 nos
158 1322 290 1351 alliciunt
302 1325 332 1351 et
347 1326 454 1351 tenent.
469 1323 540 1352 Juv.
554 1322 648 1356 XIV,
664 1324 714 1351 37.
735 1322 781 1352 W.

129 1361 168 1389 66
180 1365 282 1389 aratra
295 1370 333 1388 ex
348 1360 422 1399 juyo
442 1371 591 1399 suspensa,
613 1361 730 1390 inverso
749 1371 800 1390 vo-

92 1409 182 1433 mere,
197 1402 229 1427 ut
241 1399 335 1427 solum
348 1403 477 1434 verrant,
492 1404 652 1437 protracta.
693 1400 801 1428 Horat.

91 1437 188 1475 Epod.
204 1438 250 1472 11,
269 1439 318 1466 63.
364 1437 468 1467 Videre
484 1440 581 1475 sessos
601 1449 738 1467 vomerem
758 1439 801 1467 in-

89 1486 201 1504 versum
221 1476 303 1504 boves
329 1475 410 1504 Collo
429 1478 574 1505 trahentes
595 1477 739 1515 lanyzcido.
752 1478 798 1507 H.

89 1514 184 1549 (Vide
213 1525 248 1543 an
282 1513 447 1551 simplicius
474 1517 632 1553 jungatur:
666 1518 796 1553 reserant

79 1553 166 1591 juyo.
193 1553 262 1593 W.)
292 1553 383 1581 Color
403 1553 508 1582 horum
527 1564 666 1582 versuum
685 1555 797 1591 petitus

90 1602 129 1620 ex
148 1592 274 1621 Theocr.
287 1592 335 1626 ΙΙ,
351 1592 398 1620 38.
412 1592 461 1620 39.
500 1592 617 1621 Graecis
639 1601 695 1620 uno
710 1602 798 1620 voca-

841 827 921 847 mum
936 820 1052 850 mstate,
1064 817 1169 846 deinde
1179 822 1247 861 post
1260 818 1333 847 Idus
1345 817 1504 851 Octobres,
1514 822 1549 847 ut

842 858 903 886 sole
926 856 1014 897 coqui
1036 860 1066 884 et
1086 860 1284 885 maturitatem
1306 866 1411 898 capere
1429 856 1547 885 fructus

837 896 962 934 possint.
989 895 1105 927 Colum,
1122 895 1160 924 V.
1176 897 1204 925 5.
1246 894 1440 933 Pampmamli
1454 899 1547 923 autem

838 935 936 963 modus
954 935 979 962 is
999 933 1066 966 erit,
1083 937 1116 961 ut
1134 934 1229 972 opacis
1244 933 1312 962 Iocis
1325 932 1499 971 humidisque
1514 944 1548 962 uc

831 973 954 1012 sriyidis
971 976 1070 1001 oestate
1084 971 1151 999 vitis
1164 971 1547 1010 nudettcr,jbllc1qztcpalmi-

838 1012 915 1041 tibus
936 1011 1136 1045 detrahantur,
1161 1016 1193 1040 ut
1216 1011 1411 1040 maturitatem
1428 1013 1547 1048 fructus

839 1061 940 1090 capere
963 1050 1065 1089 possit,
1085 1054 1112 1078 et
1134 1060 1168 1077 ne
1189 1050 1247 1077 situ
1264 1053 1422 1088 putrescat.
1462 1049 1547 1078 Idem

839 1090 868 1118 iu
884 1090 1037 1118 arboribus
1053 1088 1115 1117 fieri
1136 1098 1256 1117 necesse
1269 1094 1327 1122 est,
1348 1088 1457 1126 quibus
1471 1088 1548 1117 vites

840 1139 872 1158 se
887 1130 1051 1172 adjungunt
1064 1132 1094 1155 et
1108 1128 1301 1161 sustinentur,
1309 1138 1344 1156 ne
1360 1126 1467 1154 aemula
1483 1137 1548 1155 um-

839 1168 892 1196 bra
905 1167 958 1195 vni
971 1166 1084 1195 noceat.
1098 1166 1142 1194 H.
1185 1166 1226 1195 H.
1238 1166 1364 1194 Vossius
1378 1165 1548 1203 proverbia-

837 1206 897 1235 lem
912 1205 1089 1235 locutionem
1110 1204 1186 1233 vidit
1208 1205 1237 1232 h.
1256 1204 1276 1234 l.
1296 1214 1368 1243 pro:
1391 1204 1491 1232 bibisti
1505 1204 1550 1232 vi-

839 1255 908 1273 num
924 1254 961 1273 ex
978 1243 1155 1281 semiputata
1169 1244 1232 1271 vite
1254 1243 1282 1271 in
1298 1243 1378 1271 ulmo
1399 1242 1549 1276 frondosa,

840 1284 869 1313 h.
885 1294 910 1312 e.
925 1283 1044 1315 insanis,
1061 1292 1078 1310 a
1092 1281 1299 1320 superstitione
1313 1281 1446 1320 petitam,
1461 1291 1548 1318 quam

840 1322 963 1351 Servius
981 1322 1018 1350 ad
1037 1322 1065 1350 h.
1082 1321 1101 1349 l.
1115 1321 1244 1349 notavit:
1265 1321 1295 1349 in
1317 1320 1409 1348 sacris
1423 1319 1478 1348 dici
1493 1321 1548 1357 su-

840 1371 905 1390 rore
920 1360 1028 1398 corripi
1043 1370 1115 1391 eum,
1132 1360 1183 1398 qni
1200 1359 1404 1396 sacrificaverit
1423 1358 1455 1387 (le
1470 1359 1548 1393 vino,

839 1401 915 1444 qnod
927 1404 968 1428 cst
982 1400 1015 1428 (le
1029 1398 1133 1427 vitibus
1149 1399 1307 1436 imputatis.
1346 1398 1388 1427 Et
1402 1397 1451 1426 lex
1466 1397 1549 1426 utilis

839 1443 916 1468 mter
930 1439 1037 1467 Numa:
1052 1437 1131 1480 leges
1147 1440 1343 1466 memoratur:
1365 1436 1436 1464 Diis
1450 1446 1484 1464 ex
1499 1436 1548 1464 im-

835 1482 940 1516 putata
955 1477 1010 1505 vile
1028 1487 1061 1504 ne
1076 1475 1191 1504 libanio.
1212 1475 1335 1505 W.-71
1359 1473 1436 1509 Quin
1450 1479 1481 1502 tu
1493 1484 1548 1512 po-

836 1517 895 1544 tins
918 1515 1028 1554 aliquid
1050 1514 1148 1542 saitem
1168 1524 1271 1542 eorum
1297 1523 1417 1551 quorum
1443 1513 1550 1551 indiget

835 1565 916 1587 usus,
942 1564 1009 1590 quae
1032 1554 1068 1580 ad
1093 1562 1179 1580 usum
1194 1552 1264 1579 vitae
1280 1551 1400 1579 rusticae
1413 1561 1549 1580 necessa-

837 1593 892 1625 ria,
906 1592 1003 1620 facere
1021 1599 1118 1623 curas,
1138 1589 1207 1618 scil.
1219 1599 1271 1617 vas
1286 1589 1416 1627 aliquod,
1436 1590 1483 1619 vel
1499 1600 1549 1618 ca-

90 1630 160 1659 bulo
176 1630 231 1659 hoe
247 1635 362 1668 tempus
377 1633 423 1658 est
437 1634 579 1666 βουλυτὸς.
840 1630 963 1663 lathum,
979 1633 1100 1662 τάλαρον
1114 1637 1151 1665 ap
1159 1627 1301 1663 Theocr.;
1322 1628 1386 1656 haec
1402 1633 1469 1657 sunt
1479 1638 1548 1657 cou-

130 1670 170 1698 68
190 1669 317 1697 Theocr.
343 1668 420 1702 VII,
448 1670 575 1697 56.--69
603 1668 650 1696 Ex
673 1667 800 1697 Theocr.
840 1673 936 1697 tracta
965 1668 993 1696 in
1018 1677 1104 1694 unam
1132 1666 1392 1695 sententian1.-—72
1420 1667 1549 1696 detexere

92 1706 156 1741 XI,
169 1708 208 1735 72
221 1717 267 1745 sq.
282 1706 431 1735 Praeclare
445 1717 477 1735 se
490 1717 566 1735 nuuc
580 1716 597 1735 a
611 1716 682 1734 cura
695 1707 801 1735 amoris
831 1707 922 1744 junco
934 1706 972 1734 cf.
986 1704 1096 1733 Tibull.
1112 1704 1158 1732 ΙΙ.
1175 1706 1203 1732 3.
1221 1703 1408 1739 15.-mollts·,
1428 1705 1548 1740 flexilis,

92 1745 132 1773 ad
151 1755 236 1774 curas
251 1745 429 1774 domesticas
444 1746 653 1774 revocat.-—70
668 1744 800 1782 Semipu-
840 1744 1010 1780 {nvom—H.
1022 1742 1211 1772 73.alium-A
1218 1743 1301 1771 lexin.
1318 1744 1367 1771 Ita
1379 1744 1450 1772 Tac.
1464 1744 1549 1773 Hist.

90 1787 155 1811 tata
168 1783 256 1821 eibis.
268 1794 297 1813 v.
309 1783 346 1811 ad
359 1782 425 1812 Ecl.
439 1783 467 1818 I,
492 1785 530 1812 57
544 1788 575 1812 et
595 1784 650 1812 Ge.
665 1783 714 1818 II,
735 1784 804 1813 410.
844 1784 901 1818 lv,
916 1784 966 1812 73.
1005 1781 1065 1811 Sed
1074 1791 1108 1809 ue
1118 1781 1185 1818 quis
1198 1781 1272 1810 alius
1283 1782 1452 1811 Ariovistus
1462 1792 1549 1821 regno

92 1823 292 1861 Amputantur
309 1825 407 1852 autem
427 1822 504 1852 vites
519 1822 565 1851 bis
588 1822 619 1850 in
634 1832 718 1857 anno,
743 1822 803 1860 pri—
845 1823 1010 1853 Galliarum
1019 1820 1177 1860 potiretur.
1210 1820 1258 1850 ΗΓ.

720 1975 916 2000 ...ο-...-

357 2113 659 2156 ECLOGA
718 2113 815 2155 111.
876 2080 1277 2157 PALAEMON.

613 2226 1034 2266 ARGUMENTUM.

95 2338 343 2376 DrscrerAN'r
370 2338 443 2376 hoc
473 2337 638 2376 carmine
662 2338 816 2376 alternis
836 2338 1007 2376 versibus
1026 2338 1102 2375 duo
1119 2346 1303 2388 pastores,
1336 2338 1548 2385 Damoetas,

94 2393 211 2430 boum
230 2406 267 2430 v.
288 2395 364 2436 29„
384 2400 466 2430 tum
495 2399 534 2428 et
552 2392 681 2429 ovium
699 2391 860 2442 AEgonis
879 2402 1006 2429 custos
1025 2405 1061 2429 v.
1084 2395 1121 2437 2,
1137 2400 1175 2429 et
1193 2392 1400 2438 Menalcas,
1418 2407 1548 2443 capra-

95 2446 185 2491 rius,
206 2446 243 2483 in
262 2444 398 2496 puerili
415 2451 526 2482 aetate
548 2446 600 2493 (v.
623 2448 692 2491 33)
712 2446 963 2490 constitutus3
989 2445 1097 2494 cujus
1117 2445 1302 2490 carminis,
1321 2448 1549 2484 amoebaeum

95 2498 245 2544 dicitur,
274 2512 320 2536 ea
338 2497 403 2535 lex
421 2505 490 2542 est,
518 2505 562 2534 ut
580 2498 622 2543 is,
652 2499 717 2548 qui
736 2498 952 2550 respondet,
976 2498 1110 2534 iisdem
1130 2498 1301 2536 versibus
1320 2513 1364 2537 ac
1382 2500 1548 2537 numeris

97 2561 162 2589 aut
170 2551 401 2590 contrarium
410 2559 475 2588 aut
487 2549 610 2601 majus
625 2559 663 2588 et
675 2551 870 2602 pulchrius
883 2551 1026 2601 aliquid
1038 2551 1149 2596 dicat,
1161 2559 1227 2588 aut
1236 2551 1314 2589 ulla
1323 2553 1396 2590 alia
1405 2554 1548 2590 ratione

97 2605 218 2643 simile
237 2605 328 2655 quid
348 2603 534 2654 subjiciat.
589 2603 672 2642 Nec
690 2619 842 2643 necesse
866 2613 923 2642 est
949 2618 998 2641 ex
1017 2604 1149 2641 eodem
1179 2606 1306 2642 omnia
1324 2613 1548 2656 argumento

97 2658 214 2706 petita
243 2659 329 2704 sint,
358 2658 426 2696 sed
459 2655 572 2695 variae
600 2670 643 2694 ac
668 2658 828 2696 diversae
851 2658 961 2708 plane
981 2671 1039 2695 res
1059 2659 1210 2696 tractari
1226 2668 1408 2709 possunt3
1440 2657 1548 2707 cujus

99 2711 251 2760 quidem
281 2712 336 2751 rei
367 2712 464 2751 bene
495 2723 681 2749 memores
714 2725 796 2751 esse
828 2711 1021 2758 debemus,
1049 2725 1096 2751 ne
1116 2720 1335 2763 argutemur
1353 2712 1392 2749 in
1410 2710 1548 2749 consti-
