1796 3077
554 161 894 200 GEORGICON.
952 162 1056 202 LIB.
1086 164 1138 202 II.

126 281 222 324 Nec
243 282 376 324 varios
396 281 556 324 inhiant
575 283 754 338 pulchra
771 284 982 327 testudine
1002 292 1158 340 postes,

125 338 358 394 illusasque
379 354 481 380 auro
501 349 650 390 vestes,
682 341 988 396 Ephyreiaque
1009 357 1120 392 aera3

124 394 239 437 Alba
259 411 395 451 neque
415 395 594 452 Assyrio
615 398 784 439 fucatur
803 398 900 439 lana
920 414 1096 448 veneno,

124 451 220 494 Nec
239 454 353 495 casia
372 453 520 508 liquidi
537 456 820 510 corrumpitur
839 470 939 496 usus
961 455 1081 498 olivi:

122 507 186 550 At
202 524 350 552 secura
368 511 499 565 quies,
530 519 574 554 et
592 513 734 554 nescia
750 511 896 553 fallere
915 513 1014 562 vita,

121 565 256 608 Dives
275 582 404 622 opum
422 569 631 610 variarum
647 585 657 619 ;
688 576 732 610 at
749 568 844 610 latis
864 569 952 610 otia
971 569 1125 619 fundis,

120 621 358 677 Speluncae,
389 625 553 680 vivique
572 626 714 678 lacus3
745 633 789 667 at
807 625 963 681 frigida
982 626 1161 681 Tempe,

120 679 400 736 Mugitusque
420 683 560 733 boum,
591 682 820 737 mollesque
842 684 922 724 sub
943 684 1093 725 arbore
1114 684 1247 725 somni

118 735 223 778 Non
242 739 395 779 absunt
411 755 422 788 ;
452 739 536 780 illic
554 739 686 780 saltus
707 754 755 781 ac
775 739 908 780 lustra
928 739 1134 790 ferarum3

119 792 180 834 Et
198 795 361 848 patiens
382 806 558 850 operum
578 796 818 850 exiguoque
840 803 1008 837 assueta
1022 797 1220 850 juventus
1239 813 1250 846 3

117 849 250 892 Sacra
269 851 410 901 deum,
440 853 656 906 sanctique
676 859 843 907 patres3
875 860 1064 894 extrema
1084 868 1161 907 per
1180 853 1271 894 illos

1495 685 1580 727 470

116 906 289 948 Justitia
306 909 518 950 excedens
538 909 659 950 terris
680 908 857 963 vestigia
877 909 989 950 fecit.

173 964 250 1006 Me
270 979 370 1006 vero
388 966 569 1019 primum
589 966 733 1007 dulces
752 972 850 1006 ante
871 967 1009 1007 omnia
1030 965 1184 1014 Musae,

1488 967 1571 1008 475

117 1021 310 1067 Quarum
330 1036 447 1064 sacra
466 1022 556 1064 fero
576 1023 735 1077 ingenti
751 1037 978 1076 percussus
1000 1037 1155 1072 amore,

114 1140 207 1166 totam
217 1137 350 1171 domum,
365 1138 485 1173 atrium,
499 1138 678 1177 repleverat.
704 1139 820 1168 Eodem

110 1176 189 1205 unda
200 1176 386 1206 salutantium
400 1177 490 1215 facit3
512 1178 556 1207 sie
580 1182 611 1207 et
632 1178 721 1215 effusa
744 1178 820 1206 mul-

114 1214 212 1243 titudo
236 1214 348 1244 dicitur
378 1216 466 1244 vomit
489 1215 609 1254 for-ibus
641 1227 695 1256 per
729 1217 819 1245 fores.

111 1253 255 1283 Ceterum
280 1254 346 1284 haec
372 1254 478 1283 eadem
509 1257 664 1294 expressit
696 1256 820 1284 brevius

110 1291 221 1321 Horat.
260 1292 427 1337 Fen-umque
441 1293 511 1323 vitat
528 1299 556 1324 et
575 1293 698 1333 superba
716 1294 817 1323 cit-ium

111 1330 312 1360 Potentiorum
326 1332 436 1360 limma.
474 1334 544 1362 463.
563 1334 622 1362 464
642 1333 675 1362 Si
695 1343 751 1362 non
768 1342 818 1361 su-

109 1370 321 1408 perbapalatia
330 1371 468 1400 incolunt.
488 1372 538 1401 Ad
550 1373 693 1401 verbum:
715 1371 751 1400 Si
763 1381 818 1399 non

109 1408 239 1444 habent3
260 1413 291 1438 at
303 1420 391 1448 quam
405 1409 592 1448 splendidius
606 1421 661 1449 pro
685 1421 719 1440 eo
742 1409 817 1438 inhi-

108 1451 172 1482 ant,
192 1447 302 1477 habere
315 1449 450 1487 cupiunt,
470 1450 497 1478 si
510 1460 567 1479 non
579 1450 688 1478 habere
700 1452 816 1483 curant,

101 1490 204 1524 postes
231 1486 329 1515 varios
350 1487 475 1526 pulchra
505 1488 656 1522 testudine,
681 1488 710 1516 h.
736 1488 815 1516 fores

106 1534 197 1563 opere
211 1525 375 1565 variegato,
391 1527 582 1561 testudinem
601 1527 676 1555 conf.
692 1535 818 1563 expres-

106 1572 156 1592 sos
180 1563 247 1593 hinc
271 1575 377 1594 versus
402 1565 516 1594 Lucani
540 1565 586 1599 X,
614 1566 684 1594 120.
709 1565 816 1594 121.-

104 1606 197 1631 vestes
222 1603 385 1641 stragulas,
414 1614 485 1631 mtto
510 1603 620 1638 illusas,
646 1603 675 1631 h.
704 1603 816 1641 pictas,

103 1640 232 1676 (ludere,
253 1641 343 1676 lusus,
363 1641 528 1676 ludibrium,
550 1645 635 1678 ὕβρις,
659 1646 728 1670 sunt
742 1643 818 1671 arti*

106 1678 167 1708 ficii
192 1684 329 1708 naturam
351 1680 495 1709 imitantis
520 1680 684 1717 voeabula)
711 1680 814 1720 Ephy-

102 1718 225 1756 reiaque
249 1727 321 1753 cera,
352 1727 426 1748 vasa
453 1719 725 1748 Corinthia—465.
755 1722 815 1750 466

102 1756 137 1785 Si
156 1766 248 1795 porro
269 1767 324 1786 nec
348 1767 494 1796 purpurae
518 1767 572 1786 nec
594 1762 813 1798 unguentorum

102 1803 190 1824 nsum
213 1796 468 1834 habent.-—fucum
488 1796 527 1825 de
548 1796 690 1835 adoptato
710 1797 812 1827 colore

103 1843 283 1873 quocunque
304 1834 367 1863 dici
387 1839 499 1868 notum,
521 1838 555 1863 ut
573 1838 605 1863 et
623 1844 759 1864 venenum-
772 1836 810 1865 de

100 1872 210 1910 quovis
225 1882 327 1908 succo,
347 1873 377 1901 in
390 1873 497 1911 primis
510 1873 656 1903 amariore
670 1878 722 1903 ant
732 1874 809 1903 acri-

100 1911 361 1950 ore—Assyrium
383 1911 412 1941 h.
432 1912 454 1941 1.
473 1922 529 1949 pro
551 1912 639 1950 Syrio
662 1916 693 1941 et
715 1913 809 1942 Phoe-

99 1949 190 1978 nicio.
221 1950 273 1979 Sic
284 1953 427 1985 Ἀσσύριον
439 1953 525 1983 ξεῖνον
535 1951 743 1989 accipiendum
752 1962 809 1990 pu-

100 1991 131 2016 to
152 1989 191 2018 de
212 1993 376 2018 mercatore
398 1989 555 2019 Phoenicio
576 1990 656 2028 apud
680 1990 810 2020 Theocr.

99 2026 146 2060 11,
170 2028 236 2056 162.
276 2029 324 2057 De
356 2028 435 2057 casia
461 2038 491 2057 v.
512 2039 580 2067 sup.
599 2029 638 2057 ad
666 2028 735 2057 Ecl.
759 2030 808 2065 11,

100 2066 158 2094 49:
180 2066 236 2095 Ge.
254 2066 300 2100 ΙΙ,
314 2067 384 2096 212.
422 2066 466 2097 At
479 2067 508 2096 h.
528 2067 550 2096 l.
571 2071 618 2097 est
632 2068 732 2097 frutex
745 2068 807 2103 ille,

99 2104 140 2132 de
165 2113 224 2142 quo
248 2103 328 2133 Plin.
347 2104 432 2140 XII,
452 2106 492 2135 43
519 2106 592 2145 agit,
617 2107 705 2144 cujus
727 2106 807 2145 ligna

99 2143 224 2171 odorata
247 2143 414 2172 miscebant
439 2144 717 2182 ungnentis—usus
739 2145 808 2173 olivi

98 2181 218 2210 doctius
234 2191 322 2219 quam
335 2182 444 2216 oleum,
465 2182 524 2222 quo
536 2188 671 2212 utuntur.
684 2183 737 2212 inf.
751 2184 806 2212 lib.

99 2219 166 2255 ΙΙΙ,
186 2221 242 2249 135
263 2218 390 2249 obtusior
407 2230 486 2250 usus.
525 2222 634 2251 Horat.
655 2223 716 2251 Od.
738 2223 806 2256 III,

100 2261 130 2293 l,
148 2260 198 2288 42.
234 2268 431 2297 purpurarum
451 2261 715 2299 usus.—corrumpi
734 2262 762 2290 h.
784 2261 805 2290 l.

97 2307 154 2336 pro
175 2298 306 2331 misceri,
329 2297 385 2325 sed
406 2298 546 2335 adjuncta
565 2300 686 2328 notione
706 2304 803 2329 muta-

98 2336 188 2366 tionis
200 2337 231 2366 in
249 2335 395 2371 deteriuS‚
414 2344 432 2365 a
451 2336 542 2366 luxus
563 2338 711 2376 pravitate
732 2348 802 2377 pro-

97 2376 196 2405 fectae.

135 2415 195 2444 467
214 2413 260 2443 At
272 2422 373 2442 secura
383 2412 474 2451 quies,
516 2422 585 2442 uam
600 2414 667 2452 quis
681 2415 743 2453 agit
757 2425 804 2444 se-

95 2463 179 2488 cure,
199 2453 314 2482 Lucan.
330 2452 368 2486 V,
389 2452 458 2480 526.
491 2424 617 2480 get-urus
630 2452 713 2489 hell.)-
723 2463 804 2491 prae-

95 2491 162 2520 dam
189 2491 318 2520 civilibus
343 2489 434 2518 armis
458 2489 522 2518 Scit
546 2500 604 2519 non
629 2501 690 2519 esse
711 2502 803 2521 cusas.

96 2529 174 2559 Tum
186 2530 281 2559 nescia
284 2528 391 2568 fallere
401 2528 461 2557 vita
473 2527 513 2556 nil
527 2527 607 2556 aliud
619 2538 685 2558 esse
698 2535 800 2567 potest

96 2579 184 2606 quam
210 2569 272 2598 vita
295 2573 368 2603 tuta,
393 2571 542 2601 constans,
564 2566 654 2595 nullis
679 2569 798 2598 casibus

95 2617 150 2635 nec
171 2607 264 2637 metui
285 2606 433 2636 obnoxia:
455 2616 521 2634 nam
540 2605 685 2633 antecedit
698 2616 799 2635 secura

96 2645 186 2683 quies.
225 2646 340 2675 Eadem
363 2645 436 2680 vita,
459 2655 526 2683 quae
549 2653 605 2672 nou
628 2643 715 2678 fallit,
737 2645 797 2674 vita

95 2694 152 2714 non
178 2684 282 2723 fallax,
301 2685 331 2715 h.
354 2694 380 2716 e.
405 2689 488 2714 certa
509 2694 543 2713 ac
564 2685 638 2718 tuta,
659 2686 797 2719 ἀσφαλής,

860 1137 901 1167 Et
916 1138 990 1167 hanc
1004 1137 1235 1177 explicationem
1248 1137 1372 1168 Servius
1393 1139 1571 1169 alterovloco

859 1177 970 1215 posuit.
992 1177 1034 1205 H.
1054 1178 1165 1205 nescius
1178 1176 1286 1214 fallere
1304 1178 1514 1215 compositum,
1536 1183 1569 1208 ut

858 1215 971 1244 nescius
989 1215 1086 1244 cedere
1107 1216 1215 1244 Horat.
1239 1216 1300 1244 Od.
1322 1217 1349 1245 1.
1369 1218 1399 1248 6,
1419 1218 1448 1245 6.
1488 1217 1520 1245 si
1537 1218 1566 1245 in

858 1254 1010 1292 prioribus
1031 1264 1133 1283 secura
1147 1255 1183 1283 ad
1199 1254 1333 1283 homines
1356 1255 1497 1293 pertinet,
1519 1256 1570 1294 qui

858 1292 951 1331 quiete
965 1293 1114 1328 fruuntur,
1129 1298 1360 1322 consentaneum
1375 1299 1432 1328 est,
1454 1294 1568 1332 epithe-

858 1336 909 1360 ton
923 1341 1041 1370 quoque
1054 1331 1260 1370 nesciafallere
1275 1333 1311 1360 ad
1327 1332 1461 1361 homines
1477 1333 1568 1362 vitam

858 1377 977 1409 agentes
1000 1370 1116 1404 referri,
1136 1370 1323 1409 intelligique
1338 1371 1428 1399 vitam
1444 1371 1567 1400 liberam

857 1418 873 1437 a
907 1409 984 1437 dolis
1011 1414 1041 1438 et
1065 1409 1193 1438 fallaciis
1222 1409 1251 1438 h.
1282 1419 1308 1438 e.
1341 1409 1569 1447 cupiditatibus.

856 1447 1004 1476 Exhibuit
1022 1448 1117 1486 igitur
1137 1448 1226 1477 Maro
1245 1447 1339 1476 vitam
1354 1453 1429 1476 melu
1443 1458 1565 1477 vacuam

856 1490 885 1515 et
897 1486 1093 1523 cupidinibus5
1115 1491 1147 1515 et
1157 1496 1192 1514 ea
1202 1486 1320 1514 demum
1333 1490 1380 1515 est
1393 1485 1455 1514 vita
1467 1487 1564 1515 beata.

859 1523 900 1552 W
900 1526 1018 1553 .-468.
1038 1524 1126 1552 Laiis
1145 1525 1204 1552 otia
1215 1524 1339 1562 j'zmslis:
1365 1533 1424 1552 non
1443 1525 1481 1553 de
1500 1524 1566 1554 lati-

854 1561 965 1590 fundiis
981 1562 1182 1600 cogitandum,
1203 1562 1256 1591 sed
1271 1567 1339 1592 sunt
1351 1563 1448 1601 campi
1460 1568 1489 1592 et
1503 1564 1564 1592 col-

854 1599 900 1628 les
921 1601 1028 1638 aperti,
1048 1601 1128 1630 unde
1147 1605 1326 1640 prospectus
1349 1606 1432 1640 patet
1452 1601 1562 1630 late.—

854 1640 914 1668 469
925 1639 1042 1678 sriyida
1061 1639 1174 1678 Tempe,
1196 1640 1345 1668 umbrosae
1360 1640 1564 1670 valles—470

853 1677 952 1706 molles
974 1678 1076 1713 somni,
1101 1678 1196 1713 lenes,
1219 1678 1371 1716 tranquilli
1394 1683 1424 1707 et
1448 1679 1562 1709 dulces.

853 1715 920 1745 Ecl.
941 1716 1019 1751 Vll,
1034 1718 1180 1746 45.-471
1199 1716 1291 1745 saltus
1308 1717 1430 1755 proprie
1442 1717 1480 1746 de
1493 1727 1561 1755 pas-

853 1754 1202 1793 cuis.——lustraferarnm
1216 1765 1272 1793 pro
1286 1755 1441 1784 venatione
1452 1766 1562 1785 memo-

850 1796 907 1822 rat.
937 1794 998 1823 472
1007 1804 1134 1833 operum,
1148 1795 1203 1823 int.
1213 1803 1288 1832 opus
1301 1794 1445 1823 rusticum
1456 1805 1464 1830 ;
1476 1794 1561 1824 labo-

849 1832 930 1861 riosa
939 1833 1095 1869 juventus.
1135 1833 1237 1871 exiguo
1262 1836 1388 1866 assueta,
1409 1837 1443 1861 ut
1457 1843 1564 1870 parvo.

848 1870 962 1900 Tibull.
990 1873 1017 1906 Ι,
1048 1874 1077 1906 1,
1105 1872 1143 1900 25
1163 1875 1311 1900 contentus
1337 1871 1432 1900 vivere
1454 1882 1561 1909 parva.

847 1910 906 1939 473
925 1910 988 1939 illic
1000 1920 1084 1939 sacra
1097 1910 1197 1946 deum‚·
1219 1920 1274 1948 pro
1290 1910 1420 1948 vulgari,
1434 1910 1465 1938 in
1479 1911 1561 1949 agris

849 1953 896 1977 est
910 1949 1016 1987 religio
1029 1959 1179 1978 sacrorum
1195 1953 1224 1978 et
1235 1949 1378 1977 sanctitas
1390 1953 1558 1986 parentum,

850 1991 880 2016 et
892 1987 1054 2017 liberorum
1067 1988 1175 2026 pietas.
1214 1988 1299 2025 Ergo
1315 1987 1367 2021 ait,
1381 1987 1423 2016 ibi
1439 1988 1559 2016 demum

849 2036 916 2055 esse
931 2036 1024 2061 sacru,
1041 2037 1111 2055 vere
1126 2035 1220 2059 sacra,
1236 2036 1322 2055 sacra
1334 2026 1377 2054 ibi
1391 2029 1474 2054 caste
1488 2026 1559 2060 coli,

847 2064 911 2093 illio
937 2064 1080 2102 pietatem
1106 2069 1137 2094 et
1160 2068 1273 2092 metum
1294 2064 1416 2092 deorum
1439 2073 1556 2092 esse.—

845 2103 940 2131 sancti
961 2108 1072 2141 patres,
1093 2101 1287 2135 venerabiles,
1317 2102 1369 2140 qui
1394 2105 1495 2130 sancte
1523 2112 1558 2131 ac

846 2141 895 2179 pie
911 2142 1067 2178 coluntur‚·
1089 2141 1117 2171 h.
1139 2152 1165 2169 e.
1186 2140 1249 2169 illic
1272 2140 1392 2168 demum
1413 2140 1556 2169 sanctitas

846 2190 949 2209 senum
963 2180 1094 2209 exsistit.
1132 2180 1191 2208 474
1212 2182 1337 2207 extrema
1345 2189 1402 2217 per
1413 2178 1478 2207 illos
1492 2189 1555 2207 res-

844 2219 916 2257 tiyia
928 2219 1012 2256 fecit,
1034 2229 1102 2247 cnm
1118 2218 1234 2247 scilicet
1250 2218 1313 2255 jam
1331 2221 1399 2247 aute
1419 2217 1502 2246 aulas
1524 2222 1555 2247 et

844 2258 955 2295 palatia
992 2259 1147 2287 beatorum
1183 2256 1366 2295 reliquisset.
1401 2266 1430 2285 v.
1468 2257 1555 2285 Arat.

844 2296 950 2325 Phaen.
972 2298 1028 2325 100
1055 2307 1121 2335 sqq.
1161 2296 1332 2333 Supersunt
1351 2294 1429 2323 inter
1448 2304 1552 2338 agres-

843 2338 889 2363 tes
902 2334 1032 2371 vestigia
1045 2336 1155 2374 priscae
1165 2333 1295 2372 justitiae
1315 2336 1346 2361 et
1363 2333 1553 2363 innocentiae.

879 2372 1037 2402 475—-189
1057 2374 1134 2403 Ante
1163 2372 1262 2401 omnia
1286 2370 1396 2401 studiis
1417 2371 1553 2410 philoso-

844 2412 923 2449 phjae
940 2422 974 2441 ac
996 2416 1109 2441 naturae
1128 2414 1331 2440 consecratam
1348 2409 1443 2438 vitam
1463 2420 1550 2448 agere

847 2460 880 2479 se
894 2450 973 2479 velle
987 2451 1027 2479 ait
1039 2461 1047 2485 ς
1068 2451 1149 2488 quod
1163 2449 1189 2477 si
1205 2458 1260 2477 non
1274 2448 1404 2483 licuerit,
1424 2454 1455 2477 at
1468 2453 1549 2477 certe

842 2489 995 2518 rusticam.
1015 2489 1149 2526 Utraque
1161 2487 1239 2516 enim
1247 2487 1310 2516 vita
1317 2488 1405 2516 beata
1414 2491 1444 2516 et
1453 2497 1548 2524 exop—

842 2528 960 2561 tabilis3
988 2528 1048 2556 490
1077 2537 1142 2565 sqq.
1175 2526 1298 2555 alterius
1318 2530 1414 2555 tamen
1433 2525 1549 2554 deliciis

838 2577 872 2596 ac
884 2567 969 2595 bonis
980 2565 1187 2594 describendis
1199 2565 1381 2593 immoratur.
1412 2565 1544 2601 Expres*

838 2607 877 2635 sit
900 2606 964 2634 haec
987 2610 1090 2633 auctor
1114 2603 1234 2642 Dialogi
1254 2603 1291 2632 de
1306 2605 1426 2632 Orator.
1446 2612 1472 2631 c.
1498 2603 1544 2635 13,

837 2645 938 2681 digno,
961 2644 1012 2681 qui
1027 2646 1225 2681 comparetur,
1247 2642 1323 2671 loco.
1527 2679 1529 2682 Α

875 2684 942 2712 475.
964 2683 1023 2711 476
1037 2682 1178 2720 primum,
1198 2685 1264 2710 ante
1288 2679 1401 2713 οιηηὶαῐ
1429 2683 1461 2708 ut
1479 2689 1543 2717 pn—
