1796 3077
641 278 906 317 AENEIDOS.
937 279 1037 316 LIB.
1068 278 1182 314 vm.

176 403 335 445 Fumus
354 405 455 458 agit,
473 401 711 456 nebulaque
733 404 880 457 ingens
901 418 1051 457 specus
1072 408 1223 442 aestuat
1243 407 1348 440 atra.

174 461 260 502 Hic
281 461 439 502 Cacum
460 461 501 501 in
523 461 709 501 tenebris
730 460 924 501 incendia
944 475 1051 500 vana
1065 465 1303 499 vomentem

174 518 362 573 Corripit
380 519 422 558 in
441 518 599 558 nodum
620 517 877 572 complexus,
895 524 937 558 et
956 517 1074 570 angit
1093 514 1302 556 inhaerens

176 574 316 615 Elisos
337 575 496 624 oculos,
518 583 561 616 et
581 575 736 616 siccum
758 574 961 629 sanguine
981 581 1143 629 guttur.

174 631 383 673 Panditur
402 631 616 687 extemplo
637 632 798 673 foribus
819 632 968 672 domus
989 638 1081 671 atra
1099 628 1297 677 revulsis3

170 688 499 744 Abstractaeque
520 691 649 730 boves
670 690 961 743 abjurataeque
980 688 1138 742 rapinae

172 746 294 787 Coelo
316 747 610 795 ostenduntur,
631 746 898 800 pedibusque
918 744 1095 786 informe
1116 743 1297 785 cadaver

171 802 454 844 Protrahitur.
514 803 748 857 Nequeunt
767 802 929 857 expleri
948 803 1079 843 corda
1098 800 1259 842 tuendo

172 860 404 901 Terribiles
424 859 585 911 oculos,
605 859 778 908 vultum,
798 859 1026 913 villosaque
1048 859 1159 898 saetis

170 917 352 957 Pectora
373 916 568 965 semiferi,
591 923 718 970 atque
734 916 965 957 exstinctos
985 916 1177 956 faucibus
1197 915 1328 968 ignes.

170 973 242 1014 Ex
262 973 333 1014 illo
353 973 590 1015 celebratus
611 973 758 1021 honos,
778 972 948 1027 laetique
968 974 1149 1013 minores

172 1032 402 1072 Servavere
424 1031 548 1080 diem,
563 1031 808 1085 primusque
831 1030 1013 1070 Potitius
1034 1036 1193 1079 auctor,

170 1088 230 1128 Et
252 1088 401 1128 domus
425 1087 627 1129 Herculei
647 1094 788 1128 custos
811 1086 981 1127 Pinaria
1002 1088 1123 1128 sacri.

170 1145 296 1186 Hanc
317 1160 430 1185 aram
461 1144 556 1185 luco
577 1145 734 1192 statuit,
757 1158 853 1198 quae
876 1143 1067 1184 Maxima
1087 1159 1254 1198 semper

170 1202 353 1242 Dicetur
373 1203 506 1250 nobis,
527 1208 571 1241 et
589 1202 669 1241 erit
688 1215 784 1254 quae
806 1202 987 1241 maxima
1009 1215 1188 1253 semper.

169 1258 316 1304 Quare
338 1259 464 1312 agite,
487 1273 512 1298 0
526 1258 719 1312 juveneS,
742 1264 954 1298 tantarum
973 1257 1017 1297 in
1036 1271 1208 1297 munere
1229 1256 1405 1296 laudum

169 1315 335 1370 Cingite
357 1315 508 1356 fronde
524 1329 680 1363 comas,
702 1321 746 1355 et
765 1314 918 1368 pocuh
936 1314 1104 1369 porgite
1126 1314 1302 1361 dextris,

168 1372 529 1426 Communemque
549 1379 697 1412 vocate
717 1372 860 1420 deum,
881 1379 924 1412 et
943 1371 1043 1412 date
1063 1372 1158 1411 vina
1177 1370 1380 1411 volentes.

168 1430 375 1470 Dixerat:
408 1428 626 1470 Herculea
643 1426 805 1468 bicolor
825 1443 955 1481 quum
973 1426 1157 1482 populus
1178 1428 1328 1467 umbra

170 1486 211 1528 V
214 1485 424 1540 elavitque
445 1500 586 1527 comas
607 1484 799 1540 foliisque
819 1484 975 1526 innexa
993 1484 1220 1540 pependit3

1541 280 1632 324 491

1542 794 1628 835 265

1533 1369 1617 1408 275

163 1612 438 1651 ruptisfornarilms
446 1611 586 1641 AEtnam.
624 1612 740 1641 Ornate
758 1610 867 1640 omnia.

164 1653 262 1680 —258
288 1651 391 1680 nebula
415 1661 516 1689 specus
540 1655 644 1680 aestuezt
656 1661 665 1678 .·
709 1650 810 1679 fumus
838 1649 867 1678 in

164 1700 260 1728 specu
295 1694 417 1723 aestuat,
450 1690 544 1718 instar
578 1700 664 1728 aquae
696 1689 869 1718 ebullientis

166 1739 328 1767 assurgens
348 1734 379 1757 et
396 1729 424 1757 in
447 1738 535 1757 auras
554 1738 586 1757 se
607 1728 768 1762 evolvens,
790 1732 869 1759 (nani

167 1772 277 1796 aestuat
291 1778 382 1801 mare,
394 1767 482 1806 ignis,
498 1777 572 1796 nunc
587 1767 702 1803 fumus)
716 1770 763 1795 est
779 1776 864 1804 ergo:

167 1817 226 1844 qua
245 1816 354 1845 specus
370 1811 454 1843 parte
469 1806 669 1834 densissimus
690 1810 735 1834 est
758 1805 867 1833 fumus.

165 1845 335 1874 —260261
347 1846 434 1874 elidit
446 1846 546 1874 fauces
557 1844 629 1873 Caci
637 1849 720 1873 arcto
729 1844 866 1872 brachio-

167 1894 231 1911 rum
248 1884 326 1912 nodo
341 1883 516 1912 constricti:
540 1893 621 1912 more
636 1882 790 1916 Herculis,
805 1892 866 1919 quo

165 1922 213 1950 leo
226 1927 254 1951 et
265 1923 391 1951 Antaeus
403 1922 460 1951 fuit
471 1923 608 1951 occisus:
625 1922 712 1951 aliter
724 1922 866 1959 Propert-

163 1962 223 1994 JV,
236 1963 266 1994 9,
280 1963 329 1990 25.
351 1971 418 1990 cum
444 1961 538 1989 Ovid.
565 1962 580 1989 I
608 1961 692 1989 Fast.
719 1961 788 1993 576,
815 1960 866 1989 ubi

165 2000 251 2028 clava
263 1999 446 2029 interimitur
460 2000 570 2029 Cacus.
586 2000 614 2028 in
629 1999 731 2028 nodum
746 1998 865 2027 doctius

163 2049 252 2076 quam
266 2049 322 2077 per
335 2039 455 2072 nodum,
468 2038 724 2076 nodo-complexus
733 2038 867 2076 corripit,

163 2082 326 2115 arreptum,
343 2078 574 2116 complectitur3
596 2082 659 2106 tum
674 2078 755 2115 angit
771 2077 863 2105 fauci-

165 2117 220 2144 bus
234 2117 419 2155 compressis
434 2117 488 2150 sic,
507 2121 541 2145 ut
561 2117 710 2146 elidantur
723 2126 777 2144 ora
789 2115 862 2144 deti-

166 2155 285 2192 cietque
300 2156 420 2194 sanguis
442 2155 470 2183 in
487 2155 568 2184 venis
582 2155 714 2194 gutturis
728 2154 866 2183 coartati.

164 2194 261 2222 —263
274 2193 415 2231 abjurata}
425 2193 553 2232 rapina’5
570 2194 699 2232 respicit
709 2193 864 2231 epitheton

164 2242 225 2260 rem
240 2242 328 2269 supra
343 2242 398 2261 non
413 2238 618 2265 memoratam,
633 2233 687 2262 sed
706 2232 864 2260 intellectu

163 2271 280 2299 facilen]
294 2281 299 2298 2
316 2272 429 2300 Cacum
442 2271 575 2309 perjurio
586 2281 712 2310 negasse
726 2281 757 2299 se
771 2272 864 2300 boves

165 2311 245 2347 apud
262 2320 295 2338 se
310 2309 527 2338 habere.—·265
542 2310 582 2338 cf.
594 2311 632 2339 Il.
646 2324 673 2344 χ,
687 2311 745 2338 369
759 2320 826 2348 sqq.

203 2350 261 2377 268
276 2348 356 2377 Hinc
372 2357 488 2376 sacrum
509 2349 538 2376 in
558 2349 699 2377 honorem
720 2347 863 2377 Herculis

163 2388 311 2416 celebrari
338 2387 443 2424 coepit,
466 2387 547 2424 quod
575 2388 689 2425 posteri
721 2387 862 2416 traditum

162 2430 334 2458 servarunt,
368 2426 410 2454 ita
442 2429 476 2452 ut
501 2425 597 2454 adhuc
625 2426 859 2455 anniversarium

161 2465 297 2494 sollenne
312 2465 546 2499 agamus.—·269
565 2474 610 2502 sq.
632 2466 670 2493 cf.
690 2475 758 2503 sup.
775 2464 812 2493 ad
831 2474 859 2492 v.

163 2505 220 2532 193
234 2514 293 2541 sq.:
318 2504 448 2532 Nax-rata
458 2512 506 2530 res
521 2506 569 2531 est
581 2512 598 2531 a
611 2504 676 2531 Liv.
686 2504 713 2536 1,
726 2506 743 2532 7
755 2507 786 2531 et
798 2502 860 2537 IX,

161 2544 218 2572 29:
243 2543 371 2579 Dionys.
386 2542 413 2573 l,
433 2542 489 2569 39:
524 2541 665 2578 Propert.
685 2542 744 2576 lv,
762 2543 793 2574 9,
811 2543 861 2575 67,

161 2583 219 2609 68:
256 2582 362 2610 Tacito
385 2581 462 2609 Anu.
487 2579 565 2612 XV,
588 2581 734 2608 41.—‘.>?0
755 2585 862 2613 custos,

162 2620 296 2653 antistes,
311 2630 377 2657 quae
391 2623 509 2647 curaret
521 2628 648 2646 sacrum.
660 2619 759 2647 domus
770 2619 862 2648 Pina-

163 2658 209 2686 ria
223 2668 277 2696 pro
294 2658 416 2686 Pinario
430 2668 454 2685 s,
470 2657 704 2685 Pinariis-271
729 2658 785 2686 Est
798 2657 863 2685 ha¹0

160 2707 216 2725 ara
230 2696 362 2728 maxima.
379 2697 415 2725 de
431 2706 488 2735 qua
505 2706 610 2733 inagna
625 2700 672 2723 est
685 2696 863 2734 disputatio,

161 2745 231 2765 cum
251 2736 288 2764 de
306 2735 382 2770 loco,
399 2740 461 2764 tum
477 2736 514 2764 de
529 2734 645 2763 nomine
665 2734 758 2763 ovid.
779 2734 862 2763 Fast.

907 1612 934 1645 I,
959 1612 1027 1640 582.
1069 1610 1283 1648 Constituilque
1306 1609 1373 1643 sibi,
1392 1619 1456 1652 (μισ
1478 1608 1617 1637 Maxima

906 1650 1023 1684 dicitnr,
1037 1660 1132 1684 aram,
1148 1648 1219 1683 Hic,
1234 1649 1282 1677 ubi
1290 1658 1363 1687 pars
1382 1647 1472 1676 Urbis
1490 1647 1523 1675 de
1544 1647 1612 1675 bove

908 1699 1008 1717 nomen
1021 1688 1116 1717 habet.
1149 1688 1280 1717 Diversa
1292 1687 1385 1715 tradit
1401 1686 1606 1724 Dionys.Hal.

910 1728 940 1762 Ι,
952 1729 990 1756 39
1004 1733 1082 1757 extr.
1097 1738 1126 1765 p.
1139 1728 1187 1756 31.
1201 1725 1304 1755 ,statuit
1320 1725 1482 1755 Hercules.

947 1767 1005 1795 ‘273
1025 1771 1176 1794 tantarum
1189 1766 1219 1793 ἱιι
1231 1774 1345 1793 munere
1360 1764 1486 1792 laudum.
1527 1763 1607 1792 Bur-

910 1815 1033 1833 mannus
1059 1805 1170 1843 aliique
1192 1804 1246 1833 lib.
1260 1804 1301 1837 V,
1321 1804 1389 1832 652.
1411 1803 1469 1831 'nuc
1491 1808 1610 1835 vocant,

909 1844 960 1872 ubi
975 1854 1076 1872 munus
1091 1853 1146 1882 pro
1158 1852 1242 1872 sacro
1253 1842 1387 1881 positum
1399 1845 1456 1870 est.
1497 1841 1611 1869 Laudes

907 1883 1049 1911 dicuntur
1062 1882 1161 1921 politis
1176 1892 1231 1920 pro
1245 1881 1408 1909 virtutibus
1431 1884 1463 1909 et
1485 1885 1607 1908 strenue

907 1921 1012 1950 sactis:
1042 1931 1114 1965 ergo
1139 1921 1168 1948 ίη
1195 1930 1307 1948 numere
1331 1919 1447 1947 laudum
1470 1922 1515 1947 est
1537 1929 1606 1947 cum

907 1960 1012 1989 Servio
1026 1960 1229 1998 accipiendum
1243 1969 1249 1987 ι
1272 1959 1300 1987 in
1314 1958 1455 1986 honorem
1469 1958 1542 1985 tanti
1564 1959 1606 1985 fa-

905 1998 1028 2032 cinoris,
1052 2009 1111 2038 quo
1136 1999 1174 2027 de
1199 1998 1285 2026 nobis
1310 1997 1419 2025 meruit
1444 1996 1605 2025 Hercules.

906 2038 985 2066 conf.
1001 2047 1069 2074 sup.
1089 2036 1352 2066 185—133.-—·274
1365 2035 1507 2073 Sequitur
1522 2035 1606 2063 locus

906 2076 943 2103 de
971 2076 1124 2105 libatione.
1169 2075 1313 2113 Poryite‚·
1344 2083 1414 2107 nou,
1442 2074 1604 2102 secundum

906 2115 1060 2148 Servium,
1070 2120 1102 2142 ut
1114 2114 1188 2142 alter
1202 2114 1286 2142 alteri
1298 2123 1335 2141 ex
1347 2112 1449 2140 ordine
1462 2111 1604 2149 poculum

928 2154 1050 2184 raebeat.
1068 2157 1118 2182 aut
1140 2152 1276 2181 omnibus
1298 2150 1419 2179 famuli:
1447 2151 1501 2178 sed
1522 2151 1603 2188 quod

904 2163 1008 2220 iibauo
1030 2192 1062 2220 fit
1078 2201 1165 2219 mauu
1182 2194 1360 2227 exporrecta
1373 2193 1403 2217 et
1418 2189 1535 2225 prolato
1550 2199 1603 2226 po-

906 2231 991 2259 culo:
1027 2232 1171 2268 proferte,
1196 2229 1225 2257 in
1249 2229 1340 2257 altum
1366 2227 1473 2256 tollite.
1525 2228 1601 2256 Mox

905 2270 1002 2298 idenr:
1032 2270 1097 2297 date
1120 2269 1198 2301 vina,
1221 2267 1378 2296 effundite.
1421 2266 1602 2295 Communem

903 2308 985 2337 deum
998 2307 1134 2345 Trojanis
1149 2312 1178 2336 et
1193 2306 1373 2337 Arcadibus,
1387 2305 1537 2333 communi
1548 2306 1603 2333 foe-

904 2348 974 2376 dere
983 2346 1108 2385 junctis,
1120 2345 1292 2383 hospitibus
1306 2350 1337 2372 et
1348 2344 1461 2372 amicis.
1472 2344 1603 2373 vid.vss.

905 2385 972 2414 172.
988 2387 1053 2415 173.
1070 2386 1136 2414 174.
1176 2385 1227 2412 Sic
1241 2382 1446 2420 accipiendum
1459 2392 1527 2411 cuin
1539 2383 1602 2412 Do-

904 2429 992 2457 nato·,
1021 2424 1117 2453 aliena
1140 2423 1233 2451 multa
1254 2421 1406 2450 cumulant
1427 2421 1550 2450 Servius
1571 2426 1602 2451 et

900 2463 1090 2501 interpretes.
1140 2461 1199 2490 Inf.
1221 2460 1303 2494 XII,
1329 2460 1385 2488 118
1402 2470 1407 2487 ε
1442 2459 1601 2499 Rutulique

902 2502 957 2530 viri.
971 2502 1129 2540 Teucrisque
1142 2500 1178 2528 In
1188 2499 1424 2538 medioquefocos
1434 2503 1461 2527 et
1472 2499 1516 2527 dis
1527 2509 1602 2527 com-

901 2540 1032 2569 mum'bns
1048 2550 1117 2568 (ινω
1139 2537 1315 2566 Gramineus
1335 2538 1599 2576 parabant.-276.

901 2580 957 2608 277
974 2579 1051 2608 Cum
1067 2578 1112 2606 his
1126 2577 1217 2606 dictis
1229 2577 1374 2615 imposuit
1388 2575 1445 2604 sibi
1461 2577 1602 2605 Evander

903 2627 1040 2646 coronam
1057 2616 1217 2654 populeam
1233 2620 1263 2644 et
1277 2615 1364 2653 pleno
1377 2615 1488 2652 poculo
1500 2616 1600 2642 vinum

902 2656 1020 2684 libavit.
1069 2655 1145 2683 Cum
1167 2654 1295 2682 Romani
1318 2663 1435 2682 sacrum
1456 2654 1600 2682 facientes

904 2695 1003 2732 capite
1019 2700 1120 2722 essent
1134 2694 1249 2722 velato:
1273 2703 1303 2721 v.
1314 2692 1380 2725 111,
1393 2693 1449 2721 403
1462 2702 1507 2729 sq.
1521 2691 1600 2719 Her-

904 2733 964 2762 culi
983 2742 1098 2761 sacrum
1114 2732 1204 2761 fiebat
1228 2731 1402 2760 Graeeanico
1425 2731 1495 2764 ritu,
1521 2733 1600 2758 teste

958 2821 984 2829 -a
