1796 3077
623 217 890 261 AENEIDOS.

949 217 1048 255 LIB.
1081 218 1134 256 11.

170 339 321 382 Evado
342 339 397 380 ad
419 338 568 380 summi
589 338 756 394 fastigia
775 338 979 389 culminis,
1001 340 1114 381 unde

169 397 279 439 Tela
297 410 423 438 manu
443 397 582 438 miseri
598 397 818 451 jactabant
838 397 956 438 irrita
976 396 1148 438 Teucri.

169 453 357 503 Turrim,
379 454 422 494 in
442 453 651 508 praecipiti
669 460 861 502 stantem,
883 455 1137 508 summisque
1154 456 1233 498 sub
1253 460 1366 496 astra

1537 453 1621 494 460

168 510 385 553 Eductam
405 512 541 559 tectis,
562 511 676 552 unde
697 511 830 551 omnis
847 510 980 565 Troja
1001 511 1145 560 videri,

168 566 230 609 Et
250 568 449 609 Danaum
469 567 600 608 solitae
621 582 761 617 naves,
783 574 825 608 et
846 566 1014 609 Achaia
1033 575 1184 617 castra,

167 623 377 680 Aggressi
396 624 509 666 ferro
531 625 699 674 circum,
719 639 804 678 quo
825 640 986 666 summa
1004 624 1194 666 labantes

167 681 400 723 Juncturas
422 681 612 722 tabulata
632 682 804 730 dabant,
827 681 1096 723 convellimus
1114 681 1208 722 altis

167 738 379 788 Sedibus;
411 737 748 792 inpulimusque:
780 753 831 779 ea
850 738 968 793 lapsa
988 747 1163 793 repente
1185 736 1348 778 ruinam

1538 735 1620 776 465

169 795 277 836 Cum
299 796 436 836 sonitu
455 795 599 843 trahit,
621 802 664 835 et
685 795 885 835 Danaum
906 810 1033 848 super
1055 796 1221 849 agmina
1240 793 1324 834 late

166 851 335 893 Incidit.

167 908 372 949 Telorum
392 909 553 948 interea
573 915 710 948 cessat
730 922 877 962 genus.

396 851 478 892 Ast
498 850 568 891 alii
589 851 791 900 subeunt3
819 866 897 892 nec
919 866 1032 900 saxa,
1054 867 1131 892 nec
1150 851 1281 892 ullum

222 964 494 1006 Vestibulum
515 971 611 1005 ante
633 965 771 1018 ipsum
791 964 1011 1018 primoque
1028 964 1070 1004 in
1085 963 1225 1005 limine
1242 963 1432 1017 Pyrrhus

167 1021 382 1070 Exsultat,
404 1021 496 1062 telis
516 1028 559 1062 et
580 1021 672 1062 luce
695 1035 896 1062 coruscus
919 1021 1077 1061 ahena:

1537 1020 1622 1060 470

170 1078 335 1127 Qualis,
356 1079 430 1119 ubi
446 1079 489 1118 in
508 1077 645 1120 lucem
665 1078 851 1127 coluber,
873 1077 980 1118 mala
996 1077 1185 1132 gramina
1204 1083 1366 1130 pastus,

165 1135 341 1190 Frigida
363 1136 441 1176 sub
462 1142 575 1175 terra
595 1135 803 1175 tumidum
825 1150 950 1188 quem
970 1135 1120 1174 bruma
1140 1134 1324 1188 tegebat,

164 1192 296 1233 Nunc
316 1192 464 1246 positis
486 1207 619 1232 novus
641 1192 803 1232 exuviis
819 1192 1062 1245 nitidusque
1078 1191 1267 1245 juventa,

164 1287 283 1324 postica
313 1296 381 1316 cum
399 1290 516 1322 ornatu,
542 1297 630 1326 quem
657 1290 717 1315 tam
743 1286 876 1325 vulgaris

162 1327 213 1354 'res
234 1326 287 1355 vix
308 1326 428 1355 videtur
447 1336 554 1364 capere
574 1336 678 1364 posse,
698 1326 876 1364 designatur

165 1373 219 1402 per
243 1369 372 1403 quatuor
397 1365 679 1394 determinationes:
710 1369 758 1393 est
780 1364 874 1397 limen,

165 1407 235 1431 sunt
252 1413 344 1438 caecoe,
367 1404 395 1432 h.
409 1414 435 1432 e.
459 1404 568 1442 ignotae
591 1403 657 1432 aliis
680 1413 734 1432 nec
753 1403 875 1441 cognitu

165 1441 269 1470 faciles
284 1446 315 1470 et
330 1442 687 1481 obviae,fores—pcrvius
701 1452 772 1470 usus
787 1445 876 1470 tecto-

164 1489 232 1508 rum
247 1480 365 1508 Priami
383 1480 461 1508 inter
480 1491 520 1515 se,
542 1481 570 1509 h.
586 1492 612 1510 e.
635 1491 693 1518 qua
708 1490 877 1509 commeare

166 1521 197 1546 et
217 1519 378 1547 convenire
402 1529 434 1548 se
458 1519 589 1548 invicem
610 1519 766 1548 commode
790 1526 878 1556 poie-

165 1561 244 1591 rant,
262 1557 313 1595 qui
327 1557 533 1587 inhabitabant
545 1558 671 1596 regiam,
685 1558 714 1586 h.
726 1568 752 1586 e.
766 1557 879 1585 familia

166 1596 260 1633 regia,
280 1605 335 1633 per
353 1596 455 1634 plures
477 1596 594 1631 domos,
614 1600 648 1625 ut
669 1596 747 1634 apud
763 1596 878 1624 Home-

166 1643 234 1662 rum
252 1638 310 1669 est,
325 1635 373 1664 vel
395 1634 500 1673 palatii
515 1639 615 1673 partes
631 1634 780 1672 dispersa.
793 1635 878 1672 (usas

167 1676 320 1707 tectorum,
340 1674 368 1702 h.
384 1684 412 1703 e.
433 1674 533 1702 aditus
554 1678 714 1706 tectorum,
735 1676 798 1701 erat
809 1682 878 1711 per-

169 1711 243 1745 vius,
258 1712 287 1741 h.
299 1722 326 1740 e.
340 1712 382 1741 ita
390 1713 523 1750 patebat,
539 1717 572 1740 ut
583 1722 621 1741 ex
636 1721 693 1740 uno
707 1711 736 1740 in
750 1711 876 1740 alterum

168 1749 297 1779 transire
318 1754 455 1788 possent.
495 1751 596 1780 Verba
611 1750 715 1779 saltem
726 1754 878 1793 postesque

167 1788 263 1816 relicti
278 1790 389 1818 vellem
404 1790 555 1818 abessent.
573 1789 774 1827 lV.)-—postes
787 1788 880 1816 relecti

167 1836 186 1854 α
198 1831 290 1865 ἰρνῃο,
301 1828 330 1856 h.
346 1838 373 1856 e.
387 1833 485 1866 porta,
497 1838 564 1866 quae
577 1831 686 1866 atergo
697 1831 772 1861 erat,
781 1836 876 1865 oppo-

168 1865 227 1894 sita
239 1865 294 1901 illi,
307 1876 375 1904 quae
390 1870 455 1895 erat
470 1867 499 1895 iu
513 1866 625 1895 aedium
646 1867 754 1900 fronte,
776 1870 840 1894 tum
862 1875 878 1893 a

165 1904 283 1932 nemine
305 1909 436 1934 servata.
459 1905 498 1933 ad
517 1915 642 1939 soceros,
670 1904 826 1933 Priamum
848 1907 878 1932 et

166 1941 498 1972 Hecubam—trahebat
523 1943 781 1972 accommodatum
808 1943 877 1971 bre·

165 1980 254 2011 vibus
280 1982 367 2020 pueri
394 1983 550 2021 gressibus
571 1992 627 2020 pro
646 1982 785 2011 ducebat.
826 1980 877 2010 Sic

167 2029 234 2058 sup.
246 2030 277 2049 v.
287 2021 356 2049 320.
367 2031 548 2059 parvumque
558 2025 686 2059 nepotem
696 2020 764 2058 Ipse
775 2020 876 2049 trahit.

166 2058 263 2095 (Haec
277 2059 449 2088 Homericae
463 2059 623 2088 narrationi
636 2059 725 2088 Iliad.
736 2060 793 2093 VI,
805 2060 873 2088 389.

166 2096 234 2125 467.
249 2106 305 2126 non
318 2098 489 2127 accuratius
503 2098 696 2137 respondent,
710 2108 798 2136 quam
819 2097 876 2126 alia

167 2134 262 2164 multa
293 2146 309 2164 a
333 2136 463 2176 Virgilio
497 2136 647 2175 exposita.
687 2137 765 2165 Nam
794 2137 875 2174 apud

168 2172 336 2202 Homerum
355 2176 459 2204 nutrix
480 2175 619 2204 infantem
643 2179 751 2214 gestat.
772 2175 876 2212 W.)—

166 2211 224 2254 5147
236 2212 336 2247 evado,
351 2223 394 2242 sc.
407 2214 462 2243 hac
477 2218 565 2252 porta
580 2214 738 2253 ingressus
749 2213 874 2252 regiam,

166 2259 197 2277 ln
218 2250 334 2280 culmen
350 2255 380 2280 et
395 2251 433 2280 ad
454 2253 560 2281 turrim
577 2253 733 2291 perveniO.
748 2252 876 2290 sraeliyia

167 2298 242 2317 sum.
262 2288 345 2318 culm.
366 2294 437 2318 sunt
449 2300 597 2320 summum
611 2292 876 2321 culmea—460—

167 2328 226 2356 467
248 2327 287 2356 In
301 2328 451 2366 proecipiti
471 2334 560 2358 stant.
582 2331 611 2359 h.
626 2341 653 2359 e.
674 2330 703 2358 in
720 2330 781 2359 alto
794 2330 876 2368 posi-

167 2370 240 2401 tam,
261 2366 291 2394 in
312 2366 429 2395 summis
450 2367 567 2397 scilicet
586 2369 667 2398 tectis
682 2370 821 2398 eductam
831 2379 877 2396 :—

167 2405 244 2433 hanc
265 2415 281 2433 e
302 2405 408 2433 vicinis
421 2405 510 2439 locis,
528 2411 562 2435 ut
582 2408 721 2445 equidem
737 2408 876 2442 arbitror,

168 2443 276 2472 ferreis
292 2443 375 2472 uncis
397 2447 429 2472 et
449 2445 545 2473 contis
561 2450 732 2483 quassatam
752 2450 781 2475 et
795 2446 876 2475 labe-

165 2482 311 2511 factatam
324 2482 442 2511 taudem
456 2483 485 2511 in
499 2483 671 2513 obsidentes
683 2485 877 2523 dejiciunt.—

168 2531 226 2550 tua
247 2531 356 2550 summa
382 2521 512 2549 tabulata
531 2522 636 2551 dabant
651 2523 809 2560 juncturas
834 2523 876 2553 la-

168 2533 278 2589 dantes.
319 2560 388 2589 Jam
411 2560 440 2588 h.
455 2560 476 2588 l.
498 2570 636 2589 summum
650 2561 806 2590 tabulatum
823 2573 878 2590 cur

170 2599 291 2636 proprie
317 2599 431 2627 dictum
458 2598 547 2633 nolis,
571 2609 663 2628 causa
683 2601 791 2629 idonea
819 2611 875 2629 non

168 2641 233 2671 ,est3
255 2638 311 2666 hoc
327 2637 414 2666 facile
429 2637 606 2667 admittebat
621 2648 713 2666 uncos
731 2642 761 2667 et
774 2643 879 2668 contos

170 2674 200 2702 in
212 2675 361 2712 juncheris
382 2676 446 2705 suis
468 2686 536 2714 quae
555 2676 671 2705 facilius
689 2677 837 2706 cedebant
850 2684 880 2707 et

170 2712 316 2744 insortam
332 2725 438 2744 uncum
451 2715 647 2754 recipiebant,
662 2725 751 2754 quum
765 2716 880 2745 solidus

915 1285 1016 1324 paries
1028 1297 1034 1323 ;
1054 1286 1155 1324 itaque
1167 1286 1306 1320 labantes,
1320 1286 1475 1321 cedentes,
1488 1285 1624 1315 laxantes

915 1335 964 1353 se:
998 1330 1028 1354 et
1051 1325 1157 1354 dabant
1182 1327 1339 1363 juncturus
1364 1325 1433 1359 lab„
1460 1325 1625 1355 offerebant

914 1365 1093 1401 praebebant
1115 1364 1235 1393 scilicet
1254 1364 1496 1403 aggredientibus
1517 1365 1624 1393 turrim

915 1403 1006 1431 ferro.
1022 1403 1066 1431 H.
1087 1404 1205 1431 Turrim
1227 1402 1408 1431 convellimus
1419 1402 1488 1431 altis
1498 1403 1623 1438 sedibus,

915 1441 1051 1469 tabulato
1065 1441 1235 1478 superiore.
1276 1442 1449 1469 Perfectum
1462 1441 1625 1479 impulimus

916 1480 1105 1508 referendum
1118 1484 1165 1508 est
1179 1480 1214 1508 ad
1227 1490 1361 1517 praesens
1373 1480 1463 1508 trahit
1476 1481 1544 1509 466.
1559 1480 1624 1509 vid.

916 1518 989 1546 Not.
1008 1519 1042 1546 ad
1058 1519 1114 1546 Ge.
1130 1519 1196 1550 ΙΙΙ,
1211 1520 1280 1547 228.
1299 1518 1351 1546 ubi
1365 1519 1522 1556 appositus
1537 1519 1622 1548 locus

920 1556 1032 1585 Valerii
1060 1557 1128 1585 huic
1155 1567 1280 1594 prorsus
1308 1557 1467 1593 couvenit3
1495 1560 1528 1585 ut
1553 1557 1625 1587 infr.

916 1595 1062 1623 451—84.
1077 1595 1188 1623 cavavit
1201 1600 1228 1623 et
1242 1594 1319 1623 dedit
1329 1596 1623 1634 fenestram—uppa-

915 1637 961 1662 ret
974 1633 1085 1662 (lomus.
1126 1634 1275 1662 Pedester
1295 1634 1426 1671 scriptor
1446 1633 1503 1662 ita:
1526 1639 1556 1663 et
1571 1635 1623 1664 ubi

916 1671 1104 1709 impulimus,
1118 1672 1417 1710 caditilla.—impelli
1430 1673 1468 1701 de
1483 1672 1521 1701 iis
1535 1683 1623 1702 usur—

916 1715 1016 1748 patur,
1038 1721 1105 1749 quae
1126 1711 1334 1740 labefactando
1354 1711 1419 1739 loco
1443 1721 1498 1740 suo
1521 1721 1623 1741 move-

917 1759 995 1777 mus.
1015 1750 1052 1778 cf.
1074 1750 1144 1778 AEn.
1167 1750 1224 1784 IV,
1247 1751 1295 1778 22,
1336 1749 1424 1778 Solus
1446 1750 1492 1779 hic
1513 1749 1624 1787 inflexit

917 1797 1029 1822 sensus,
1051 1788 1231 1827 animumque
1258 1788 1398 1816 labantem
1423 1788 1544 1826 impulit.
1575 1789 1623 1819 W.

917 1826 1055 1855 Subeunt
1070 1831 1166 1856 tamen
1181 1827 1230 1856 alii
1251 1826 1279 1855 in
1298 1837 1445 1855 caesorum
1466 1827 1576 1862 locum,
1593 1839 1622 1857 v.

915 1866 985 1893 467.
1000 1869 1029 1893 et
1047 1865 1159 1894 interea
1173 1876 1210 1895 ex
1232 1865 1452 1902 posterioribus
1465 1866 1623 1897 ordinibus

916 1903 976 1932 tela
996 1904 1182 1942 ingeruntur.
1222 1904 1365 1933 Narratio
1389 1904 1418 1932 in
1441 1904 1504 1932 solo
1519 1905 1622 1944 Neop-

916 1942 1026 1971 tolemo
1048 1943 1198 1972 subsistit.
1215 1954 1242 1972 v.
1257 1944 1328 1971 461.
1340 1943 1412 1971 uncle
1425 1943 1517 1971 omnis
1534 1945 1624 1983 Troia

914 1980 1024 2009 videri:
1045 1981 1195 2011 illustrant
1215 1982 1311 2020 intpp.
1332 1991 1370 2009 ex
1393 1981 1431 2010 Il.
1454 1996 1477 2017 ν,
1499 1983 1546 2011 13.
1568 1985 1621 2019 14;

916 2020 972 2048 etsi
993 2020 1059 2058 ipsa
1080 2021 1172 2048 turris
1191 2022 1289 2059 poetae
1312 2030 1351 2048 ex
1372 2019 1410 2048 Il.
1425 2028 1455 2056 φ,
1470 2022 1538 2050 526.
1555 2032 1623 2060 sqq.

913 2063 981 2087 nata
995 2069 1063 2087 esse
1078 2059 1210 2093 videtur,
1233 2059 1283 2087 ubi
1306 2058 1449 2086 Hectoris
1470 2060 1561 2088 fatum
1582 2071 1620 2089 ex

915 2106 950 2125 ea
962 2097 1110 2135 prospicit
1122 2097 1260 2125 Priamus
1275 2106 1343 2125 cum
1356 2097 1505 2134 Trojanis.

953 2137 1012 2164 409
1033 2146 1099 2174 sqq.
1122 2136 1326 2174 Expugnatur
1344 2135 1425 2173 regia
1443 2145 1497 2173 per
1517 2136 1622 2175 Neop-

915 2174 1071 2209 tolemum,
1087 2174 1217 2203 Achillis
1239 2175 1271 2208 s.,
1294 2173 1345 2211 qui
1365 2173 1448 2211 ipsas
1466 2175 1545 2203 sores
1559 2179 1627 2205 erat.

914 2223 1086 2252 aggressus.
1127 2213 1202 2241 Nam
1226 2212 1283 2241 hoc
1307 2216 1353 2240 est
1371 2216 1437 2240 ante
1457 2213 1623 2242 vestibulum

915 2252 1017 2290 ipsum,
1031 2252 1071 2281 ln.
1094 2262 1119 2280 e.
1141 2252 1276 2288 januam,
1297 2260 1354 2289 qua
1377 2250 1453 2279 illud
1480 2251 1623 2288 intratur,

912 2290 1064 2329 primoque
1088 2291 1117 2319 in
1142 2290 1444 2318 lin1iue.-—47l-—475
1474 2290 1626 2329 Respexit

916 2331 1018 2359 locum
1039 2333 1141 2358 notum
1164 2327 1309 2357 Nicandri
1324 2328 1560 2366 Ther.31-34;
1582 2331 1623 2359 si—

917 2369 978 2398 mul
993 2372 1091 2397 tamen
1105 2378 1158 2396 sua
1170 2366 1285 2395 effinxit
1297 2367 1333 2395 ad
1347 2367 1473 2396 Homeri
1484 2368 1622 2402 ductum.

917 2408 969 2437 sed
993 2407 1126 2436 ornatius
1151 2410 1181 2435 et
1200 2416 1266 2434 cum
1288 2405 1463 2441 variatione,
1480 2407 1526 2435 II.
1540 2422 1568 2442 χ,
1583 2409 1622 2437 93

915 2448 1004 2475 —95.
1023 2449 1065 2475 Ὠς
1086 2448 1115 2474 δὲ
1133 2448 1235 2479 δράκων
1249 2447 1292 2473 ἐπὶ
1308 2447 1370 2484 χειῇ
1384 2448 1526 2479 ὀρέστερος
1539 2451 1623 2481 ἄνδρα

915 2489 1038 2526 μένῃσιν,
1046 2488 1185 2521 Βεβρωκιὶις
1195 2487 1262 2511 κακὰ
1272 2485 1403 2520 φάρμακ’·
1413 2484 1522 2522 (mala,
1534 2487 1623 2515 noxia

916 2528 946 2552 et
962 2527 1118 2556 venenata,
1131 2526 1164 2550 ut
1178 2532 1270 2559 saepe,
1291 2522 1426 2559 yramina
1438 2525 1565 2562 pastus)
1578 2527 1623 2552 ἕὸυ

916 2566 945 2591 δέ
956 2566 985 2591 τέ
998 2576 1043 2596 μιν
1060 2566 1144 2595 χόλος·
1160 2563 1241 2589 αἰνός·
1255 2565 1428 2595 Σμερδαλὲον
1442 2565 1470 2590 δὲ
1489 2566 1624 2595 δέδορκεν,

916 2603 1097 2635 ἑλισσόμενος
1127 2603 1187 2633 περὶ
1220 2602 1293 2639 χειῇ.
1321 2599 1452 2637 (lubrica
1483 2600 1623 2629 convolvit

918 2641 1076 2677 terya)¹'ss;·
1097 2641 1289 2673 ’Ἕκτωρ-οὐχ
1299 2641 1442 2673 ὑπεχώρει.
1481 2643 1522 2668 At
1543 2640 1622 2676 apud

920 2678 1080 2715 Virgilium
1104 2677 1239 2714 Pyrrhus
1262 2687 1317 2706 non
1343 2679 1471 2707 sustinet
1495 2678 1622 2710 bostem,

921 2718 974 2746 sed
1003 2716 1325 2755 aggreditur.—Porro
1361 2717 1457 2755 qualis
1491 2715 1624 2750 exsultat

979 2761 1001 2793 9
