1796 3077
173 232 268 279 398

598 229 641 268 Ρ.
673 229 907 267 VIRGILII
939 229 1192 270 MARONIS

229 351 290 393 At
312 350 459 392 Venus
480 352 640 392 interea
655 350 907 404 Neptunum
922 351 1108 391 exercita
1128 352 1238 393 curis

172 407 428 463 Alloquitur,
452 407 641 471 tale-sque
662 406 843 447 effundit
863 414 1036 461 pectore
1057 415 1255 461 questus:

1541 410 1624 452 780

170 465 351 506 Junonis
371 465 508 518 gravis
531 478 603 512 lra,
625 479 702 504 nec
725 464 1008 505 exsaturabile
1030 472 1178 518 peetus

171 522 340 575 Cogunt
361 536 439 568 me,
462 520 678 574 Neptune,
696 536 844 574 preces
865 521 1124 562 descendere
1144 523 1186 561 in
1209 537 1351 564 omnes

171 579 311 625 Quam
331 593 407 618 nec
424 577 549 631 longa
565 578 668 626 dies,
691 579 824 632 pietas
848 592 925 618 nec
947 579 1110 631 mitigat
1132 578 1235 629 ull-<23

168 635 263 676 Nec
279 635 398 676 Jovis
418 635 592 688 imperio
613 635 760 675 fatisve
781 635 958 675 infracta
979 631 1171 689 quiescit.

168 692 267 733 Non
290 692 428 732 media
448 692 501 732 de
522 700 646 745 gente
670 692 888 747 Phrygum
909 693 1101 733 exedisse
1118 692 1309 733 nefandis

1537 694 1620 736 785

169 749 330 790 Urbem
352 750 457 789 odiis
479 750 579 789 satis
596 756 674 798 est,
697 764 773 790 nec
795 764 965 803 poenam
986 756 1106 790 traxe
1124 765 1200 803 per
1220 764 1384 791 omnem

166 805 409 860 Reliquias3
443 805 589 861 Trojae
611 807 770 847 cineres
792 814 918 859 atque
940 822 1034 847 ossa
1050 814 1281 861 peremptae

167 862 425 918 Insequitur.

487 863 648 904 Causas
670 863 774 904 tanti
791 864 894 903 sciat
911 862 981 903 illa
1001 863 1167 904 furoris.

166 920 264 975 Ipse
284 920 385 961 mihi
406 935 540 974 nuper
562 920 734 974 Libycis
752 928 798 960 tu
821 920 937 960 testis
955 921 997 960 in
1015 921 1152 969 undis,

165 978 306 1025 Quam
328 977 478 1018 molem
499 978 638 1018 subito
659 977 847 1018 excierit.

1535 978 1620 1020 790

910 976 1049 1017 Maria
1071 978 1208 1017 onmia
1225 977 1332 1019 coelo

165 1035 355 1083 Miscuit,
379 1034 533 1075 AEoliis
551 1035 836 1088 nequidquam
858 1033 965 1074 freta
985 1033 1194 1089 procellis,

165 1092 216 1133 In
236 1093 377 1147 regnis
398 1091 480 1132 hoc
500 1107 603 1132 ausa
625 1092 720 1132 tuis.

165 1149 250 1191 Per
269 1145 404 1190 scelus
424 1163 522 1190 ecce
544 1150 668 1189 etiam
687 1148 886 1201 Trojanis
907 1148 1110 1187 matribus
1132 1149 1236 1189 actis

165 1206 346 1247 Exussit
367 1205 480 1246 foede
502 1220 692 1259 puppes3
723 1213 766 1244 et
788 1204 919 1244 classe
943 1204 1111 1257 subegit

163 1262 333 1304 Amissa
355 1263 489 1303 socios
510 1263 666 1316 ignotae
686 1261 877 1314 linquere
899 1268 1035 1301 terrae.

165 1320 297 1366 Quod
319 1326 538 1373 superest3
571 1333 658 1367 oro,
676 1317 800 1359 liceat
822 1318 924 1357 dare
945 1324 1036 1357 tuta
1056 1332 1133 1370 per
1151 1316 1287 1356 undas

164 1376 274 1418 Vela
294 1377 370 1417 tibi
387 1393 395 1416 :
428 1375 551 1417 liceat
573 1375 830 1415 Laurentem
851 1375 1058 1427 attingere
1079 1373 1312 1426 Thybrim:

163 1433 210 1474 Si
225 1448 425 1474 concessa
444 1440 558 1486 peto,
582 1432 615 1471 si
637 1431 739 1472 (lant
760 1445 810 1471 ea
826 1431 979 1471 moenia
1002 1429 1162 1471 Parcae.

221 1490 335 1531 Tum
354 1490 576 1530 Saturnius
598 1488 690 1529 haec
712 1488 894 1528 domitor
914 1487 1040 1527 maris
1062 1487 1196 1528 edidit
1215 1486 1287 1528 alti
1305 1502 1314 1528 ε

159 1547 243 1588 Fas
264 1562 386 1588 omne
407 1554 484 1594 est,
509 1545 733 1600 Cytherea,
752 1545 854 1585 meis
875 1551 915 1584 te
935 1543 1068 1585 fidere
1089 1545 1242 1596 regnis,

161 1605 289 1646 Unde
308 1619 442 1659 genus
459 1604 602 1652 ducis3
634 1602 767 1643 merui
784 1615 969 1656 quoque.

1531 1544 1617 1585 800

1032 1596 1157 1655 Saepe
1180 1601 1345 1642 furores

161 1661 405 1717 Compressi
425 1667 468 1702 et
488 1661 647 1701 rabiem
668 1666 827 1700 tantam
848 1658 1031 1713 coelique
1053 1659 1276 1713 marisque.

198 1826 258 1855 780
282 1823 402 1862 effundit
425 1827 540 1861 pectore
564 1825 694 1861 questum
734 1821 868 1850 Enniana

160 1864 300 1894 formula.
340 1862 435 1897 Quam
454 1870 522 1896 uec‚·
545 1861 684 1893 Junonis,
705 1870 792 1897 quam
808 1869 868 1892 nec,

160 1907 193 1932 et
217 1913 284 1941 quae
312 1911 370 1929 non
397 1900 528 1938 quiescit.
576 1899 724 1928 =iunctura
751 1897 866 1931 durior,

161 1951 249 1979 quarn
270 1940 299 1970 in
320 1939 453 1978 pedestri
475 1938 607 1967 oratione
627 1937 680 1966 vix
694 1937 799 1967 ferres.
821 1935 868 1963 hic

159 1980 275 2017 epicam
291 1978 468 2018 gravitatem
482 1977 683 2005 haben—783
702 1976 808 2014 pieIaS,
823 1984 867 2002 sc.

160 2019 267 2048 AEneze
279 2018 307 2046 in
324 2017 374 2046 illa
388 2016 544 2054 placanda,
560 2025 590 2042 v.
605 2025 631 2043 c.
643 2025 710 2053 sup.
723 2014 788 2048 III,
799 2013 867 2041 547.

159 2057 302 2094 ——satisve
330 2056 458 2093 infracta
485 2053 617 2093 quiescit,
645 2057 759 2086 ornate,
785 2052 866 2089 fpro:

159 2096 343 2133 infringitur,
356 2094 498 2126 flectitur,
515 2103 582 2122 cum
597 2093 710 2126 videat,
724 2093 787 2120 fata
803 2100 819 2119 a
834 2100 866 2119 se

160 2132 317 2164 interverti
332 2143 387 2161 non
403 2142 505 2171 posse.
520 2132 558 2160 cf.
568 2131 651 2163 XII,
665 2132 723 2160 703
737 2140 804 2168 sqq.
816 2129 868 2158 ubi

158 2183 189 2203 v.
204 2175 263 2202 800
277 2177 325 2202 est
338 2172 588 2209 inflectere—785
610 2170 709 2199 urbem
728 2168 821 2198 media
836 2168 869 2197 de

156 2217 241 2249 flente
256 2212 419 2250 Plzryyum,
434 2210 533 2239 media
540 2220 577 2238 ex
587 2209 719 2242 Troade,
732 2207 867 2241 exedisse,

158 2251 333 2284 confecisse,
343 2249 524 2288 perdidisse,
535 2248 696 2277 excidisse.
705 2245 868 2284 Reliquias,

160 2290 307 2326 Trojanos
319 2289 393 2318 urbe
405 2292 496 2326 capta
512 2287 707 2324 superstites,
721 2291 802 2314 traxe
814 2295 870 2323 per
908 2294 917 2322 1

159 2338 255 2356 omnes
273 2337 387 2366 peenas,
422 2326 558 2356 omnibus
585 2325 805 2354 calamitatibus
835 2333 868 2352 ac

160 2366 248 2395 malis
276 2376 425 2400 versasse,
452 2366 606 2403 jactasse3
640 2368 674 2393 ut
703 2363 784 2396 duci.
807 2362 866 2429 aqi,

161 2405 250 2439 trahi,
266 2414 319 2442 per
332 2404 446 2437 ultima,
461 2414 514 2442 per
527 2407 633 2432 cuncta
648 2402 799 2440 supplicia
813 2411 829 2429 a
842 2401 867 2429 i-

161 2443 230 2481 quis
251 2444 371 2472 dicitur.
411 2443 555 2481 (Graecos
584 2442 738 2470 imitantur
759 2445 789 2470 et
816 2439 865 2468 hio

160 2483 261 2520 poetae
284 2481 421 2510 Romani.
462 2481 513 2509 Sic
539 2481 647 2518 Eurip.
667 2480 737 2517 Iph.
756 2480 782 2508 I.
807 2479 865 2508 988

159 2523 205 2550 διὰ
219 2525 306 2548 πόνων
316 2522 339 2548 τ’
354 2525 424 2553 ἄγει,
440 2520 525 2548 malis
537 2519 681 2548 afficit.cf.
691 2517 866 2547 Schneideri

160 2559 266 2588 Lexic.
287 2568 480 2596 graecogerm.
495 2569 519 2586 s.
534 2568 562 2586 v.
584 2561 647 2586 Διά.
670 2558 727 2595 R.)
771 2557 866 2594 Trojae

159 2597 269 2626 cineres
280 2602 366 2636 atque
383 2607 448 2625 ossa
462 2601 600 2635 peremtae
615 2596 785 2635 Insequitur
799 2605 866 2634 gra-

159 2636 238 2665 viter
249 2635 365 2665 dietum
377 2645 384 2671 3
400 2635 505 2664 classis
518 2645 591 2664 vero
602 2634 865 2673 conflagrationem

159 2675 290 2704 maxime
320 2673 554 2711 respham—788
577 2684 680 2701 causas
701 2684 769 2712 sup.
796 2674 822 2707 I,
837 2674 867 2702 8.

161 2723 246 2752 sqq.:
271 2713 317 2749 X,
329 2714 369 2743 62
385 2722 450 2753 sqq.
463 2713 501 2742 89
515 2722 560 2750 sq.
575 2723 581 2740 2
605 2713 687 2742 XII.
700 2713 756 2743 791
773 2722 840 2751 sqq.

946 1822 1103 1850 789-792
1115 1831 1143 1849 v.
1160 1830 1227 1858 sup.
1244 1820 1271 1855 1,
1287 1823 1325 1850 50
1340 1830 1407 1859 sqq.
1419 1821 1530 1855 molem,
1545 1822 1574 1851 h.
1589 1832 1618 1852 e.

907 1860 1011 1895 (onus,
1034 1860 1202 1897 periculum
1225 1859 1355 1898 ideoque
1381 1859 1410 1888 h.
1427 1860 1466 1897 l.)
1482 1864 1617 1899 tempes-

908 1901 1013 1932 tatem,
1039 1903 1069 1926 et
1092 1897 1216 1931 miscuit,
1238 1908 1267 1927 v.
1293 1899 1366 1928 ibid.
1386 1899 1453 1926 133.
1469 1899 1525 1926 134
1546 1900 1617 1928 Jam

908 1936 1006 1964 coelum
1018 1940 1183 1974 terramque
1197 1941 1254 1965 etc.
1266 1937 1296 1965 in
1307 1937 1403 1976 reym's
1415 1937 1482 1970 tuis,
1498 1946 1528 1964 v.
1541 1938 1617 1967 ibid.

908 1975 963 2003 135
988 1975 1231 2013 sq.—793—795
1254 1976 1317 2004 Per
1336 1974 1440 2008 scelus,
1461 1975 1489 2003 in
1514 1976 1613 2005 scelus

907 2013 995 2047 actis,
1021 2023 1075 2051 pro
1090 2013 1225 2051 vulgari:
1249 2014 1287 2042 ad
1304 2013 1404 2042 scelus
1427 2013 1555 2044 adactis.
1568 2015 1613 2053 iy-

906 2057 982 2080 notae
994 2051 1093 2089 simpl.
1103 2052 1130 2080 in
1143 2051 1240 2079 aliena
1252 2056 1340 2084 terra.
1350 2057 1490 2090 respectu
1503 2053 1615 2089 Italiae,

907 2100 966 2129 quo
992 2091 1163 2119 tendebant.
1208 2090 1283 2119 Mox
1313 2092 1446 2120 Laurens
1477 2090 1613 2129 Thybris,

909 2130 1006 2163 docte,
1036 2129 1087 2167 qui
1120 2129 1317 2158 Laurentinos
1344 2139 1445 2168 agros,
1475 2130 1613 2169 adeoque

909 2172 1028 2197 veteres
1053 2168 1218 2196 Laurentes
1245 2168 1381 2207 attingitg
1403 2172 1433 2197 et
1458 2170 1518 2198 797
1545 2170 1615 2198 dare

907 2207 970 2235 vela
979 2216 1034 2245 per
1049 2207 1153 2240 undas,
1167 2206 1317 2243 adjectum
1332 2207 1394 2241 tibi,
1418 2217 1519 2245 graeco
1532 2217 1614 2238 more

908 2256 962 2284 per
983 2250 1022 2277 te,
1035 2248 1078 2273 σοὶ
1093 2255 1148 2283 pro
1167 2249 1212 2273 ὸιὰ
1229 2249 1272 2280 σὲ,
1288 2250 1340 2275 tua
1354 2255 1455 2285 opera,
1471 2250 1613 2285 quantum

918 2294 961 2313 ier
974 2288 1003 2312 te
1018 2283 1104 2314 licen

945 2323 1100 2352 800—802
1117 2322 1141 2350 F
1144 2332 1176 2350 as
1193 2323 1308 2352 omnino
1328 2328 1386 2357 est,
1400 2327 1430 2352 te
1448 2322 1611 2357 confidere,

908 2371 987 2390 mare
1002 2361 1037 2390 iri
1051 2362 1201 2405 placatum
1220 2372 1253 2391 ac
1269 2362 1472 2401 tranquillum.
1511 2361 1612 2390 Vene-

906 2411 969 2429 rem
984 2410 1057 2429 mari
1073 2404 1179 2435 ortam,
1189 2404 1315 2435 Ποντίαν,
1329 2404 1532 2435 Ἀναδυομένην,
1544 2401 1611 2438 quis

905 2439 1000 2468 nescit
1009 2442 1020 2467 ’ξ
1060 2439 1178 2468 Fabula
1192 2444 1239 2468 est
1251 2450 1290 2469 ex
1305 2438 1505 2477 cosmogoniis
1524 2443 1610 2467 vete—

905 2488 970 2506 rum
987 2482 1115 2512 servata,
1137 2478 1191 2507 sed
1215 2488 1231 2507 a
1255 2478 1443 2517 sequioribus
1466 2476 1558 2506 miros
1580 2477 1610 2507 in

904 2517 1011 2546 modos
1026 2517 1270 2554 interpretatione
1286 2517 1407 2545 variata.
1438 2515 1535 2553 Soepe.
1552 2516 1608 2545 At-

904 2555 953 2593 qui
970 2556 1071 2589 semel,
1094 2555 1203 2593 inquis,
1219 2560 1332 2584 tantum
1345 2555 1399 2583 lib.
1415 2554 1443 2588 Ι,
1469 2555 1524 2583 125
1540 2565 1607 2592 sqq.

906 2596 1014 2629 Recte,
1049 2595 1166 2632 reponit
1203 2595 1402 2627 Burmannus,
1433 2603 1515 2630 saepe
1550 2593 1607 2622 hoc

905 2633 981 2667 fieri,
1004 2644 1020 2661 a
1036 2635 1126 2672 poeta
1141 2637 1237 2662 tamen
1251 2631 1443 2670 praetermitti
1457 2631 1610 2670 potuisse.

905 2672 987 2709 Quid
1005 2682 1075 2700 vero
1087 2674 1099 2700 ⁴?
1119 2671 1273 2700 exciditne
1287 2670 1372 2700 locus
1386 2670 1439 2700 lib.
1460 2670 1527 2706 III,
1550 2671 1608 2702 192

905 2722 971 2751 sqq.
985 2715 1015 2740 et
1029 2712 1068 2746 V,
1084 2712 1122 2741 10
1133 2710 1222 2748 sqq-2
