1796 3077
603 283 874 322 AENEIDOS.

933 283 1034 322 LIB.
1079 284 1151 322 XI.
1529 294 1618 337 *97

153 406 296 448 Multa
316 406 437 448 simul
459 414 607 448 contra
627 408 752 448 variis
774 408 982 449 sententia
998 407 1122 448 dictis

152 464 238 505 Pro
256 464 430 513 Turno3
463 472 505 506 et
525 479 724 519 magnum
739 465 898 519 reginae
919 479 1071 505 nomen
1093 465 1343 515 obumbrat3

153 520 296 561 Multa
314 521 449 562 virum
469 522 628 562 meritis
649 528 858 562 sustentat
879 521 991 561 fama
1009 522 1193 575 tropaeis.

210 577 305 618 Hos
325 578 435 619 inter
456 585 608 628 motus,
630 578 770 619 medio
789 578 833 618 in
853 577 1060 633 flagrante
1077 577 1277 626 tumultu,
1539 579 1622 619 225

154 632 274 675 Ecce
291 649 419 689 super
440 635 575 675 maesti
591 649 744 689 magna
764 634 989 675 Diomedis
1006 635 1060 675 ab
1077 636 1185 676 urbe

157 689 312 745 Legati
332 706 538 746 responsa
554 691 696 733 ferunt
714 707 722 731 :
756 691 860 732 nihil
877 692 1071 732 omnibus
1093 699 1235 732 actum

154 745 396 788 Tantorum
416 749 617 802 impensis
639 763 840 803 operum3
863 748 929 789 *nil
946 749 1071 798 dona,
1089 763 1227 802 neque
1251 763 1411 797 aurum,

154 803 252 845 Nec
273 819 447 859 magnas
468 804 647 845 valuisse
670 819 817 859 preces
835 822 844 854 3
879 805 959 845 alia
979 819 1095 845 arma
1118 805 1283 846 Latinis

157 860 420 910 Quaerenda,
438 868 511 901 aut
528 876 678 914 pacem
698 860 891 916 Trojano
913 862 966 901 ab
982 875 1084 914 rege
1100 863 1343 916 petendam.
1541 862 1624 901 230

159 917 323 958 Deficit
343 917 504 970 ingenti
525 917 643 959 luctu
664 932 741 958 rex
761 918 851 972 ipse
875 917 1069 958 Latinus.

156 972 348 1014 Fatalem
371 973 543 1014 AEnean
560 973 783 1015 manifesto
804 975 973 1015 numine
990 974 1103 1023 ferri,

156 1028 374 1071 Admonet
394 1031 456 1070 ira
472 1031 612 1080 deum,
631 1031 866 1085 tumulique
888 1038 984 1071 ante
1008 1045 1081 1072 ora
1102 1038 1310 1072 recentes.

159 1086 280 1141 Ergo
302 1086 525 1128 concilium
545 1102 759 1141 magnum,
780 1088 1023 1141 primosque
1045 1102 1217 1129 suorum

158 1143 344 1196 Imperio
366 1144 535 1192 accitos,
558 1143 642 1184 alta
661 1145 772 1184 intra
792 1144 934 1184 limina
955 1144 1082 1197 cogit.
1545 1143 1627 1182 23:35

161 1199 250 1239 Olli
265 1214 514 1246 convenere,
536 1199 758 1253 fluuntque
776 1200 830 1240 ad
846 1201 963 1254 regia
980 1200 1114 1254 plenis

160 1255 300 1296 Tecta
315 1256 403 1296 viis.

466 1256 597 1296 Sedet
618 1257 661 1296 in
681 1257 830 1296 mediis
851 1263 893 1296 et
915 1271 1138 1296 maxumus
1159 1270 1265 1300 aevo,

162 1312 223 1353 Et
243 1313 403 1366 primus
425 1312 616 1366 sceptris,
639 1312 756 1352 haud
777 1312 874 1353 laeta
894 1312 1049 1362 fronte,
1073 1311 1268 1352 Latinus.

163 1368 310 1423 Atque
331 1369 401 1409 hic
417 1368 581 1423 legatos
599 1368 748 1408 AEtola
769 1383 823 1408 ex
844 1370 951 1408 urbe
974 1369 1183 1415 remiSSOS,

164 1425 277 1471 Quae
297 1424 498 1473 referant,
520 1424 599 1464 fari
613 1425 753 1478 jubet,
775 1431 818 1464 ct
837 1438 1043 1477 responsa
1063 1423 1249 1476 reposcit
1545 1423 1630 1462 5210

165 1481 331 1522 Ordine
353 1487 505 1522 cuncta
529 1495 620 1520 suo.

681 1479 796 1520 Tum
818 1480 931 1520 facta
948 1479 1111 1520 silentia
1130 1479 1297 1533 linguis,

166 1538 228 1579 Et
248 1537 443 1578 Venulus
465 1537 579 1577 dicto
601 1551 755 1591 parens
777 1536 835 1576 ita
855 1536 983 1577 farier
1003 1537 1096 1576 infit
1113 1550 1122 1575 :

222 1594 436 1643 Vidimus,
459 1609 484 1634 o
500 1594 626 1641 cives,
651 1593 863 1634 Diomede
886 1593 1132 1647 Argivaque
1150 1599 1312 1641 castra3

166 1651 314 1704 Atque
335 1652 416 1691 iter
437 1650 595 1691 emensi
613 1664 734 1690 casus
756 1650 1044 1704 superavimus
1066 1663 1233 1697 omnes3

168 1707 519 1761 Contigimusque
541 1721 726 1758 manum,
748 1721 833 1760 qua
854 1707 1040 1747 concidit
1063 1705 1139 1745 Ilia
1161 1704 1299 1748 tellus.
1550 1705 1633 1743 §ll-5

168 1763 245 1805 Ille
264 1764 413 1804 urbem
434 1763 706 1817 Argyripam,
727 1763 877 1817 patriae
899 1762 1146 1817 cognomine
1168 1763 1320 1815 gentis,

168 1820 322 1861 Victor
340 1820 534 1874 Gargani
555 1820 767 1861 condebat
782 1819 954 1874 Iapygis
976 1820 1100 1860 arvis.

171 1876 407 1930 Postquam
426 1877 686 1930 introgressi,
709 1883 751 1916 et
768 1890 909 1917 coram
931 1877 1032 1916 data
1053 1875 1175 1929 copia
1196 1873 1335 1914 fandi:

171 1933 358 1974 Munera
378 1932 656 1987 praeferimus,
678 1947 831 1974 nomen
850 1933 1117 1986 patriamque
1135 1931 1335 1972 docemus
1354 1947 1365 1980 ;

212 2054 269 2082 225
284 2064 330 2092 sq.
345 2054 486 2092 Insuper,
513 2064 607 2092 super
628 2053 693 2082 haec
718 2053 826 2087 omnia,
840 2053 884 2082 le*

177 2091 241 2129 gati
266 2093 393 2121 redeunt
419 2093 456 2121 ad
479 2093 661 2121 Diomedem
677 2092 885 2130 Argyrippam

176 2129 272 2158 missi.
308 2131 387 2159 Vide
401 2130 454 2159 lib.
470 2131 569 2165 VIII,
590 2132 609 2159 9
629 2132 806 2169 sqq.-232.
828 2132 885 2159 233

176 2168 224 2196 ira
242 2168 324 2196 deum
345 2172 487 2207 (propter
510 2170 666 2198 adversam
691 2169 765 2197 belli
790 2169 886 2197 sortu-

177 2216 264 2242 nam,
284 2206 363 2235 unde
383 2208 473 2235 etiam
497 2208 675 2244 subjicitur:
699 2206 800 2235 tumuli
820 2212 886 2235 ante

179 2255 232 2272 ora
260 2245 407 2283 recentes)
430 2245 559 2274 admonet
585 2246 699 2274 numine
723 2246 887 2283 manifesto,

179 2283 259 2311 clara
293 2283 458 2311 voluntatis
495 2283 619 2312 deorum
659 2284 887 2322 significatione,

172 2321 252 2359 ferri
267 2320 369 2359 (esse)
387 2320 519 2350 AEneam
534 2322 677 2359 fatalem:
699 2323 769 2351 satis
793 2322 820 2351 ei
842 2333 888 2351 se-

179 2360 249 2388 dem
267 2359 295 2387 in
320 2358 408 2388 Latio
432 2369 500 2388 esse
521 2360 811 2389 destinatam.-235
836 2360 888 2388 im-

175 2398 260 2437 perio
275 2397 391 2430 accitos,
408 2407 475 2426 cum
489 2398 527 2426 iis
546 2398 726 2436 imperatum
747 2402 840 2431 esset,
855 2403 887 2427 ut

179 2436 426 2465 venirent.-238
434 2435 550 2473 primus
564 2438 696 2475 sceptris,
713 2437 840 2475 imperio
859 2441 890 2465 et

182 2475 341 2513 dignitate,
356 2474 435 2502 inter
450 2484 539 2512 reges
559 2484 593 2503 ac
612 2476 707 2504 duces
723 2476 890 2513 copiarum,

183 2514 234 2551 qui
250 2513 365 2541 auxilio
381 2516 534 2541 venerant.
554 2515 674 2551 sceptris
688 2524 743 2552 pro
758 2518 890 2552 sceptro.

224 2551 282 2579 243
315 2551 468 2585 Diomede,
495 2560 595 2579 accus.
623 2562 713 2588 graee.
741 2554 891 2587 Διομήδεα,

188 2594 320 2623 Διομήδη.
359 2590 476 2626 Aryira
499 2593 595 2617 castra
616 2599 671 2626 pro
694 2592 768 2619 urbe
792 2591 892 2628 Argy-

185 2628 283 2665 rippa,
306 2631 338 2656 ut
363 2629 455 2656 toties
476 2638 584 2655 novam
605 2628 726 2666 Trojam
745 2630 893 2666 Trojano-

186 2676 253 2694 rum
268 2670 367 2694 castra
389 2667 471 2695 dicta
494 2666 735 2695 vidimus—245
762 2667 893 2705 Contigi-

190 2715 250 2732 mus
268 2714 383 2732 manum
397 2705 434 2733 ad
446 2705 583 2733 dextram
602 2705 701 2733 datam
716 2705 805 2738 refer,
825 2705 895 2733 hos-

188 2742 255 2779 pitii
270 2746 299 2771 et
315 2742 456 2772 amicitiae
473 2743 579 2781 pignus
593 2753 600 2779 3
624 2748 655 2772 ut
673 2743 768 2778 VIII,
784 2744 840 2772 124
865 2744 894 2772 in

925 2061 1051 2081 accessu
1071 2052 1109 2080 ad
1131 2051 1317 2079 Evandrum.
1357 2050 1416 2080 Ilia
1431 2051 1524 2086 (ellus,
1540 2051 1633 2080 Ilium

926 2092 1011 2125 urbs,
1033 2094 1065 2119 ut
1090 2090 1183 2118 toties
1202 2099 1283 2127 yeus,
1312 2089 1393 2123 urbs,
1417 2095 1507 2123 terra,
1531 2091 1634 2126 po'e'tis

926 2133 1158 2167 permutantur,
1179 2133 1213 2155 ut
1227 2137 1297 2155 mox
1320 2138 1351 2156 v.
1371 2128 1430 2156 240
1447 2128 1555 2165 palrioe
1569 2138 1635 2166 coy-

926 2168 1038 2196 uomine
1049 2166 1154 2206 flentis,
1169 2166 1199 2194 h.
1213 2177 1239 2194 e.
1254 2166 1349 2200 urbis,
1366 2166 1466 2201 Argos
1486 2166 1637 2203 Hippiam

927 2206 956 2234 in
987 2206 1193 2243 Peloponneso
1221 2204 1369 2243 designat,
1395 2206 1481 2241 cujus
1519 2205 1635 2233 nomine

927 2254 1037 2273 novam
1068 2245 1096 2271 in
1128 2242 1242 2280 Apulia
1273 2253 1297 2271 s.
1332 2243 1451 2271 Daunia
1483 2243 1635 2272 conditam

928 2284 1032 2311 urbem
1052 2292 1069 2311 a
1086 2281 1236 2310 Diomede
1250 2281 1432 2319 appellatam
1447 2281 1572 2310 tradidit
1586 2293 1636 2311 an-

928 2322 1073 2359 tiquitas,
1100 2324 1135 2348 ut
1160 2327 1302 2357 corrupto
1329 2329 1364 2348 eo
1389 2319 1505 2348 nomine
1529 2326 1637 2358 postea

928 2360 1104 2398 Argyrippa
1126 2358 1204 2387 facta
1226 2359 1277 2393 sit,
1310 2361 1341 2386 et
1368 2367 1445 2385 nunc
1468 2358 1634 2397 Aryyripa,

929 2399 1108 2435 tandemque
1133 2397 1222 2434 Arpi.
1244 2396 1374 2435 patriam
1399 2400 1497 2425 autem
1519 2403 1636 2434 gentem

931 2447 983 2466 seu
1007 2437 1112 2465 urbem
1135 2436 1235 2473 Argos
1258 2435 1390 2472 appellat
1410 2436 1501 2473 poeta
1522 2436 1635 2474 impro-

930 2476 1015 2513 prie,
1036 2475 1096 2503 fuit
1120 2473 1198 2502 enim
1224 2473 1389 2502 Diomedes
1410 2473 1552 2511 AEtolus;
1581 2477 1635 2505 sed

930 2513 1055 2543 Adrasti
1069 2512 1139 2546 filia,
1156 2511 1304 2549 AEgialea,
1318 2512 1412 2540 dueta
1426 2512 1454 2540 in
1470 2522 1565 2550 regno
1578 2515 1636 2542 Ar-

932 2552 1071 2590 givorum
1087 2556 1288 2578 successerat.
1311 2550 1351 2578 cf.
1366 2560 1394 2579 v.
1408 2550 1516 2579 269.—-
1523 2551 1636 2587 Victor,

933 2590 1023 2618 armis
1052 2599 1120 2617 cum
1147 2589 1257 2617 Dauno
1284 2588 1431 2617 adversus
1463 2589 1638 2627 Messapios

929 2628 1055 2666 junctis,
1068 2627 1239 2655 conditione
1253 2627 1419 2664 proposita,
1436 2632 1469 2655 ut
1490 2638 1543 2664 pro
1563 2638 1637 2656 aux-

934 2667 993 2694 iliis
1013 2665 1082 2693 latis
1103 2665 1168 2703 agri
1180 2670 1295 2702 partem
1313 2665 1476 2702 acciperet.
1495 2676 1522 2693 v.
1542 2667 1638 2694 Amo-

935 2705 992 2732 nin.
1006 2703 1137 2732 Liberal.
1151 2704 1228 2732 Met.
1240 2703 1638 2742 ο.37.-(γἀνφίιιὶΙαμμῃὶε,

936 2743 1036 2781 Iapyx
1050 2752 1106 2780 pro
1120 2742 1278 2780 Iapygius,
1301 2746 1333 2772 ut
1360 2747 1401 2770 tot
1428 2742 1494 2770 alia.
1537 2742 1642 2771 Patuit
