1796 3077
540 183 827 223 BUCOLICA.

882 186 994 224 ECL.
1027 186 1120 224 vll.

121 305 308 348 Puniceo
326 306 454 347 stabis
475 321 592 348 suras
611 309 774 349 evincta
792 308 1011 350 cothurno.

177 363 296 404 ΤΗΥ.
329 363 474 404 Sinum
491 363 608 406 lactis
625 374 667 407 et
681 366 773 407 haec
790 374 830 407 te
849 365 945 414 liba,
966 365 1132 420 Priape,
1149 374 1252 420 quot
1270 366 1387 407 annis

119 419 384 474 Exspectare
406 428 468 461 sat
488 429 572 471 est3
605 431 744 464 custos
765 437 809 463 es
829 423 1026 476 pauperis
1047 422 1172 463 horti.

117 476 246 518 Nunc
263 485 304 518 te
324 492 602 519 marmoreum
629 494 706 532 pro
727 486 916 532 tempore
935 478 1129 529 fecimus3
1161 487 1204 520 at
1224 487 1282 528 tu,

118 532 164 573 Si
179 533 316 574 fetura
331 549 502 589 gregem
519 535 788 589 suppleverit,
805 549 956 575 aureus
973 543 1075 576 esto.

174 589 284 630 COR.
315 590 477 632 Nerine
499 591 692 641 Galatea,
708 591 852 645 thymo
868 591 968 631 mihi
989 591 1150 633 dulcior
1172 591 1342 645 Hyblae,

115 645 346 688 Candidior
362 649 513 701 cycnis,
530 647 689 689 hedera
709 648 930 688 formosior
946 647 1054 697 alba,

115 702 260 749 Quum
274 705 454 758 primum
473 705 582 758 pasti
601 713 794 759 repetent
809 706 1013 759 praesepia
1035 706 1155 754 tauri,

112 760 159 800 Si
177 775 260 814 qua
274 762 336 800 tui
353 761 586 814 Corydonis
606 761 738 802 habet
757 770 798 802 te
823 776 936 809 cura,
958 762 1109 801 venito.

1508 761 1563 800 40

169 816 289 857 THY.
323 817 454 858 Immo
474 831 554 871 ego
576 817 747 858 Sardois
763 816 907 857 videar
922 818 998 857 tibi
1019 818 1195 857 amarior
1215 817 1372 866 herbis,

112 872 338 914 Horridior
352 888 487 923 rusco,
508 874 698 928 projecta
714 872 832 914 vilior
852 872 960 927 alga,

111 929 156 969 Si
175 929 277 971 mihi
296 945 381 972 non
395 930 487 971 haec
502 929 576 971 lux
592 938 682 971 toto
695 931 783 985 jam
800 929 963 984 longior
978 945 1088 971 anno
1108 937 1185 971 est.

109 985 174 1027 Ite
190 987 362 1028 domum
382 987 503 1042 pasti,
525 988 559 1028 si
578 987 669 1041 quis
688 987 840 1042 pudor,
861 987 917 1027 ite
932 987 1113 1040 juvenci.

168 1042 278 1088 COR.
310 1044 501 1086 Muscosi
517 1043 666 1094 fontes,
689 1052 731 1085 et
752 1058 896 1084 somno
916 1043 1077 1085 mollior
1097 1043 1244 1092 herba,

107 1160 200 1199 magis
215 1160 402 1199 significavit,
413 1171 500 1200 quam
511 1161 647 1190 elocutus
661 1166 707 1190 est
719 1161 814 1200 scrip-

107 1202 162 1227 tor.
182 1198 227 1228 W.
274 1199 435 1238 Proprium
460 1200 572 1238 aliquid
595 1199 715 1234 dicitur,
734 1200 814 1239 quod

105 1241 151 1265 est
164 1241 349 1276 perpetuum,
366 1248 422 1267 usu
437 1242 467 1267 et
476 1239 575 1267 fructu
588 1243 703 1267 certum
716 1245 745 1267 et
756 1244 813 1268 sta-

106 1275 166 1304 bile
181 1281 214 1305 ut
230 1276 300 1305 AEn.
313 1277 371 1311 VI,
388 1278 457 1305 872.
473 1277 597 1316 propria
619 1276 678 1305 haec
702 1277 728 1305 si
740 1278 814 1308 dona

95 1313 234 1351 fuissent.
255 1315 316 1344 Alii
330 1316 409 1353 apud
421 1315 558 1345 Servium
574 1315 623 1344 hoc
638 1317 674 1344 ad
684 1326 812 1355 gregem,

104 1362 191 1390 quem
211 1353 350 1391 Corydon
371 1355 515 1392 pascebat
535 1354 592 1393 (ita
612 1355 813 1393 responderet,

103 1392 191 1434 y.35.
205 1391 232 1420 si
242 1393 345 1430 fetura
356 1403 471 1431 yreyem
485 1392 685 1431 suppleverit),
709 1393 756 1421 vel
776 1395 813 1423 ad

102 1430 143 1464 ld,
159 1431 238 1468 quod
251 1441 281 1459 v.
291 1432 329 1460 21
345 1441 390 1469 sq.
410 1431 546 1470 petierat,
568 1434 602 1460 ut
614 1441 730 1460 carmen
745 1432 811 1467 sibi,

103 1468 188 1506 quale
201 1469 311 1504 Codro,
325 1469 671 1509 contingeret,referunt;
692 1479 810 1500 sensum

101 1510 199 1536 autem
214 1518 296 1537 esse:
325 1508 429 1537 Micon
450 1509 504 1538 tibi
520 1509 572 1537 has
587 1507 711 1537 exuvias
728 1510 809 1538 cervi

101 1551 132 1573 et
155 1546 219 1584 apri
233 1546 356 1581 dicavit,
378 1557 394 1575 ο
418 1547 530 1575 Diana:
557 1550 587 1574 at
605 1556 659 1589 ego
681 1550 807 1575 statuam

101 1593 303 1620 marmoream,
327 1586 407 1623 quod
428 1587 523 1622 majus
537 1588 593 1618 est,
617 1583 670 1612 nbi
693 1593 808 1621 ponam,

101 1622 126 1650 si
142 1624 279 1662 proprius
300 1633 334 1652 ac
360 1628 522 1661 perpetuus
546 1632 619 1660 grex
639 1622 687 1650 hio
710 1622 808 1651 suerit.

100 1661 143 1688 At
154 1661 209 1690 hoc
221 1662 316 1690 minus
330 1661 447 1699 placere
462 1672 526 1699 pntss
611 1661 657 1689 De
670 1661 809 1697 protomis

98 1698 228 1728 serarum
240 1700 342 1728 Dianae
354 1700 535 1728 consecratis
546 1710 575 1728 ec
582 1709 620 1727 ex
630 1699 733 1727 arbore
743 1708 807 1727 sus-

99 1737 198 1774 pensis
212 1742 280 1767 nota
292 1743 388 1771 res‚et
396 1743 482 1767 notus
496 1737 580 1766 locus
595 1736 761 1783 Spanhemii
772 1738 809 1766 ad

101 1775 274 1805 Callimach.
287 1776 317 1805 in
334 1776 420 1805 Dian.
436 1777 473 1805 cf.
490 1776 559 1805 AEn.
574 1775 640 1809 Lx,
653 1777 722 1803 407.
738 1776 807 1805 408.

97 1812 221 1843 lah—29
228 1814 334 1844 Saetosi
344 1819 439 1853 caput,
448 1815 500 1853 ᾅτ.
512 1814 635 1857 Junges,
652 1817 671 1829 ‘¹
683 1813 710 1842 Ο
722 1813 809 1843 Delia

99 1851 230 1890 (Diana)
248 1863 360 1891 parvus
374 1853 474 1882 Micon
487 1852 540 1882 tibi
556 1853 634 1881 theat
648 1851 703 1881 hoc
719 1857 809 1890 caput

98 1890 162 1928 apri
181 1891 284 1920 saetosi
303 1897 333 1921 et
346 1901 462 1921 ramosa
483 1901 592 1919 cornua
604 1890 715 1919 vivacis
728 1891 808 1920 cervi

97 1929 200 1967 (quod,
217 1934 244 1959 te
257 1930 399 1969 propitia,
411 1929 539 1967 feliciter
552 1933 671 1958 venatus
689 1929 759 1966 est.)
775 1930 808 1958 Si

95 1968 250 2005 proprium
264 1969 320 1998 hoc
332 1968 421 1998 fuerit
430 1969 495 2007 (i.e.
504 1968 530 1997 si
543 1973 601 1996 tam
607 1967 692 2005 felici
704 1972 809 1996 venatu

93 2011 232 2044 perpetuo
245 2007 289 2036 uti
301 2007 469 2045 contigerit)
485 2007 576 2036 stabis
592 2010 655 2035 tota
673 2007 710 2035 de
731 2016 808 2035 mar·

96 2053 176 2074 more
189 2045 259 2080 levi,
273 2047 388 2075 evincta
400 2056 483 2074 suras
493 2046 618 2084 puniceo
632 2045 805 2073 cothurno.”

93 2082 386 2123 S.-Antiquissimo
398 2095 477 2113 more
486 2084 515 2112 in
521 2084 626 2112 statuis
634 2083 720 2112 etiam
729 2093 805 2111 mar-

96 2123 204 2151 moreis
218 2124 346 2153 vestitus
355 2123 507 2152 coloribus
520 2123 601 2161 pingi
615 2121 736 2151 solitus:
763 2122 806 2150 ita

96 2159 125 2188 h.
138 2159 158 2188 l.
170 2161 280 2198 pedum
296 2162 508 2191 indumentum.
550 2160 709 2195 cothurno,
725 2161 805 2198 quod

94 2197 327 2229 calceamentum
337 2200 518 2229 venatoriam
530 2203 586 2234 est,
600 2200 697 2228 Diana
705 2198 765 2227 fere
773 2198 803 2227 in

95 2236 224 2276 antiquis
239 2239 378 2276 operibus
390 2243 436 2267 est
450 2238 620 2276 conspicua.
633 2238 671 2266 of.
687 2237 756 2266 ΒΖΕ,
773 2237 800 2270 Ι,

95 2275 163 2305 337.
179 2275 289 2304 evincta
306 2281 356 2306 aut
373 2287 426 2314 pro
442 2277 552 2310 vincta,
573 2280 625 2305 aut
645 2286 662 2305 a
674 2275 751 2313 pede
766 2276 802 2304 ad

94 2323 179 2343 suras
193 2324 298 2353 usque.
313 2315 352 2343 cf.
368 2315 505 2349 AEn.1V,
518 2315 588 2344 474.
598 2314 643 2343 H.
664 2313 755 2342 stabis
769 2314 802 2342 de

94 2362 245 2387 marmore,
266 2353 461 2385 dedicaberis,
486 2357 584 2382 statua
610 2357 661 2381 tua
681 2352 801 2381 dedica-

94 2391 176 2421 bitur
195 2401 366 2420 marmorea.
406 2391 519 2419 Similis
541 2396 588 2419 est
612 2400 685 2420 usus
701 2390 802 2419 Graeci

93 2429 177 2458 verbi
192 2432 288 2463 ἰ’στημί
310 2443 370 2458 τινα
383 2434 506 2463 χρυσοῦν.
546 2430 625 2458 Plat.
640 2429 760 2458 Phaedr.
772 2439 802 2466 p.

92 2468 161 2496 215.
177 2470 349 2504 σφυρήλατος
366 2471 393 2496 ὲν
414 2470 550 2505 Ὀλυμπίᾳ
565 2472 690 2502 στάθητι,
708 2467 758 2496 ubl
772 2477 802 2496 V,

93 2505 200 2535 Heins.
215 2506 264 2536 W.

130 2545 168 2574 33
196 2544 295 2574 Etiam
321 2545 377 2573 hoc
406 2543 584 2582 epigramma
614 2548 669 2577 est,
697 2543 801 2582 Priapi

91 2582 177 2620 signo
198 2583 339 2618 affixum3
365 2584 453 2621 idque
467 2586 569 2609 votum
591 2582 618 2609 ei
640 2583 802 2610 factum.--

92 2622 130 2649 34
146 2621 231 2650 Idem
245 2622 327 2651 color
340 2623 368 2651 in
383 2622 450 2650 Tib.
462 2620 489 2652 I,
507 2621 535 2653 1,
551 2620 587 2647 19
602 2630 647 2657 sq.
687 2620 742 2648 Sat
753 2624 799 2648 est

93 2658 147 2687 tibi
162 2659 226 2688 haec
249 2671 266 2689 a
290 2670 337 2689 rne
359 2658 514 2699 quotannis
537 2657 724 2686 ofl'erri.—35
742 2668 799 2695 pro

94 2701 228 2736 tempore,
240 2703 273 2728 ut
286 2702 400 2737 tempus
418 2703 445 2727 et
471 2707 517 2726 res
539 2696 681 2730 ferebam,
703 2699 732 2726 ἐκ
748 2702 799 2725 τῶν

1505 1045 1561 1085 45

853 1164 1000 1194 παρόιτων,
1015 1163 1068 1189 ὲνύι
1075 1173 1135 1194 των,
1145 1160 1403 1195 ἰνπαρχύντων.-36
1412 1161 1440 1189 h·
1450 1161 1474 1189 Si
1486 1162 1561 1190 b0na

853 1199 953 1228 ovium
968 1200 1063 1228 fetura
1077 1200 1142 1228 erit.

891 1239 928 1266 37
953 1238 1063 1266 Nerine
1092 1237 1224 1266 Galatea.
1264 1237 1356 1266 Nerei
1382 1242 1412 1266 et
1436 1238 1559 1267 Doridis

852 1275 913 1305 filia
928 1277 984 1304 fuit
998 1276 1138 1314 Nympha
1151 1276 1203 1305 illa
1214 1276 1334 1310 marina,
1350 1285 1365 1304 a
1377 1275 1560 1314 Polyphemo

853 1315 999 1348 adamata,
1015 1325 1103 1353 qnam
1123 1320 1221 1344 tamen
1234 1315 1280 1343 hie
1296 1318 1329 1342 ut
1341 1314 1462 1343 amicam
1477 1325 1559 1343 suam

853 1353 1003 1388 Corvdon,
1026 1359 1059 1382 ut
1081 1354 1207 1391 Vesperi
1228 1354 1264 1382 ad
1285 1362 1316 1381 se
1338 1353 1444 1387 veniat,
1465 1360 1562 1391 rogat.

852 1386 975 1420 Scilicet
994 1394 1084 1430 poe'ta
1098 1396 1210 1420 tantum
1225 1391 1253 1420 in
1266 1391 1321 1419 hoc
1336 1390 1508 1423 elaboravit,
1524 1397 1557 1420 ut

851 1430 1058 1459 Theocriteum
1069 1440 1188 1459 carmen
1198 1440 1233 1459 ex
1258 1429 1377 1458 rimeret
1389 1429 1478 1467 Idyll.
1493 1429 1557 1463 XI,

851 1470 888 1497 19
901 1479 956 1507 sq.‚
972 1469 1015 1497 uti
1027 1469 1114 1498 etiam
1130 1468 1199 1497 fecit
1221 1441 1287 1496 Epel.
1303 1467 1414 1500 IX‚39
1429 1478 1472 1505 sq.
1506 1469 1557 1496 Sic

849 1517 915 1544 sup.
932 1518 960 1535 v.
976 1508 1014 1535 26
1052 1507 1186 1535 Arcades
1206 1510 1308 1544 pastor
1328 1510 1482 1540 memorat,
1507 1506 1559 1544 qui

847 1545 923 1573 inter
938 1545 1114 1573 Mantuanos
1130 1545 1260 1572 vivebat.

887 1584 1012 1611 cil—¹3.
1034 1582 1109 1610 Cum
1121 1581 1334 1610 asseveratione
1343 1582 1466 1619 Thyrsis
1477 1592 1556 1610 amo-

849 1620 890 1648 ris
906 1621 952 1649 sui
962 1620 1173 1659 impatientiam
1185 1620 1323 1648 declarat.
1354 1621 1414 1648 Per
1427 1620 1558 1648 Sardoas

848 1658 961 1693 herbas,
978 1659 1121 1687 batrachii
1138 1669 1162 1687 s.
1183 1658 1346 1693 ranunculi,
1358 1659 1554 1696 (crore-fhoss)

848 1706 939 1734 genus
960 1697 1100 1735 intellige,
1120 1698 1206 1734 cujus
1232 1707 1353 1735 magnus
1374 1697 1402 1724 in
1423 1697 1558 1726 Sardinia

848 1740 910 1764 erat
923 1740 1104 1773 proventus3
1130 1735 1176 1764 vis
1194 1736 1258 1778 ejus
1273 1735 1344 1763 adeo
1358 1738 1405 1763 est
1426 1735 1557 1764 caustica

848 1777 891 1808 ut,
906 1774 930 1802 si
946 1774 1038 1802 cruda
1051 1773 1120 1802 folia
1132 1772 1194 1802 cuti
1207 1783 1245 1801 nn
1269 1773 1555 1810 onantnr,pnstulas,

847 1812 981 1851 uffignis,
1001 1812 1118 1846 faciant,
1141 1811 1218 1840 Plin.
1232 1830 1244 1839 A
1269 1811 1343 1845 XV,
1363 1812 1419 1847 133
1448 1822 1556 1840 succus

848 1854 946 1879 autem
968 1855 1057 1888 potus
1079 1850 1204 1878 insanire
1229 1850 1309 1883 facit,
1332 1853 1362 1878 et
1382 1849 1457 1878 inter
1484 1850 1555 1878 alias

847 1890 1045 1918 membrorum
1060 1888 1272 1917 contractiones
1283 1898 1333 1917 eos
1346 1888 1406 1916 oris
1421 1897 1555 1926 spasmos

847 1927 948 1961 eflicit,
972 1932 1005 1956 ut
1029 1928 1124 1956 ridere
1148 1927 1311 1955 videantur.
1339 1926 1406 1955 hinc
1432 1927 1468 1955 de
1492 1927 1553 1955 risu

848 1965 991 1995 Sardonio
1007 1976 1054 1994 res
1069 1964 1408 1997 notissima—amarior,
1424 1974 1489 1993 nam
1499 1970 1554 1998 ὁρι·

847 2009 882 2037 μύ
884 2018 965 2033 τττττ
981 2004 1109 2043 appellat
1122 2003 1332 2039 Dioscorides,
1352 2007 1382 2031 et
1395 2003 1462 2031 hino
1475 2013 1553 2031 ama—

846 2042 907 2071 rior
919 2042 1010 2072 mellis
1038 2042 1234 2071 Sardoi.—42
1252 2041 1368 2078 Ruscus
1392 2041 1552 2079 virgultum

845 2081 947 2115 breve,
977 2081 1072 2110 acutis
1104 2080 1180 2108 foliis
1210 2084 1238 2107 et
1269 2078 1476 2121 pungentibus.
1507 2079 1552 2107 H.

844 2119 998 2148 Butcherts·
1019 2119 1146 2154 B1·00m;
1188 2117 1390 2154 Oxymyrsme,
1411 2120 1430 2132 “
1444 2117 1553 2146 Castor

844 2158 1041 2197 oxymyrsinen
1069 2156 1159 2195 myrti
1187 2156 1264 2184 foliis
1288 2155 1395 2188 acutis,
1425 2165 1461 2183 ex
1495 2165 1553 2193 qua

843 2196 918 2225 fiunt
936 2197 997 2225 rum'
1013 2197 1131 2234 Scopae,
1141 2204 1254 2223 ruscum
1264 2192 1413 2222 vocavit.”
1428 2193 1550 2222 Plin.S.

842 2234 919 2273 alga,
939 2236 1029 2264 herba
1043 2234 1153 2263 marina
1165 2233 1246 2262 vario
1269 2242 1382 2271 genere,
1396 2242 1463 2276 quae
1477 2236 1551 2261 tem-

842 2277 957 2311 pestate
979 2274 1008 2302 iu
1028 2273 1114 2301 littus
1132 2271 1201 2309 ejici
1223 2271 1308 2300 solet.
1325 2270 1387 2298 vid.
1400 2270 1550 2299 1bid.—43

842 2312 962 2347 Quanta
977 2321 1115 2340 veuus‘2,<—.
1136 2310 1165 2338 in
1179 2309 1230 2338 illo
1250 2309 1379 2338 Theocr.
1392 2308 1474 2341 XII,
1490 2310 1508 2338 2
1525 2312 1551 2337 οἱ

842 2353 871 2377 δὲ
884 2354 1025 2379 πόθεῐῖντες
1039 2352 1066 2377 ἔν
1084 2351 1164 2381 ἤματι
1187 2346 1366 2383 ’γηράσκουσιὶ
1398 2346 1442 2376 Η.
1460 2347 1551 2376 ovid.

842 2388 919 2417 Her.
933 2389 996 2423 XI,
1008 2389 1057 2418 29.
1085 2387 1129 2415 Et
1142 2397 1198 2415 nox
1214 2389 1277 2414 erat
1289 2394 1384 2413 amma
1398 2384 1487 2413 nobis.
1502 2385 1550 2414 W.

840 2427 879 2455 61
899 2427 926 2455 si
950 2427 1015 2465 quis
1031 2426 1136 2464 pudor.
1160 2425 1294 2462 increpat
1306 2424 1417 2452 boves:
1438 2423 1549 2461 pudeat

840 2475 895 2494 vos
909 2470 1010 2503 pastos
1024 2468 1085 2492 tam
1099 2463 1182 2491 tarde
1197 2463 1317 2491 domum
1333 2462 1505 2499 procedere,
1520 2466 1550 2490 et

840 2513 887 2532 me
902 2504 937 2531 ab
949 2503 1050 2531 amicae
1063 2501 1202 2539 amplexu
1215 2499 1367 2529 distinere.
1380 2499 1425 2528 H.

878 2542 994 2570 45—48
1009 2539 1149 2577 Corydon
1170 2539 1282 2567 umbrae
1307 2548 1341 2567 ac
1362 2537 1481 2576 frigoris
1497 2538 1547 2574 jn-

842 2580 1022 2608 cunditatem
1043 2577 1148 2606 aestivo
1173 2580 1315 2615 tempore,
1339 2576 1412 2604 alter
1430 2576 1546 2603 49132

839 2618 951 2649 hvemis
964 2617 1122 2646 lenimenta
1134 2625 1171 2644 ex
1185 2615 1251 2644 foco
1260 2623 1384 2643 accenso
1395 2613 1546 2651 praedicat.

837 2651 935 2685 somno
950 2655 1059 2684 mollior
1072 2653 1169 2685 herba.
1186 2664 1224 2681 ex
1236 2653 1360 2682 Theocr.
1372 2660 1545 2690 expressum

838 2695 930 2733 Idyll.
944 2696 983 2729 Y,
997 2695 1044 2723 51.
1060 2693 1139 2722 Add.
1150 2692 1224 2727 XV,
1237 2693 1302 2720 125.
1319 2690 1409 2719 mollis
1422 2698 1546 2723 somnus,

837 2749 859 2767 0
