1796 3077
271 215 332 260 44

699 211 742 248 Ρ.
771 210 1003 248 VIRGILII
1034 210 1282 248 MARONIS

274 329 507 372 Posthabui
528 338 665 371 tamen
685 329 847 370 illorum
867 345 956 370 mea
977 331 1082 370 seria
1102 330 1218 371 ludo.

273 385 460 428 Alternis
480 387 606 442 igitur
626 387 878 428 contendere
898 387 1084 427 versibus
1103 388 1225 427 ambo

273 444 478 498 Coepere;
509 444 689 484 alternos
711 442 849 483 Musae
868 444 1100 483 meminisse
1120 443 1329 484 volebant.

272 499 366 541 Hos
386 500 595 553 Corydon,
616 499 706 540 illos
723 499 935 540 referebat
955 500 996 539 in
1018 500 1163 540 ordine
1185 499 1377 552 Thyrsis.

1661 498 1716 537 QG

329 556 437 597 COR.
468 555 693 609 Nymphae,
716 563 858 596 noster
871 571 998 604 amor,
1023 556 1304 604 Libethrides,
1328 561 1398 595 aut
1414 554 1515 594 mihi
1535 568 1714 603 carmen,

271 612 408 659 Quale
427 627 519 653 meo
536 612 690 661 Codro,
710 612 925 653 concedite
945 629 954 661 ς
986 613 1176 666 proxima
1199 612 1352 652 Phoebi

271 668 474 710 Versibus
495 667 560 709 ille
581 668 702 717 facit;
735 676 806 709 aut
827 670 859 708 si
878 684 960 708 uon
980 683 1200 722 possumus
1222 683 1378 715 omnes,

269 725 353 766 Hic
374 733 521 780 arguta
540 740 657 766 sacra
675 725 878 779 pendebit
897 724 1037 764 fistula
1054 726 1169 779 pinu.

325 781 445 822 THY.
478 781 688 831 Pastores‚
705 781 864 822 hedera
883 790 1138 822 crescentem
1160 788 1304 822 ornate
1326 780 1509 834 poetam,

1659 780 1714 820 25

268 837 473 887 Arcades,
496 838 649 878 invidia
668 845 915 891 rumpantur
935 837 1064 878 utilia
1088 838 1253 886 Codro3

265 893 356 935 Aut
372 895 405 935 si
424 894 534 935 ultra
550 894 749 948 placitum
768 893 961 943 laudarit,
979 895 1156 936 baccare
1177 894 1356 934 frontem

267 951 444 1005 Cingite,
463 966 515 992 ne
532 951 616 990 vati
631 958 780 992 noceat
798 950 906 991 mala
926 950 1067 1005 lingua
1088 951 1246 991 futuro.

319 1008 430 1048 COR.
465 1007 620 1048 Saetosi
637 1015 763 1061 caput
778 1007 861 1048 hoc
878 1008 969 1061 apri
990 1008 1077 1056 tibi,
1095 1007 1233 1057 Delia,
1252 1021 1407 1060 parvus

265 1063 325 1104 Et
341 1079 504 1105 ramosa
524 1063 670 1104 Micon
688 1064 838 1104 vivacis
858 1078 1014 1104 cornua
1035 1064 1161 1105 cervi.

1659 1062 1715 1102 30

266 1121 312 1160 Si
327 1121 543 1175 proprium
562 1120 644 1161 hoc
664 1120 802 1169 fuerit,
822 1119 901 1160 levi
922 1119 974 1160 de
988 1135 1192 1161 marmore
1213 1128 1302 1161 tota

264 1228 331 1256 Ecl.
340 1228 367 1262 1,
380 1229 433 1257 22:
452 1227 518 1261 ΙΙΙ,
531 1227 688 1265 S2.itaque
701 1227 831 1256 infirmos
848 1232 876 1256 et
887 1238 966 1257 curae

261 1266 454 1305 diligentioris
469 1265 683 1304 egentes—El
696 1271 835 1294 ‹erlamen
850 1271 922 1303 erat,
938 1267 967 1296 h.

261 1315 289 1332 e.
305 1309 461 1338 certantes,
479 1305 529 1342 qui
552 1305 763 1333 contendebant
782 1305 856 1333 inter
871 1315 913 1339 se,
935 1310 968 1334 ut

261 1343 330 1372 AEn.
344 1343 382 1377 V,
398 1344 456 1372 339
470 1343 556 1371 tertia
564 1342 678 1380 palmas
690 1343 808 1376 Diores,
822 1343 967 1372 victor.—

261 1382 298 1410 19
313 1381 438 1410 alternos
462 1381 558 1410 Musae
578 1380 734 1409 meminisse
758 1381 896 1410 volebant.
937 1382 969 1410 Si

259 1419 324 1448 haec
340 1430 409 1448 vera
421 1419 520 1453 lectio,
542 1429 595 1448 nec
610 1429 668 1448 ver⁴
682 1429 713 1448 as
729 1421 764 1448 ab
779 1420 872 1448 aliena
883 1430 969 1449 manu

260 1462 317 1492 est,
335 1458 364 1486 in
377 1458 453 1486 hunc
476 1458 594 1487 modum
619 1459 792 1495 exponenda
813 1459 876 1487 haee
903 1463 965 1487 est:

261 1496 371 1530 Musae,
395 1506 459 1534 quae
484 1501 580 1524 amant
599 1496 722 1531 alterna,
748 1497 813 1525 Ecl.
827 1497 892 1526 ΙΙῘ,
919 1499 966 1526 59.

258 1534 331 1563 hanc
346 1534 441 1572 legem
461 1534 597 1563 carminis
620 1535 768 1569 dicebant,
786 1540 818 1563 ut
839 1535 965 1564 alternos

259 1583 363 1601 versus
388 1573 588 1601 meminissent
623 1582 675 1601 seu
697 1573 865 1605 recitarent,
895 1573 924 1601 h.
939 1583 965 1602 e.

257 1615 291 1639 ut
306 1611 441 1640 versibus
463 1610 582 1640 alternis
596 1615 741 1639 canerent.
756 1610 800 1639 H.
840 1611 881 1640 Ut
903 1611 965 1640 infi-

257 1649 367 1678 nitivus
382 1649 547 1678 contendere
562 1649 678 1683 habeat,
702 1659 741 1677 ex
756 1659 814 1687 quo
830 1650 965 1687 pendeat,

256 1689 391 1722 verbum,
407 1688 492 1726 quale
500 1692 545 1716 est
556 1697 672 1724 crepere,
687 1687 716 1716 h.
729 1687 749 1715 l.
764 1689 965 1717 necessarium

259 1730 324 1763 est3
345 1726 443 1764 itaque
466 1735 570 1754 versus
586 1727 632 1753 19.
652 1726 755 1753 abesse
778 1726 888 1763 nequit.
929 1728 965 1755 In

257 1774 361 1792 sensus
375 1764 504 1792 bonitate
515 1764 555 1792 nil
568 1763 765 1795 desiderabis.
776 1764 863 1792 modo
878 1774 965 1793 usum

256 1802 341 1830 verbi
357 1801 524 1836 meminisse,
548 1811 564 1829 e
579 1801 687 1829 Graeeo
708 1801 840 1835 ductum,
857 1805 965 1831 teneas.

256 1840 423 1868 Meminisse
435 1850 496 1868 rem
522 1843 568 1868 est
583 1848 648 1867 eam
668 1839 828 1876 respicere,
850 1849 964 1875 curare,

256 1878 387 1917 aggredi,
405 1882 541 1906 tractare.
573 1877 665 1906 Hom.
687 1877 746 1905 Od.
760 1891 788 1911 γ,
813 1878 878 1905 141.
894 1878 965 1907 Noli

256 1916 348 1954 igitur
360 1916 398 1945 de
418 1916 473 1944 hoc
492 1925 579 1944 sensu
595 1915 745 1954 cogitare:
767 1915 866 1943 Musae
882 1916 963 1944 vole-

255 1955 335 1988 bant,
351 1964 457 1983 versus
471 1955 595 1982 aliorum
611 1958 662 1982 aut
680 1953 715 1981 ab
733 1953 806 1991 ipsis
822 1953 891 1982 olim
903 1955 963 1984 ela·-

257 1993 377 2021 boratos
392 1992 511 2022 cantari.
531 1992 578 2021 W.

293 2032 330 2060 21
355 2031 432 2067 Quae
461 2034 634 2068 sequuntur,
655 2039 746 2068 parva
766 2035 833 2059 sunt
859 2031 962 2060 carmi-

253 2079 300 2103 na,
325 2073 531 2107 quaternorum
552 2078 692 2097 versuum
718 2068 827 2097 diversi
851 2069 963 2107 singula

253 2107 415 2146 arg-umenti
442 2108 479 2136 cf.
505 2107 629 2145 Argum.
666 2106 729 2135 Ecl.
751 2107 779 2135 3.
809 2106 964 2136 Libethrus

253 2146 316 2174 fons
339 2149 386 2174 est
403 2156 470 2174 cum
491 2149 573 2174 antro
588 2145 616 2173 in
641 2145 794 2174 Helicone.
810 2155 838 2174 v.
855 2146 962 2175 Strabo

256 2183 321 2217 lx,
336 2194 366 2222 p.
379 2185 446 2212 629.
458 2185 495 2212 A.
536 2184 636 2212 Musae
651 2183 729 2212 inter
746 2183 900 2222 Nymphas
916 2195 961 2213 re-

254 2222 324 2250 ferri
337 2222 482 2250 aliisvisae
497 2226 581 2257 sunt3
596 2226 626 2250 at
639 2222 779 2255 deaeloci‚
801 2222 960 2260 Nymphae,

252 2269 269 2287 a
283 2264 402 2297 pastore
415 2269 469 2298 pro
483 2259 582 2288 Musis
602 2259 731 2288 invocari
744 2264 889 2298 poterant.
901 2261 960 2290 vid.

252 2297 297 2329 X.
314 2300 340 2327 1.
354 2298 396 2326 Η.
438 2298 479 2326 Et
491 2298 563 2326 Not.
580 2298 628 2326 ad.
647 2297 691 2331 X,
708 2298 910 2336 ILproximu,
926 2304 960 2328 ut

249 2336 315 2369 IX,
330 2337 379 2365 35.
395 2336 481 2374 digna
499 2345 609 2364 carzere.
626 2335 752 2365 W.-22
774 2337 889 2365 Codrus
907 2347 957 2365 no-

249 2384 314 2403 men
329 2375 456 2412 pastoris
467 2376 529 2411 jam
544 2384 611 2412 sup.
629 2373 695 2403 Ecl.
708 2375 746 2408 V,
765 2376 889 2404 11.-23
903 2380 953 2404 aut

248 2412 275 2440 si
285 2423 340 2441 non
349 2423 381 2450 p.
392 2422 419 2441 ο.
434 2423 538 2441 versus
555 2412 649 2440 facere
664 2413 816 2449 proximos
831 2413 888 2451 (ita
899 2424 952 2442 ex-

248 2450 326 2488 plico
341 2454 476 2479 neutrum
491 2450 636 2488 proxima,
659 2450 793 2480 absolute
805 2452 953 2489 positum)

247 2490 313 2526 ejus
339 2489 485 2523 versibus,
512 2499 576 2527 pro,
603 2489 627 2516 si
655 2498 721 2517 eum
750 2500 867 2532 aequare
891 2500 954 2518 car-

249 2527 326 2556 mine
341 2537 398 2555 non
414 2526 501 2562 licet3
524 2526 672 2564 proximus
687 2527 715 2555 h.
728 2527 748 2555 l.
771 2528 912 2557 monitate
926 2532 956 2556 et

247 2565 428 2603 praestantia.
444 2565 481 2592 cs.
491 2565 583 2593 Obss.
601 2565 637 2593 ad
650 2551 833 2599 Tibull.113,
845 2568 874 2596 5.
887 2567 955 2595 3.-

246 2614 342 2637 sacra,
356 2603 490 2640 Cybelae.
505 2603 596 2630 Ovid.
618 2602 694 2631 Met.
708 2603 752 2637 X,
768 2605 834 2632 103.
848 2605 865 2632 4
878 2615 885 2639 3
905 2609 954 2633 aut

249 2652 365 2680 aequare
377 2642 509 2670 Codrum
526 2641 587 2668 vult
604 2645 705 2678 pastor
727 2646 775 2670 aut
789 2652 873 2670 onme
887 2652 953 2670 can-

248 2686 296 2709 tus
320 2680 448 2710 studium
478 2679 615 2717 abjicere.
655 2680 730 2708 Tum
748 2680 870 2718 Thyrsis
889 2682 950 2717 jac-

1005 1232 1101 1257 tanter
1123 1238 1260 1266 superare
1282 1238 1312 1257 se
1325 1228 1456 1257 Codrum
1475 1226 1655 1265 pronuntiat,
1666 1226 1713 1255 vel

1007 1277 1074 1296 cum
1091 1268 1155 1304 ejus
1171 1267 1292 1295 invidia.

1046 1307 1083 1334 25
1119 1305 1297 1334 Crescentem
1328 1305 1451 1343 poi'tam.
1503 1303 1549 1332 De
1577 1313 1608 1332 se
1631 1302 1714 1341 loqui

1007 1344 1133 1382 Thyrsin
1150 1348 1231 1381 puta.
1271 1344 1429 1372 Obtrectat
1448 1341 1562 1371 scilicet
1577 1341 1714 1370 laudibus

1008 1383 1185 1412 Codri.—-27
1201 1381 1277 1410 ultra
1291 1382 1439 1420 placitum,
1462 1380 1540 1419 plus,
1557 1389 1643 1418 quam
1656 1379 1714 1418 ipsi

1006 1421 1105 1459 placet
1120 1421 1148 1449 h.
1164 1421 1291 1454 videtur,
1305 1420 1458 1449 immodice
1473 1423 1503 1447 et
1517 1422 1626 1456 praeter
1637 1418 1714 1447 veri-

1007 1464 1099 1488 tatem
1124 1469 1170 1488 me
1183 1459 1348 1488 laudaverit
1369 1458 1497 1487 Codrus.
1538 1457 1595 1485 Est
1615 1461 1712 1485 autem

1007 1498 1110 1526 fascini
1141 1507 1231 1536 genus
1257 1503 1369 1531 notum,
1396 1502 1431 1525 ut
1446 1495 1601 1524 immodjca
1626 1494 1712 1524 laude

1008 1537 1165 1564 efferantur
1175 1545 1219 1567 ea.
1234 1536 1341 1573 quibus
1355 1534 1420 1573 quis
1434 1534 1571 1563 invideat.
1594 1534 1640 1561 De
1650 1533 1715 1562 bac-

1006 1584 1070 1602 care
1086 1574 1144 1602 vid.
1162 1575 1198 1602 ad
1213 1574 1278 1602 Ecl.
1291 1574 1349 1607 lv,
1366 1575 1411 1602 19.
1429 1572 1469 1601 Η.
1509 1573 1624 1601 Nomen
1634 1576 1714 1601 vates

1006 1613 1201 1641 venerandum
1213 1622 1289 1646 esse,
1305 1616 1334 1641 et
1349 1621 1487 1650 superare
1500 1620 1604 1639 nomen
1613 1611 1711 1648 po'c'ta,

1005 1655 1035 1678 et
1051 1651 1097 1679 hic
1118 1651 1212 1682 locus,
1231 1661 1289 1688 quo
1311 1655 1402 1679 *vatem
1415 1651 1549 1688 finarum
1571 1659 1603 1677 se
1620 1650 1713 1686 jactat

1005 1688 1140 1727 Thyrsis,
1153 1689 1266 1717 nomine
1282 1694 1379 1717 autem
1396 1688 1489 1726 pocta>
1504 1697 1535 1716 se
1556 1697 1632 1716 nunc
1649 1688 1711 1724 jam

1004 1727 1151 1765 dignatur,
1168 1727 1349 1756 demonstrat
1364 1730 1393 1755 et
1402 1726 1444 1755 H.
1456 1725 1584 1754 Vossius
1593 1725 1630 1754 ad
1645 1726 1711 1760 lX,

1005 1766 1053 1799 32,
1066 1766 1114 1793 34.
1124 1769 1203 1793 recte
1217 1766 1340 1794 notavit.
1355 1764 1402 1794 W.
1425 1763 1521 1797 Delia,
1534 1763 1562 1792 h.
1573 1763 1593 1792 1.
1606 1763 1710 1799 Diana,

1006 1803 1042 1830 ab
1055 1802 1149 1831 insula
1164 1803 1255 1831 Delos
1269 1803 1310 1831 sic
1319 1807 1434 1832 vocata.
1454 1803 1572 1831 Parvus
1583 1802 1711 1831 aServio

1004 1841 1172 1906 exponitgr,
1186 1841 1232 1868 vel
1240 1841 1363 1875 humilis,
1374 1841 1419 1870 vel
1424 1850 1548 1879 pauper,
1560 1840 1607 1869 vel
1618 1841 1713 1870 minor

1003 1883 1097 1906 telate.
1138 1899 1145 1907 .

1041 1917 1079 1945 30
1094 1917 1252 1951 Mirantur,
1267 1918 1345 1955 quod
1360 1918 1396 1946 de
1411 1917 1503 1945 alieno
1514 1920 1632 1954 pastore
1643 1922 1710 1956 agat

1003 1955 1150 1993 Corydon.
1191 1955 1250 1984 Sed
1262 1956 1315 1984 fert
1329 1955 1463 1984 carminis
1477 1955 1612 1984 amoebaei
1623 1957 1709 1991 ratio,

1002 1997 1036 2022 ut
1048 1994 1137 2022 etiam
1148 1993 1270 2028 aliorum
1286 1994 1363 2022 facta
1372 2004 1405 2022 ac
1420 1993 1501 2022 dicta
1513 1998 1708 2031 exponantur.

1003 2031 1042 2060 cf.
1057 2032 1189 2065 Eclfll,
1202 2032 1301 2061 9091.
1315 2033 1441 2061 96—99.
1456 2032 1596 2069 Sequitur
1609 2037 1706 2061 autem

1003 2070 1221 2108 epigrammatis
1242 2080 1348 2109 genus,
1363 2080 1415 2099 seu
1428 2074 1530 2098 votum
1551 2080 1568 2098 a
1587 2076 1707 2108 pastore

1002 2108 1121 2137 Micone
1138 2109 1243 2137 Diana:
1257 2109 1377 2143 factum,
1397 2109 1446 2138 cui
1466 2108 1572 2137 similia
1593 2113 1660 2137 sunt
1677 2109 1706 2138 in

1002 2147 1180 2182 Anthologia
1208 2148 1324 2176 Graeca.
1383 2146 1587 2185 Supplendum
1617 2157 1686 2176 vero
1699 2157 1706 2175 ι

1001 2185 1103 2213 Micon
1117 2185 1170 2213 tibi
1181 2184 1268 2219 dicat,
1282 2185 1372 2223 quod,
1388 2189 1416 2214 te
1430 2185 1567 2223 propitia,
1581 2185 1708 2214 feliciter

1000 2228 1123 2252 venatus
1137 2228 1192 2251 est.
1207 2223 1250 2251 H.
1286 2224 1539 2262 Epigrammatum
1551 2228 1606 2258 est,
1643 2224 1707 2253 lura

1001 2262 1087 2290 etiam
1109 2262 1215 2290 omitti.
1234 2262 1294 2290 vid.
1321 2262 1437 2290 Arrian.
1457 2263 1484 2295 I,
1509 2263 1554 2291 16.
1577 2263 1598 2290 f.
1632 2261 1704 2291 V.—

999 2299 1182 2338 siproprium
1200 2300 1250 2327 hoc
1256 2300 1350 2337 jiwrit
1364 2300 1504 2329 incertam
1518 2300 1606 2330 habet
1615 2301 1705 2329 inter-

999 2339 1202 2376 pretationem,
1219 2339 1331 2381 quiaex
1347 2339 1444 2367 verbis
1460 2348 1515 2367 non
1530 2339 1638 2368 diserte
1653 2349 1703 2376 ap-

999 2382 1093 2414 paret,
1103 2377 1173 2414 quid
1181 2376 1218 2404 sit
1226 2376 1310 2410 illud,
1321 2378 1399 2415 quod
1410 2387 1460 2415 per
1469 2377 1703 2421 hocdesignetur.

994 2415 1072 2443 Cum
1095 2414 1266 2443 dedicentur
1281 2415 1375 2452 spolia
1389 2415 1458 2444 ferae
1473 2426 1509 2444 ex
1524 2415 1600 2444 felici
1613 2425 1701 2443 vena-

993 2452 1158 2483 tione.illud
1167 2453 1217 2481 lzoc
1225 2454 1462 2482 antecedentibus
1470 2464 1612 2482 annexum
1619 2454 1701 2489 adse-

993 2490 1069 2519 licem
1082 2495 1210 2518 venatum
1222 2491 1398 2530 referas‚qui
1410 2492 1558 2529 prioribus
1565 2491 1700 2520 versibus

993 2530 1184 2567 significatur,
1197 2533 1283 2566 atque
1297 2530 1347 2558 illa
1366 2531 1454 2559 verba
1467 2529 1578 2558 Miconi
1591 2529 1702 2558 tributa

993 2567 1193 2605 interpreteris
1206 2577 1211 2593 z
1235 2568 1259 2596 si
1277 2572 1334 2596 tam
1349 2568 1427 2597 felici
1438 2572 1542 2596 venatu
1554 2572 1698 2605 perpetuo

993 2605 1036 2633 uti
1046 2605 1211 2643 contigerit.
1233 2606 1328 2643 quue
1337 2607 1479 2643 optimum
1488 2605 1558 2633 mibi
1572 2605 1700 2634 videtur.

993 2644 1036 2672 H.
1076 2645 1140 2672 Nec
1158 2654 1222 2672 rara
1239 2649 1304 2673 suut
1321 2645 1392 2677 loca,
1417 2644 1445 2672 in
1465 2644 1571 2681 quibus
1592 2654 1698 2680 prono-

993 2682 1066 2711 mina
1088 2683 1122 2711 ad
1137 2693 1196 2711 rein
1213 2683 1387 2717 referuntur,
1405 2692 1491 2721 quam
1509 2681 1536 2710 in
1550 2682 1699 2720 mim-ibus
