1796 3077
620 226 888 267 AENEIDOS.
941 226 1041 266 LIB.
1073 226 1128 265 II.

145 346 439 404 Exsiliumque
456 350 558 404 pati.

142 406 339 462 Sanguis,
362 408 432 456 ait,
454 407 684 462 solidaeque
705 423 780 449 suo
799 415 910 449 stant
930 408 1084 448 robore
1104 407 1226 455 vires,

143 461 234 505 Vos
255 465 413 520 agitate
435 464 589 519 fugam.

141 519 217 561 Me
238 522 271 561 si
291 521 492 562 coelicolae
513 520 740 562 voluissent
755 521 910 562 ducere
928 521 1068 569 vitam,

141 574 234 617 Has
250 578 351 618 mihi
372 587 606 619 servassent
623 579 759 619 sedes,

141 632 337 675 Vidimus
359 636 538 683 excidia,
561 644 603 675 et
624 643 759 689 captae
780 636 1070 689 superavimus
1090 635 1197 674 urbi.

143 690 214 731 Sic
235 707 272 739 o,
294 693 351 732 sic
373 693 556 746 positum
576 691 692 732 affati
714 693 918 733 discedite
939 706 1108 745 corpus.

141 746 240 800 Ipse
261 763 386 788 manu
407 757 582 789 mortem
604 749 832 798 inveniann
863 749 1130 790 miserebitur
1148 745 1297 794 hostis,

629 804 779 845 Facilis
794 806 963 859 jactura
983 803 1180 858 sepulcri.

140 803 415 859 Exuviasque
436 812 566 858 petet.

617 350 706 391 Vos
725 351 782 401 Ο,
799 351 953 405 quibus
969 350 1132 405 integer
1152 349 1230 390 aevi

1510 460 1594 501 640

820 579 934 619 Satis
956 593 1039 618 una
1061 590 1273 631 superque

1509 744 1593 785 645

140 859 239 901 Jam
259 863 425 915 pridem
445 862 600 901 invisus
622 862 740 910 divis,
763 869 806 901 et
830 861 999 909 inutilis,
1020 875 1151 901 annos

140 916 368 966 Demoror,
389 933 442 958 ex
462 933 547 972 quo
563 933 629 958 me
651 919 791 958 divum
811 925 933 972 pater
953 925 1080 970 atque
1100 915 1316 957 hominum
1336 928 1410 956 rex

140 972 343 1015 Fulminis
365 974 521 1015 afflavit
537 975 684 1023 ventis,
706 982 748 1015 et
769 976 944 1029 contigit
963 975 1064 1029 igni.

139 1029 264 1071 Talia
284 1033 502 1086 perstabat
522 1046 772 1080 memorans,
795 1031 992 1085 fixusque
1012 1030 1222 1070 manebat.
1508 1028 1593 1069 650

139 1086 234 1128 Nos
253 1095 400 1129 contra
420 1088 542 1129 effusi
565 1087 759 1136 lacrimis,
782 1089 1023 1142 conjuxque
1047 1087 1221 1134 Creiisa,

138 1142 448 1198 Ascaniusque,
471 1146 689 1198 omnisque
711 1145 874 1193 domus,
895 1159 947 1185 ne
964 1152 1128 1185 vertere
1149 1157 1291 1183 secum

139 1201 305 1242 Cuncta
325 1210 458 1256 pater,
481 1201 654 1255 fatoque
674 1202 843 1255 urgenti
863 1202 1105 1242 incumbere
1121 1199 1261 1240 vellet.

134 1256 352 1312 Abnegat,
375 1259 630 1312 inceptoque
651 1266 693 1298 et
715 1258 886 1298 sedibus
909 1257 1045 1298 haeret
1066 1257 1109 1297 in
1128 1256 1276 1296 isdem.

139 1314 305 1355 Rursus
326 1316 368 1355 in
388 1330 503 1356 arma
523 1315 651 1364 feror,
671 1322 933 1368 mortemque
953 1314 1210 1354 miserrimus
1232 1318 1347 1366 opto.

1508 1311 1592 1352 655

138 1370 253 1412 Nam
273 1372 389 1425 quod
409 1371 627 1412 consilium
647 1379 721 1412 aut
740 1387 836 1425 quae
851 1372 940 1425 jam
960 1371 1130 1411 fortuna
1151 1369 1367 1410 dabatur?

139 1427 271 1469 Mene
292 1428 443 1469 efferre
464 1429 632 1482 pedem,
655 1428 833 1482 genitor,
854 1436 896 1468 te
916 1442 1042 1481 posse
1063 1426 1209 1467 relicto

140 1484 359 1538 Sperasti?
392 1492 638 1539 tantumque
659 1484 777 1526 nefas
797 1485 935 1539 patrio
957 1484 1115 1524 excidit
1134 1484 1239 1523 ore?

139 1541 186 1581 Si
206 1541 309 1581 nihil
329 1556 383 1582 ex
404 1549 521 1582 tanta
542 1542 706 1596 superis
726 1541 865 1595 placet
886 1541 992 1581 urbe
1013 1539 1205 1592 relinqui,

139 1597 199 1639 Et
221 1599 340 1639 sedet
359 1598 441 1640 hoc
457 1599 607 1648 animo,
630 1598 915 1652 perituraeque
936 1597 1095 1638 addere
1117 1595 1263 1649 Trojae

137 1768 194 1797 tela
209 1769 311 1814 locum,
326 1772 503 1811 progredior
515 1772 674 1803 incolumis
685 1773 761 1802 inter
772 1773 848 1802 telo-

138 1813 314 1875 iluitlnjactus
330 1815 361 1839 et
373 1812 515 1841 flammas.
528 1813 608 1842 conf.
622 1812 692 1841 AEn.
704 1812 762 1847 VI,
780 1813 848 1841 110.

175 1887 333 1917 638—640
360 1888 506 1917 Exsilium
558 1889 612 1923 ati,
641 1888 784 1927 praeelare
812 1888 849 1917 de

136 1924 238 1961 patria
272 1927 474 1964 relinquenda.
528 1901 663 1957 lgeeusat
700 1926 847 1956 Anchises

135 1963 228 2006 [I'roja
241 1964 547 2004 discedere—integer
562 1967 616 1995 oevi
627 1966 755 2004 sanquis-
777 1965 806 1993 h.
820 1975 846 1994 e.

135 2003 482 2047 mtegriaevhjuventae,
499 2006 629 2049 sanguis,
643 2006 777 2043 adeoque
792 2014 847 2041 pro

132 2042 274 2078 Juvemhs
288 2043 385 2081 vigor.
426 2044 502 2073 Mox
514 2049 626 2082 ayztare
640 2044 846 2082 animofuymn

136 2081 257 2117 proprie
270 2086 318 2110 est
331 2082 367 2110 de
383 2082 453 2121 fuga
467 2083 633 2112 deliberare
646 2086 725 2121 (tum
738 2081 846 2116 moliri,

136 2127 294 2155 capessere
308 2121 420 2159 fugam.
434 2120 478 2150 W.
486 2122 597 2159 )-642
612 2121 694 2150 Satis
704 2130 846 2160 superque

137 2166 194 2184 una
215 2158 324 2187 excidia
342 2159 484 2196 vidimus3
508 2161 680 2198 exquisite:
703 2160 776 2189 satis
795 2169 845 2187 su-

137 2204 251 2233 perque
273 2200 330 2229 est,
349 2199 430 2236 quod
453 2199 543 2228 semel
559 2200 680 2238 Trojam
693 2199 748 2238 (ab
764 2198 845 2227 Her-

135 2234 203 2262 cule
223 2241 347 2273 propter
368 2237 580 2267 Laomedontis
597 2238 772 2276 perfidiam)
788 2247 842 2266 ex-

135 2276 299 2310 pugnatam
316 2273 392 2307 vidi,
414 2280 445 2304 et
463 2276 531 2304 urbi
556 2282 652 2315 captas
674 2275 843 2315 supervixi,

135 2320 171 2339 ne
194 2311 243 2355 bis
268 2312 347 2341 idem
366 2314 611 2352 experiar.-—644
628 2315 691 2350 Sic,
714 2319 746 2344 ut
766 2324 844 2348 sum,

131 2354 261 2394 pos-zeum
289 2360 404 2388 corpus,
431 2362 487 2390 pro
512 2363 570 2387 me,
599 2357 733 2388 κείμενον,
759 2353 845 2391 quasi

132 2399 195 2426 Jam
221 2389 322 2423 funus,
348 2389 444 2427 affati,
464 2395 631 2421 extremum
650 2393 727 2421 illud
750 2392 843 2420 Vale!

136 2427 227 2456 Vale!
257 2429 333 2456 conf.
358 2429 395 2457 ad
418 2429 530 2458 Tibull.
552 2431 619 2465 III,
644 2433 674 2463 2.
699 2431 845 2460 15.—-645

136 2477 301 2499 manmnon
309 2468 600 2501 mea‚cumimbellis
617 2480 708 2499 senex
725 2469 776 2504 sit,
792 2469 845 2498 sed

137 2505 246 2534 hostis.
266 2506 449 2535 miserebitur
471 2507 572 2541 hostis,
594 2512 638 2542 ut,
652 2508 701 2537 vel
722 2508 845 2537 misera-

135 2544 215 2573 tione
232 2549 343 2579 motus,
359 2556 405 2573 me
427 2545 657 2583 supplicantem,
678 2550 713 2575 ut
731 2546 793 2575 vita
806 2546 843 2575 li—

135 2582 221 2611 beret
234 2594 292 2618 me,
307 2584 443 2618 occidat3
459 2584 565 2612 saltem
579 2589 703 2623 propter
717 2585 843 2614 exuvias

137 2622 257 2651 occidet
277 2633 334 2651 lue.
356 2624 394 2652 cf.
415 2623 467 2651 inf.
488 2622 552 2657 IX,
575 2625 651 2652 495.
675 2623 721 2657 Χ,
734 2624 844 2652 676.-

138 2659 274 2689 Cadaver
287 2661 470 2700 insepultum
486 2661 588 2699 abjici,
604 2663 684 2700 quod
701 2661 767 2690 aliis
782 2665 843 2691 tam

136 2698 405 2732 horrendum,mihi
418 2711 509 2745 grave
521 2711 575 2730 non
591 2701 844 2733 est-ssfl-ssw

137 2736 261 2767 Fundus
285 2739 395 2769 fabulae
418 2749 446 2768 m
471 2739 578 2778 hymno
599 2740 626 2769 in
646 2740 792 2769 Venerem
813 2750 843 2767 v.

1508 1594 1593 1635 660

888 1772 1062 1802 287—289:
1090 1770 1205 1800 afflatus
1228 1768 1351 1798 fulmine
1373 1772 1405 1797 et
1430 1765 1594 1796 secundum

889 1811 964 1840 alios
990 1813 1176 1844 excaecatus,
1196 1810 1289 1846 juxta
1315 1811 1450 1835 nostrum
1478 1808 1592 1848 tan'tum

889 1849 1065 1878 debilitatus
1085 1848 1288 1885 membrisque
1308 1850 1415 1884 captus
1436 1844 1595 1877 Anchises,

889 1888 970 1927 quod
995 1886 1245 1917 consuetudinem
1272 1894 1341 1914 cum
1370 1884 1484 1912 Venere
1509 1882 1593 1910 evul-

910 1931 1124 1961 arat.—annos,
1138 1926 1242 1958 vitam,
1257 1924 1401 1957 demoror,
1415 1922 1551 1964 labentes
1566 1924 1596 1949 et

887 1938 1067 1995 decedentes
1082 1965 1137 1993 diu
1153 1963 1283 1993 vivendo
1299 1962 1429 1991 detineo.
1470 1960 1595 2002 Dictum

887 2004 960 2033 alias
974 2005 1084 2033 morari
1097 2008 1226 2037 mortem,
1231 2004 1311 2040 fata,
1326 2000 1446 2033 Orcum,
1457 2008 1596 2027 mamam.

886 2043 1056 2081 —sulminis
1064 2043 1171 2079 afflavit
1180 2041 1283 2072 ventis.
1296 2039 1417 2069 fulmine
1428 2049 1434 2073 ;
1458 2037 1593 2075 quando-

887 2082 1007 2120 quidem
1023 2092 1075 2109 aer
1091 2080 1223 2109 fulminis
1234 2081 1319 2117 jactu
1337 2077 1486 2115 impulsus
1502 2079 1530 2103 et
1547 2085 1594 2104 ra-

886 2121 1019 2149 refactus
1034 2119 1208 2148 intercludit
1228 2117 1379 2155 spiritum,
1401 2125 1451 2143 res
1473 2113 1509 2142 ad
1527 2123 1594 2142 sen-

886 2168 953 2187 sum
981 2158 1067 2196 vulgi
1097 2157 1204 2193 obvia·‚
1235 2156 1294 2184 etsi
1324 2153 1465 2183 subtilius
1492 2151 1531 2180 de
1557 2162 1594 2181 ea

885 2197 1006 2236 physici
1019 2197 1158 2232 tradunt3
1175 2195 1247 2224 alias
1262 2205 1268 2222 2
1284 2203 1357 2222 aura
1363 2190 1518 2230 fidminz's3
1540 2200 1594 2218 un·

883 2237 921 2265 de
935 2237 1035 2275 ipsum
1048 2235 1144 2272 afflare
1156 2232 1390 2262 ductum.-fi50
1404 2232 1494 2268 fixus,
1508 2228 1594 2257 affix-

883 2285 920 2304 us
931 2275 1011 2309 loco,
1026 2284 1083 2302 non
1097 2273 1257 2302 discedens
1272 2270 1371 2299 domo.
1386 2272 1425 2299 cf.
1437 2270 1507 2298 699.

921 2314 1078 2342 651—654
1099 2310 1251 2351 Lugubris
1277 2319 1348 2338 sane
1372 2312 1402 2338 et
1426 2306 1595 2336 miseranda

884 2361 986 2381 rerum
1000 2352 1102 2385 facies,
1115 2350 1141 2379 si
1156 2348 1276 2388 singula
1290 2347 1416 2387 cogitas.
1445 2346 1511 2376 Nos
1525 2355 1592 2389 0031-

885 2394 934 2419 ira
955 2400 1039 2419 orare
1063 2399 1119 2418 non
1145 2387 1322 2417 desistimus
1348 2385 1434 2424 effusi
1455 2384 1592 2418 lucrimzs,

885 2430 1036 2467 exquisite
1057 2438 1112 2466 pro
1132 2427 1162 2456 in
1181 2426 1403 2461 lacrimas‚——ne
1423 2429 1532 2453 vertere
1549 2432 1594 2451 Se-

886 2478 961 2501 cum,
989 2471 1135 2501 evertere,
1164 2466 1300 2504 perdere,
1329 2465 1452 2502 fatoque
1480 2461 1595 2500 uryeuti

885 2506 1059 2541 incumbere,
1073 2506 1233 2534 instantem
1246 2503 1410 2542 perniciem
1425 2502 1594 2531 accelerare

882 2545 985 2574 vellet.
1025 2544 1130 2574 Simile
1142 2547 1190 2572 est
1200 2546 1360 2572 currentem
1374 2541 1504 2575 incitare,
1512 2548 1592 2577 proe-

882 2584 1048 2622 cipitantem
1072 2581 1227 2621 impelbere.
1245 2581 1289 2610 H.
1329 2581 1380 2610 Ad
1401 2581 1495 2609 verba
1516 2577 1592 2605 sedet

883 2624 935 2652 hoc
960 2622 1056 2651 animo
1084 2621 1163 2650 conf.
1187 2621 1228 2655 V,
1248 2621 1316 2649 418.
1336 2619 1430 2658 quue
1446 2618 1496 2656 pio
1516 2615 1593 2643 sedet

883 2661 1004 2692 AEueoe.
1037 2659 1193 2689 W.—-657.
1219 2669 1286 2698 sqq.
1314 2658 1363 2688 Ad
1388 2661 1505 2696 patrem
1530 2655 1592 2697 ᾼΠ-

882 2700 983 2729 chisen
997 2709 1161 2728 conversus
1175 2698 1241 2727 haec
1255 2698 1340 2727 dicit.
1382 2696 1520 2725 Affectus
1534 2701 1590 2735 lm-

883 2742 984 2778 petum
1009 2742 1076 2768 nota
1101 2737 1224 2777 pulchre
1246 2744 1425 2775 expressum
1456 2733 1592 2769 abruptis
