1796 3077
542 194 829 232 BUCOLICA.

886 193 1000 231 ECL.
1032 193 1105 231 111.
1513 200 1569 246 19

170 313 294 355 ΒΑΜ.
326 312 521 368 Phyllida
539 315 657 357 mitte
676 315 791 365 mihi,
821 330 938 357 meus
958 322 1021 358 est
1040 314 1201 366 natalis,
1234 314 1342 365 Iola3

113 371 257 418 Quum
273 371 420 413 faciam
440 371 567 412 vitula
584 388 660 426 pro
681 373 886 428 frugibus,
917 374 1007 428 ipse
1029 373 1180 413 venito.

168 428 301 469 ΜΕΝ.
334 428 528 483 Phyllida
548 445 641 471 aino
662 438 758 471 ante
779 430 904 480 alias;
935 445 1030 471 nam
1051 445 1116 473 me
1137 429 1354 472 discedere
1374 430 1502 480 flevit,

111 485 184 535 Et,
212 485 395 540 longum,
426 485 619 536 formose,
649 487 754 536 vale,
784 486 887 536 vale,
918 487 1065 541 inquit,
1098 487 1200 527 Iola.

170 542 294 584 DAM.
326 542 468 584 Triste
488 543 612 597 lupus
634 544 821 593 stabulis,
843 545 1015 585 maturis
1040 544 1232 598 frugibus
1252 544 1420 594 imbres,
1508 545 1563 585 80

110 597 350 640 Arboribus
370 601 494 650 venti,
511 602 632 641 nobis
653 600 924 656 Amaryllidis
943 602 1030 642 irae.

168 656 298 697 ΜΕΝ.
331 657 469 698 Dulce
492 659 589 698 satis
611 658 775 708 humor,
798 658 984 712 depulsis
1007 658 1183 699 arbutus
1202 657 1350 706 haedis,

111 713 251 755 Lenta
271 713 375 755 salix
395 714 481 755 feto
496 716 652 769 pecori,
672 715 776 756 mihi
796 715 908 756 solus
929 714 1150 769 Amyntas.

169 771 293 812 DAM.
325 770 459 812 Pollio
481 779 592 812 amat
611 779 808 820 nostram,
829 773 1017 825 quamvis
1038 778 1101 812 est
1119 771 1288 820 rustica,
1311 770 1505 822 Musam3

111 827 312 878 Pierides,
334 827 504 868 vitulam
525 827 671 869 lectori
692 829 852 882 pascite
872 836 1025 869 vestro.
1509 829 1565 869 85

168 884 295 925 MEN.
328 884 462 925 Pollio
484 892 525 926 et
546 885 636 939 ipse
657 885 757 926 facit
776 900 883 925 nova
905 885 1107 926 carminaz
1147 884 1307 939 pascite
1328 889 1507 934 taurum,

108 941 207 983 Jam
225 956 356 983 cornu
375 949 493 996 petat
513 949 555 982 et
576 942 756 996 pedibus
778 943 849 996 qui
869 951 1042 997 spargat
1062 956 1243 982 arenam.

167 998 291 1040 DAM.
325 998 412 1046 Qui
433 1006 487 1048 te,
511 998 658 1049 Pollio,
681 1007 804 1049 amat,
828 1000 978 1050 veniat,
1000 1014 1083 1054 quo
1106 1007 1146 1040 te
1167 1012 1336 1053 quoque
1358 998 1536 1052 gaudet3

107 1099 189 1124 esset
208 1095 332 1134 obsequi
351 1105 451 1134 genus.
475 1106 504 1125 ν.
529 1095 636 1124 Tibull.
660 1096 688 1130 I,
709 1096 738 1130 4,
763 1097 815 1126 5οε

111 1135 170 1169 lv,
189 1135 218 1169 3,
247 1136 299 1163 12:
325 1134 414 1163 Ovid.
438 1135 505 1163 Art.
528 1134 574 1167 II,
600 1135 667 1163 139.
702 1135 823 1164 Scilicet

109 1173 165 1202 hoc
185 1173 250 1202 vult
270 1177 388 1211 pastor:
419 1173 593 1211 obsequium
614 1184 700 1202 suum
723 1174 821 1203 fructu

107 1222 220 1247 carere,
251 1222 319 1241 cum
344 1222 418 1250 puer
445 1212 590 1241 venationi
613 1212 742 1242 intentus
771 1214 820 1247 sit,

108 1260 166 1279 non
193 1251 285 1280 amori
311 1261 375 1279 suo.
394 1250 431 1278 H
467 1252 578 1280 Amore
593 1251 670 1279 enim
700 1252 729 1280 in
749 1252 826 1281 silva

106 1293 209 1328 aperte
219 1290 278 1318 frui
291 1290 384 1328 cupit.
410 1289 456 1318 W‘.

147 1328 341 1366 Intelligenda
352 1332 397 1357 est
416 1328 531 1367 Phyllis
549 1328 641 1357 fuisse
659 1329 722 1358 sive
740 1339 827 1359 serva

107 1366 171 1396 sive
182 1367 275 1396 amica
285 1367 370 1402 Iolae,
383 1377 469 1405 quem
480 1368 644 1401 Damoetas‚
657 1369 741 1405 quasi
749 1379 825 1407 prae-

110 1409 234 1441 sentem,
258 1410 352 1444 rogat,
373 1410 407 1434 ut
420 1406 548 1444 puellam
561 1406 597 1434 ad
614 1416 729 1435 sacrum
743 1411 822 1435 nata-

108 1443 206 1473 litium
234 1445 333 1473 venire
362 1445 477 1483 jubeat.
506 1444 667 1478 Menalcas,
699 1450 733 1474 ut
758 1448 823 1484 ejus

108 1482 197 1512 dictis
210 1484 367 1517 obtrectet,
389 1493 421 1512 se
434 1483 524 1512 etiam
538 1483 628 1512 amari
640 1484 677 1512 ab
692 1494 727 1513 ea
739 1484 822 1519 dicit,

109 1521 179 1559 quia
201 1532 233 1550 se
256 1522 424 1551 discedente
447 1522 572 1557 sseverit,
601 1532 644 1556 ac,
674 1527 824 1561 tamquam

108 1559 168 1598 ipsi
191 1570 289 1589 comes
315 1561 479 1595 adhaesura,
507 1560 583 1589 101ae
610 1561 733 1589 amatori
758 1562 824 1590 vale

108 1599 236 1628 dixerit:
257 1599 469 1637 Lonymnvale,
488 1599 561 1632 vale,
581 1609 597 1627 ο
603 1600 732 1636 formose
743 1599 824 1627 Iola!

109 1636 178 1666 Hac
206 1638 272 1676 ipsa
295 1638 534 1675 interpretatione
557 1642 657 1665 nostra
683 1638 720 1666 de
748 1638 777 1665 h.
803 1637 823 1665 l.

109 1677 254 1705 sententia
274 1676 346 1704 satis
369 1676 577 1714 apparet.-77
606 1675 700 1711 Quum
711 1676 824 1713 faciam

109 1714 200 1742 vitula
232 1724 288 1752 pro
311 1714 624 1752 s1*uyibzts.—Sacrum
647 1714 823 1743 ambarvale.

110 1752 223 1782 Facere
240 1762 295 1791 pro
317 1753 498 1789 sacrificare;
525 1756 545 1769 ·'‘
558 1753 599 1781 Di
608 1753 753 1790 facientes
771 1753 822 1781 ad-

105 1791 223 1827 juvant.
250 1790 374 1819 Varr0.’⁷
404 1791 454 1820 Sic
471 1794 557 1829 ῥέζειν
577 1801 632 1829 pro
649 1791 823 1820 sacrificare.

107 1828 145 1857 S.
165 1831 204 1859 78
221 1829 274 1858 Me
282 1829 434 1868 ‚discedere
445 1830 538 1866 flevit,
560 1829 579 1858 i.
602 1840 628 1858 e.
646 1829 823 1858 Discessum

109 1877 207 1897 meum
232 1868 314 1897 flevit
322 1879 330 1905 3
351 1868 385 1897 S.
425 1870 465 1897 79
488 1868 620 1906 Longum
639 1868 712 1902 vale,
733 1873 823 1903 μακρὰ

109 1910 199 1942 χαῖρε,
215 1907 320 1936 Claud.
335 1907 414 1945 Rap.
434 1907 522 1936 Pros.
541 1907 592 1936 lib.
615 1908 661 1942 II,
683 1908 753 1937 234.
774 1907 826 1936 Sis

109 1954 225 1982 memor,
246 1956 273 1981 o,
295 1946 463 1984 lonyumque
485 1946 558 1974 vale.
578 1945 622 1975 H.
652 1946 721 1975 Nisi
745 1947 826 1985 quod

109 1982 152 2012 ibi
176 1984 205 2013 in
227 1985 334 2014 bonam
356 1985 421 2013 haeo
442 1984 580 2013 dicuntur
601 1988 726 2023 partem.
766 1985 826 2014 Sed

109 2023 269 2052 secundum
279 2023 429 2062 vulgatam
439 2023 672 2062 explanationem
680 2023 825 2062 Virgilius

109 2061 246 2100 ambigue
257 2062 387 2100 scripsit.
416 2062 493 2091 Vide
508 2072 544 2090 an
554 2062 651 2091 verior
661 2062 715 2091 tibi
726 2062 825 2091 videa-

108 2102 159 2128 tur
166 2100 335 2139 explicatio,
350 2110 389 2129 ex
400 2110 458 2139 qua
469 2105 592 2135 statuas,
605 2100 780 2135 Menalcam,
793 2105 827 2130 ut

110 2138 200 2175 paulo
208 2143 273 2168 ante
282 2140 461 2174 Damoetam,
473 2139 569 2168 Iolam
577 2139 730 2177 alloqui‚et
736 2140 828 2168 verba

110 2176 277 2214 Phyllidis:
297 2177 411 2216 lonyum
429 2178 492 2207 vale
508 2177 570 2207 vale
589 2178 626 2206 ad
643 2178 828 2207 discedentem

110 2215 277 2244 Menalcam
286 2217 436 2246 referenda
445 2227 522 2246 esse.
550 2217 637 2246 Adde
649 2217 728 2255 quod
739 2217 827 2246 form-

111 2252 161 2282 ula
175 2253 290 2283 dicendi
302 2255 416 2294 lonyum
429 2255 492 2284 vale
503 2255 597 2284 animo
607 2256 715 2284 amoris
729 2255 827 2294 pleno,

109 2301 167 2321 non
182 2302 253 2321 vero
268 2292 400 2323 irridenti
415 2294 561 2324 convenit.
589 2294 671 2324 Nota
688 2304 703 2323 e
721 2295 750 2323 in
766 2294 829 2323 vale

111 2334 179 2360 ante
192 2330 220 2359 in
242 2330 286 2359 uit
299 2336 477 2371 correptum,
491 2337 525 2363 ut
538 2333 596 2368 VI,
610 2334 660 2363 44.
672 2343 690 2362 a
704 2333 734 2363 in
745 2333 829 2372 Hyla

109 2369 215 2399 eodem
241 2379 305 2399 oco.
327 2370 376 2400 W.

151 2408 191 2437 80
203 2408 376 2438 Secundum
383 2409 564 2440 Theocritea
575 2410 627 2440 illa
634 2410 827 2449 Idyll.VIII,

112 2446 152 2476 5⁷
160 2456 227 2485 sqq.
238 2447 284 2476 H.
298 2446 413 2476 Sibilos
421 2448 525 2485 plures
534 2449 649 2488 pariter
656 2449 826 2478 cumulatos

113 2485 267 2524 vid-apud
278 2485 630 2526 Tibull.1‚3.54.ibique
645 2488 739 2517 Obss.
758 2488 806 2518 W.

151 2524 191 2553 82
217 2524 358 2563 Depulsis
383 2524 503 2554 arbutus
525 2527 614 2555 haedis
643 2527 674 2555 h.
701 2537 719 2556 a
748 2526 826 2555 lacte

113 2563 248 2593 remotis.
298 2562 433 2592 Arbutus
454 2563 599 2602 (Anglice
624 2566 825 2604 Strawberry—

114 2601 194 2639 tree)
208 2601 237 2630 in
253 2602 343 2631 Italia
357 2602 442 2631 valde
461 2602 599 2640 frequens
620 2608 650 2633 et
672 2604 762 2633 obvia
780 2613 827 2633 ar-

115 2639 182 2673 bor,
197 2640 328 2669 fructum
341 2641 451 2670 habens
464 2640 555 2680 fragis
570 2641 706 2672 similem.
738 2642 827 2671 Italis

115 2676 287 2721 dicisolent
305 2679 417 2710 sorbole
434 2679 542 2720 pelose,
558 2684 589 2710 et
610 2680 716 2711 Romae
730 2691 828 2712 cerasa

118 2724 236 2747 marme-

898 1096 946 1124 St.
972 1096 1008 1124 85
1040 1095 1136 1124 Pollio
1161 1095 1253 1132 gratia
1279 1095 1358 1132 apud
1385 1094 1569 1130 Augustum,

860 1134 991 1163 amicitia
999 1135 1043 1163 M.
1052 1132 1183 1167 Antonii,
1195 1134 1320 1170 ingenio,
1330 1133 1495 1169 tragoediis,
1508 1140 1569 1162 stu-

860 1173 979 1211 diisque
997 1174 1059 1202 suis
1073 1174 1101 1201 in
1115 1173 1272 1211 Virgilium
1288 1172 1506 1209 Horatiumque
1520 1183 1571 1201 no—

861 1212 1007 1240 tissimus.
1028 1213 1067 1241 cs.
1085 1212 1193 1241 Horat.
1214 1212 1272 1239 ΟΛ.
1288 1212 1334 1245 11,
1358 1213 1385 1239 1.
1426 1211 1463 1239 Ei
1483 1211 1569 1246 alter,

864 1255 1013 1289 tamquam
1034 1251 1123 1279 indici
1138 1250 1300 1279 carminum
1321 1259 1443 1277 suorum
1465 1250 1572 1278 intelli-

866 1291 945 1328 genti
961 1294 991 1318 et
1009 1290 1146 1328 eleganti,
1161 1289 1294 1323 vitulam,
1317 1288 1401 1322 alter,
1422 1292 1572 1325 tamquam

864 1330 963 1366 poctae
977 1329 1078 1363 nobili,
1089 1331 1250 1366 juvencum
1259 1328 1401 1356 decernit.
1420 1327 1488 1355 Non
1501 1338 1571 1355 vero

864 1368 895 1395 in
919 1368 1061 1396 alterutro
1082 1367 1185 1395 horum
1199 1376 1353 1395 munerum
1364 1366 1570 1403 argutandum,

865 1406 918 1434 sed
932 1416 979 1434 res
993 1406 1168 1444 simpliciter
1182 1406 1217 1433 ad
1231 1404 1368 1433 anurbaei
1378 1404 1514 1433 carminis
1523 1414 1571 1432 na-

862 1448 959 1473 turam
973 1444 1118 1483 exigenda
1130 1448 1186 1477 est,
1201 1454 1278 1477 cum,
1293 1444 1373 1481 quod
1386 1443 1467 1481 prior
1482 1453 1570 1480 posu-

862 1483 945 1518 isset,
974 1483 1060 1512 alteri
1085 1483 1320 1521 :nnplilicandum
1348 1485 1378 1510 et
1406 1482 1570 1519 augendum

862 1526 952 1551 esset.
993 1522 1068 1550 Cum
1084 1522 1183 1559 itaque
1202 1521 1251 1549 ille
1263 1520 1394 1558 judicem
1411 1519 1571 1547 carminum

862 1564 893 1588 et
906 1560 1029 1588 vitulam
1044 1560 1204 1596 posuisset,
1223 1559 1269 1585 hie
1285 1559 1402 1595 poetam
1417 1562 1447 1586 et
1465 1558 1570 1594 juven-

862 1607 930 1625 cum
945 1602 1154 1625 commemorat
1165 1596 1347 1634 simpliciter,
1364 1600 1397 1624 ut
1413 1596 1467 1624 hoc
1480 1600 1510 1624 et
1521 1598 1571 1634 ju—

862 1636 932 1664 dicii
952 1640 982 1664 et
1004 1636 1110 1675 ingenii
1132 1635 1288 1673 praemium
1307 1644 1373 1663 esse
1394 1634 1510 1663 debeat.
1526 1635 1572 1663 H.

862 1675 910 1702 Ad
926 1684 1041 1703 sacrum
1061 1684 1115 1712 pro
1129 1674 1224 1702 salute
1237 1673 1390 1705 Pollionis,
1407 1673 1455 1701 cui
1475 1673 1572 1711 Virgi-

862 1712 920 1740 lius
941 1717 1042 1750 aperte
1062 1723 1093 1741 se
1107 1712 1309 1740 commendare
1323 1711 1427 1745 voluit,
1446 1712 1510 1740 haec
1526 1722 1572 1741 re-

862 1750 919 1779 fert
936 1750 1079 1779 Vossius:
1103 1751 1139 1778 ad
1156 1760 1239 1779 sacra
1254 1750 1282 1777 in
1296 1750 1444 1787 triumpho
1460 1750 1572 1779 Pollio-

862 1789 908 1817 nis
929 1789 966 1818 de
989 1789 1138 1818 Parthinis
1166 1794 1209 1827 (a.
1231 1789 1288 1817 715
1304 1788 1420 1825 habito)
1442 1788 1573 1818 facienda

862 1827 938 1856 male
962 1828 1088 1857 Ruacus.
1126 1827 1259 1856 Lectoris
1269 1826 1575 1856 commemorationem

864 1866 1011 1905 Heynius,
1027 1867 1208 1905 pastoribus,
1224 1865 1351 1894 earmina
1362 1865 1533 1894 canentibus
1544 1870 1576 1894 et

863 1905 1062 1939 audientibus,
1085 1915 1140 1934 non
1159 1914 1228 1935 vero
1241 1904 1436 1933 scribentibus
1459 1909 1508 1933 aut
1534 1905 1576 1934 le-

864 1945 1013 1983 gentibus,
1030 1945 1094 1973 haec
1105 1944 1180 1973 male
1192 1943 1346 1973 convenire
1355 1953 1485 1976 monens,
1494 1948 1577 1972 recte

864 1982 1054 2021 vituperavit.
1104 1982 1244 2012 Ceterum
1273 1982 1373 2010 lectori
1398 1986 1492 2010 vestro
1519 1992 1575 2020 pro

863 2021 968 2050 lectori
985 2022 1156 2056 carminum,
1176 2031 1309 2060 operum,
1326 2030 1393 2059 quae
1410 2020 1510 2049 Musis
1524 2022 1575 2050 de-

863 2061 980 2089 bentur.
998 2060 1047 2090 W.
1268 2079 1274 2082 ›

903 2100 942 2128 86
963 2099 1050 2127 Nova
1068 2099 1197 2127 carmina
1216 2098 1246 2127 h.
1258 2108 1284 2126 e.
1326 2096 1458 2130 raeclara,
1478 2097 1576 2134 qualia

865 2147 1025 2176 numquam
1037 2142 1120 2166 antea
1132 2137 1218 2171 facta,
1237 2140 1269 2165 ut
1320 2139 1393 2164 orat.
1406 2135 1466 2164 Od.
1481 2135 1508 2169 I,
1523 2137 1575 2165 26.

867 2178 915 2205 10.
939 2177 1015 2213 fides
1041 2186 1130 2205 novas
1157 2175 1322 2205 dixit—87
1354 2174 1441 2203 Idem
1468 2184 1575 2204 versus

867 2215 938 2244 AEn·
952 2215 1015 2250 IX,
1030 2216 1079 2244 29.
1096 2214 1215 2253 legitur.
1227 2213 1272 2242 Η.
1311 2212 1390 2242 Mihi
1408 2222 1482 2240 nova
1496 2223 1521 2242 c.
1541 2223 1577 2242 ea

867 2263 933 2283 esse
948 2254 1094 2288 videntur,
1108 2253 1216 2292 quibus
1234 2262 1282 2282 res
1300 2261 1385 2280 novae
1401 2255 1577 2281 tractantur.

868 2293 1008 2322 Ceterum
1021 2293 1113 2321 verba
1122 2292 1233 2330 pascite
1247 2296 1362 2320 taurum
1376 2290 1428 2324 ita,
1440 2294 1474 2319 ut
1484 2290 1574 2327 paulo

867 2335 933 2360 ante
946 2331 1063 2360 vitulam
1070 2331 1191 2370 pascite,
1202 2329 1345 2368 explicari
1354 2328 1454 2357 velim.
1472 2328 1520 2358 W.

904 2371 944 2399 88
968 2370 1085 2405 Veniat,
1105 2380 1161 2414 quo
1181 2374 1209 2398 te
1227 2378 1338 2407 quoque
1347 2366 1465 2405 qaudet.
1485 2366 1576 2403 Quod

865 2408 994 2446 primum
1004 2412 1142 2443 occurrit,
1151 2412 1207 2442 est,
1215 2411 1248 2436 ut
1254 2406 1393 2450 suppleas
1399 2405 1578 2443 pervenisse,

865 2451 957 2486 utque
972 2448 1009 2477 ad
1028 2447 1199 2477 felicitatem
1219 2455 1335 2474 omnmo
1346 2444 1467 2479 referas,
1484 2454 1573 2482 quam

865 2490 1041 2524 apprecetur
1063 2485 1100 2519 ei,
1125 2485 1177 2523 qui
1199 2483 1327 2513 Pollioni
1348 2482 1455 2511 faveat.
1495 2482 1573 2511 Cum

865 2534 925 2562 quo
934 2524 1070 2554 convenit
1078 2534 1106 2553 v.
1116 2524 1166 2558 89,
1179 2522 1208 2551 in
1241 2532 1279 2551 uo
1291 2521 1415 2551 felicitas
1424 2520 1571 2564 auretsae-

865 2562 924 2591 culi
939 2563 1127 2600 exprimitur.
1143 2572 1172 2591 v.
1186 2561 1230 2590 Ec
1244 2582 1251 2590 .
1263 2560 1320 2595 IV,
1336 2561 1387 2595 25,
1401 2561 1449 2589 30.
1482 2559 1514 2587 Si
1528 2562 1573 2586 ta-

865 2611 932 2630 men
952 2601 1096 2630 Menalcae
1120 2601 1212 2630 verba
1237 2608 1402 2638 compares,
1425 2601 1465 2630 et,
1485 2606 1574 2635 quem

866 2640 1015 2679 expressit
1029 2640 1126 2674 Maro,
1138 2638 1237 2669 locum
1250 2638 1374 2668 Theocr.
1388 2636 1416 2670 I,
1436 2636 1484 2664 20.
1519 2637 1574 2663 Καὶ

867 2686 915 2709 τᾶς·
929 2683 1080 2716 βωκολικᾶς
1093 2680 1138 2707 ἐπὶ
1153 2682 1185 2707 τὸ
1198 2680 1284 2707 πλέον
1297 2679 1357 2706 ἰ’κεο
1371 2678 1469 2704 Μώσαις·
1484 2682 1574 2711 appa-

869 2727 933 2748 rere
956 2717 1093 2753 arbitror,
1116 2716 1183 2754 hoc,
1207 2727 1264 2756 quo
1285 2720 1312 2745 le
1335 2722 1446 2754 quoque
1470 2711 1575 2752 yauclet
