1796 3077
602 261 868 300 AENEIDOS.
922 261 1024 302 LIB.
1052 259 1085 302 1.

1470 268 1563 312 217

119 376 221 420 Non
240 377 297 420 illi
315 379 534 434 imperium
552 378 691 435 pelagi
711 395 950 436 saevumque
969 382 1214 430 tridentem„

118 434 205 476 Sed
223 435 324 476 mihi
345 444 456 477 sorte
477 436 633 477 datum.
694 437 833 478 Tenet
853 438 920 479 ille
938 439 1132 479 immania
1153 453 1267 487 saxa,

118 491 306 542 Vestras,
328 492 458 542 Eure,
481 492 650 542 domos3
675 493 744 534 illa
763 509 806 534 se
821 495 954 548 jactet
973 495 1015 534 in
1035 493 1130 535 aula

1478 495 1556 534 140

117 547 283 598 AEolus,
304 557 346 589 et
366 549 508 590 clauso
528 556 746 590 ventorum
765 564 931 591 carcere
950 558 1112 605 regnet.

116 604 186 645 Sic
207 605 278 653 ait,
305 612 347 645 et
366 606 478 647 dicto
499 606 618 645 citius
637 606 797 646 tumida
816 621 985 660 aequora
1005 606 1156 660 placat,

117 660 407 715 Collectasque
429 662 548 716 fugat
567 663 712 710 nubes,
735 662 947 716 solemque
968 663 1146 704 reducit.

116 716 363 771 Cymothoe,
391 718 510 758 simul
530 726 573 758 et
594 718 746 758 Triton
766 719 957 768 adnixus,
980 727 1105 759 acuto

117 772 365 814 Detrudunt
385 789 510 814 naves
530 774 702 827 scopulo
720 792 729 823 ;
759 774 868 814 levat
887 776 976 828 ipse
998 776 1180 824 tridenti,

1476 774 1554 815 145

116 828 177 869 Et
196 838 331 870 vastas
353 831 487 883 aperit
506 837 651 882 syrteS,
677 838 718 870 et
738 838 942 883 temperat
962 846 1131 884 aequor-3

114 884 258 939 Atque
279 886 379 926 rotis
400 900 578 925 summas
599 885 758 926 levibus
777 885 1009 939 perlabitur
1029 887 1176 926 undas.

113 941 180 983 Ac
200 941 326 982 veluti
345 957 497 995 magno
517 943 559 982 in
578 941 737 995 populo
757 956 886 994 quum
908 956 1018 995 saepe
1039 950 1183 982 coorta
1203 950 1265 982 est

115 998 289 1048 Seditio,
311 999 511 1051 saevitque
533 998 676 1038 animis
696 997 880 1051 ignobile
900 997 1072 1052 vulgus3

113 1054 293 1108 Jamque
314 1054 425 1095 faces
446 1062 488 1095 et
509 1069 610 1094 saxa
630 1053 792 1102 volant3
818 1054 934 1094 furor
955 1069 1069 1094 arma
1088 1055 1315 1095 ministrat:

112 1110 237 1160 Tum,
259 1111 414 1165 pietate
433 1125 602 1164 gravem
623 1125 670 1151 ae
690 1110 845 1150 meritis
867 1111 900 1150 si
920 1110 1026 1151 forte
1053 1112 1185 1150 virum
1205 1125 1329 1164 quem

113 1167 395 1221 Conspexere,
418 1167 550 1214 silent,
573 1167 826 1219 arrectisque
848 1167 1018 1206 auribus
1039 1167 1231 1216 adstant3

110 1223 196 1264 Iste
214 1224 322 1277 regit
342 1223 461 1263 dietis
482 1223 651 1271 animos,
674 1229 716 1262 et
735 1229 908 1275 pectora
927 1222 1082 1263 mulcet
1098 1239 1106 1262 :

108 1280 179 1321 Sic
199 1287 373 1320 cunctus
393 1278 533 1333 pelagi
551 1279 702 1319 cecidit
720 1278 874 1332 fragor,
897 1294 1068 1332 aequora
1087 1286 1310 1332 postquam

109 1335 377 1390 Prospiciens
397 1337 573 1390 genitor,
596 1334 786 1388 coeloque
807 1336 993 1375 invectus
1015 1343 1174 1389 aperto,
1472 1336 1488 1375 l

1498 1335 1522 1376 οι

1525 1335 1551 1376 ϋῐ

107 1391 261 1434 Flectit
280 1407 423 1446 equos,
446 1406 655 1446 curruque
676 1390 817 1433 volans
839 1392 911 1432 dat
930 1392 1020 1432 lora
1039 1393 1238 1433 secundo.

105 1503 154 1530 tra
179 1504 301 1539 vestra3
328 1501 359 1530 h.
375 1513 401 1531 e.
428 1511 519 1541 ocyus
545 1501 812 1530 discedite—138

106 1539 466 1578 imper-iutiz—tridentem.·
488 1540 644 1577 praeclare,
667 1545 699 1569 ut
719 1550 749 1568 v.
762 1542 810 1569 78.

106 1579 304 1616 quodcunque
329 1579 384 1608 hoc
410 1579 662 1617 reguli—sceptra.
703 1578 744 1606 Et
768 1578 810 1606 sio

108 1626 191 1654 saepe
206 1618 314 1654 poe‘tae.
354 1618 434 1646 Hinc
449 1622 477 1645 et
494 1627 585 1645 δια-ἰω
599 1616 717 1649 tridens,
741 1617 810 1654 quia

108 1655 207 1693 poetis
223 1665 326 1683 soevnm
340 1655 497 1694 imperium,
520 1666 549 1684 v.
568 1655 604 1682 ad
619 1665 648 1682 v.
662 1655 810 1684 99.—139

107 1697 195 1727 sorte,
210 1694 365 1722 sortitione
378 1695 455 1722 inter
468 1694 586 1722 fratres.
599 1693 637 1721 cf.
650 1693 688 1721 Il.
701 1706 725 1727 o,
742 1694 808 1722 187.

108 1741 175 1769 sqq.
188 1731 324 1761 immania
337 1742 419 1765 scm-12,
439 1735 557 1760 vastum
576 1735 691 1759 antrum
710 1742 738 1759 v.
759 1733 807 1760 52.

108 1771 204 1798 —140
223 1769 354 1803 Vestras,
376 1770 468 1804 Eure,
490 1770 597 1798 domos.
637 1770 719 1798 Nota
732 1770 808 1806 figu-

106 1817 152 1841 ra,
177 1808 300 1837 adscitis
322 1809 351 1836 in
368 1809 500 1847 regimen
520 1808 610 1836 sociis
633 1808 717 1836 Euri.
757 1808 808 1836 Ita

108 1844 173 1881 XI,
192 1847 260 1875 686.
273 1848 341 1875 687.
362 1846 405 1875 Η.
427 1848 462 1875 In
478 1847 530 1875 hae
546 1846 741 1884 conjungendi
760 1856 806 1874 ra-

104 1884 184 1914 tione
204 1885 326 1922 praeivit
347 1885 499 1913 Homerus
518 1885 630 1922 Odyss.
643 1898 674 1918 μ,
698 1885 745 1912 51.
759 1884 807 1912 82.

104 1931 174 1951 cum
190 1933 248 1961 quo
262 1923 395 1952 conferas
412 1923 567 1952 Maronem
578 1922 647 1951 infr.
660 1922 724 1956 IX,
739 1924 808 1951 525.

104 1965 135 1990 et
157 1961 330 1990 Ciceronem
355 1962 392 1990 de
415 1961 526 1990 Natur.
547 1962 587 1990 D.
608 1962 635 1994 I,
651 1962 698 1989 19.
721 1961 746 1999 ς.
760 1963 808 1990 51.

107 1998 156 2028 W.
176 1999 302 2028 Homer.
326 1999 364 2028 Il.
379 2014 407 2033 a,
429 2001 497 2029 179.
536 2001 579 2028 At
594 1999 724 2028 ornatius
738 2010 807 2028 nos-

103 2040 152 2066 ter
165 2038 295 2067 extulit:
317 2038 455 2076 sejactet,
468 2042 498 2067 et
511 2038 590 2073 aula,
608 2038 702 2077 regia.
716 2038 756 2066 cf.
770 2038 808 2066 ad

103 2077 250 2105 56.--142
262 2077 374 2105 Sedata
388 2081 561 2115 tempestas.
601 2077 698 2105 Aliter
711 2076 809 2105 simile

104 2119 311 2152 argumentum
323 2119 482 2144 tractatum
497 2115 583 2144 vides
599 2116 636 2144 ab
649 2115 772 2148 Ovidio,
781 2115 810 2143 Ι.

103 2152 183 2181 Met.
197 2154 266 2182 330.
280 2163 346 2192 sqq.
367 2154 442 2182 dicto
454 2153 549 2190 citius,
569 2158 726 2192 antequam
742 2163 808 2182 ora-

103 2191 215 2220 tionem
231 2191 356 2226 finisset,
378 2194 438 2230 qua
460 2202 491 2221 se
513 2196 609 2221 motos
627 2201 807 2230 componere

103 2229 185 2258 velle
204 2229 311 2258 fluctus
326 2230 456 2259 dixerat.
501 2231 598 2267 Quale
620 2231 696 2259 illud
715 2231 808 2268 vulgo

103 2272 227 2297 notum:
247 2267 354 2296 dictum
362 2269 483 2305 factum,
505 2272 552 2303 ἅμ’
571 2272 635 2298 ἔπος
654 2272 703 2304 ἅμ’
716 2272 805 2303 ἔργον.

103 2307 201 2335 -144
223 2305 377 2344 Splendidi
393 2306 423 2334 hi
443 2311 569 2344 quatuor
587 2317 694 2336 versus
712 2308 806 2336 144—

104 2347 162 2374 147
175 2355 183 2381 ;
205 2348 379 2383 quantarum
401 2345 518 2374 seilicet
530 2355 632 2374 rerum
646 2346 806 2375 adumbra-

102 2383 163 2413 tio!
185 2382 305 2412 Habuit
323 2382 450 2411 fortasse
465 2387 532 2412 aute
546 2384 650 2412 oculos
664 2384 805 2422 Apollon.

103 2422 162 2457 IV,
175 2423 243 2451 930.
259 2431 336 2459 sqq.,
352 2421 404 2449 ubi
419 2421 522 2450 Thetis
536 2432 603 2450 eum
617 2422 804 2452 Nereidibus

101 2470 211 2489 navem
224 2461 306 2498 Argo
325 2460 404 2488 inter
429 2460 572 2489 erraticas
585 2470 678 2498 rupes
694 2461 805 2489 salvam

102 2499 257 2528 deducunt
271 2502 302 2527 et
319 2499 406 2527 1609.
421 2507 489 2535 sqq.
508 2497 551 2526 H.
573 2499 686 2527 Similis
704 2509 804 2528 rerum

103 2537 196 2566 facies
224 2540 296 2575 post
323 2539 535 2574 tempestatem
570 2538 714 2571 sedatam,
747 2547 805 2575 qua

103 2576 188 2614 Argo
202 2575 381 2606 conflictata.
397 2579 445 2603 est
459 2574 539 2612 apud
551 2575 619 2603 Val.
635 2575 683 2603 Fl.
695 2576 722 2609 Ι,
737 2578 806 2605 657.

103 2614 171 2642 658.
204 2614 253 2643 W.
280 2612 435 2652 Cymothoe
456 2622 514 2641 una
537 2622 575 2641 ex
599 2613 804 2643 Nereidibus:

103 2651 245 2689 Apollod.
261 2652 290 2686 I,
311 2653 342 2686 2,
356 2653 385 2681 7.
407 2650 574 2680 Detruclunt
595 2661 680 2680 naves
693 2652 807 2690 scopulo

103 2689 184 2717 refer
207 2691 245 2719 ad
265 2700 317 2718 eas
342 2700 374 2718 v.
393 2691 462 2723 108,
483 2699 556 2727 quas
571 2689 669 2718 Notus
687 2690 718 2718 in
737 2700 808 2718 saxa

103 2727 223 2755 latentia
245 2731 371 2767 torquet.
424 2729 520 2757 Porro
548 2728 617 2766 ipse
643 2728 805 2766 Neptunus

102 2765 176 2794 levat
199 2775 309 2803 naves3
343 2767 444 2805 itaque
474 2769 543 2803 post
573 2765 685 2804 scopulo
714 2766 805 2794 nolim

851 1502 938 1539 plene
958 1502 1141 1540 interpungi.
1181 1499 1259 1528 Nam
1273 1498 1363 1527 lez-ari
1381 1502 1474 1537 syrtes
1497 1499 1551 1528 vix

850 1541 925 1568 bene
946 1540 1193 1569 dicuntum—146
1205 1537 1312 1575 Aperit
1324 1542 1427 1574 syrim,
1448 1537 1497 1566 via
1511 1548 1551 1567 ex

850 1580 983 1607 arenosis
1006 1579 1092 1607 vadis
1114 1578 1200 1610 facta,
1224 1580 1255 1604 ut
1275 1585 1367 1604 naves
1383 1575 1466 1604 exire
1480 1586 1552 1614 pos«

850 1622 926 1650 sent,
943 1622 975 1644 ut
991 1627 1072 1654 saepe
1089 1617 1188 1654 poeta*
1203 1614 1240 1643 de
1255 1613 1339 1642 aditu
1352 1614 1449 1650 factm,
1468 1614 1551 1643 refer

849 1655 885 1683 ad
909 1659 971 1683 tres
996 1665 1087 1683 naves
1107 1664 1134 1682 v.
1155 1654 1221 1681 110.
1248 1653 1335 1686 111.;
1358 1657 1388 1680 et
1411 1657 1552 1691 temperat

848 1703 956 1731 aequor,
978 1694 1085 1721 fluctus
1106 1692 1313 1729 planam—Li?
1330 1691 1411 1719 Talis
1429 1691 1549 1729 Neptu-

846 1741 902 1759 nus
918 1731 1072 1769 quadrigis
1088 1734 1192 1759 vectus
1207 1729 1235 1756 in
1252 1728 1342 1757 variis
1361 1729 1485 1766 gemmis
1499 1739 1550 1758 oc-

846 1767 950 1797 currit.
971 1770 1020 1798 Cf.
1034 1769 1102 1798 [En.
1118 1769 1158 1800 V,
1174 1769 1241 1796 2517.
1264 1777 1329 1804 sqq.
1350 1767 1481 1796 Pulchre
1497 1778 1550 1796 au-

846 1811 907 1835 tem
930 1808 1044 1845 singula
1062 1806 1241 1835 celeritatem
1255 1805 1436 1841 exprimunt,
1461 1806 1550 1835 etiam

846 1846 940 1874 verba
961 1845 1018 1873 lubi
1033 1854 1087 1883 per
1110 1844 1208 1872 undas.
1226 1843 1322 1876 VIII,
1344 1845 1392 1872 91.
1424 1843 1549 1873 Labitur

846 1888 932 1912 uncta
945 1884 1024 1912 >usalis
1038 1882 1318 1912 abies.—1413—}53
1332 1882 1368 1910 In
1389 1891 1478 1920 prosa
1491 1894 1498 1910 :
1520 1887 1552 1911 ut

847 1932 921 1960 soepe
936 1923 965 1950 in
980 1931 1081 1960 magyno
1098 1920 1213 1958 populo,
1236 1930 1295 1948 cum
1311 1924 1408 1948 coorta
1422 1925 1465 1948 est
1476 1921 1551 1949 secli-

848 1961 899 1995 tz'o,
931 1960 1025 1989 silent.
1071 1958 1261 1997 Comparatio
1293 1958 1448 1987 seditionis
1481 1969 1550 1988 cum

846 1999 920 2027 mari
933 1999 1004 2028 satis
1018 1999 1159 2035 frequens
1177 2002 1234 2030 est,
1252 2000 1283 2025 et
1302 1997 1338 2024 ab
1358 1997 1494 2026 Homero
1507 1997 1550 2026 Il.

847 2042 879 2073 β,
894 2038 1049 2066 144—146
1063 2038 1154 2065 dueta
1165 2046 1172 2071 3
1184 2040 1214 2063 at
1229 2035 1257 2063 h.
1267 2035 1287 2062 l.
1302 2035 1447 2063 tumultus
1458 2036 1549 2065 maris

848 2086 913 2104 cum
924 2076 1067 2104 seditione
1079 2075 1110 2102 fit
1120 2073 1315 2111 comparatio·
1337 2073 1431 2110 Cujus
1442 2083 1548 2102 novam

850 2124 883 2142 ac
905 2114 1048 2151 praeclare
1074 2116 1207 2140 ornatam
1233 2111 1438 2139 tractationem
1462 2111 1551 2140 facile

846 2152 999 2190 intelligis,
1013 2152 1041 2180 in
1056 2150 1162 2188 primis
1177 2150 1205 2178 in
1219 2159 1284 2177 voe.
1297 2154 1551 2186 mamm—coorta

847 2196 889 2219 est
899 2190 1035 2228 scer-itque
1050 2188 1155 2217 animis
1166 2187 1242 2226 (irai
1258 2187 1377 2224 iynobile
1385 2186 1485 2225 vulgus
1499 2189 1550 2226 (ut

848 2230 917 2263 vile,
937 2229 1029 2267 epith.
1048 2226 1181 2261 ornans).
1226 2225 1318 2253 Nuda
1339 2225 1432 2254 oratio
1450 2230 1548 2255 esset:

844 2268 925 2296 ardet
942 2267 987 2295 ira
1009 2265 1119 2304 milyas,
1132 2264 1221 2301 furit.
1242 2263 1285 2292 H.
1307 2263 1409 2291 animis
1429 2274 1484 2301 pro
1505 2264 1551 2294 ira

846 2306 969 2339 dictum,
985 2308 1014 2333 et
1027 2304 1127 2333 saevz're
1143 2303 1237 2331 animo
1252 2311 1306 2339 pro
1319 2301 1421 2330 scer-ire
1434 2302 1480 2330 ira
1494 2312 1549 2331 ex-

845 2344 1011 2382 plicandum
1041 2351 1120 2374 esse,
1147 2341 1276 2369 nondum
1305 2339 1376 2368 mihi
1402 2341 1550 2378 persuasi.

844 2382 944 2411 soerire
958 2381 1061 2410 (azimis
1073 2389 1192 2408 mecum
1212 2378 1281 2407 vide
1295 2388 1331 2406 an
1352 2379 1493 2417 accipias,
1515 2384 1551 2408 ut

845 2425 959 2458 stupere
971 2419 1075 2452 animo,
1094 2417 1216 2455 pendere
1229 2416 1334 2451 animo,
1355 2417 1490 2454 aliasque
1508 2417 1550 2446 si-

845 2459 930 2488 miles
945 2456 1191 2496 compositiones.
1216 2455 1287 2483 Tac.
1298 2455 1376 2483 Anu.
1390 2455 1486 2490 XVI,
1499 2456 1551 2486 29.

844 2507 919 2531 voce,
950 2497 1039 2528 vultu,
1070 2494 1159 2522 oculis
1185 2493 1343 2522 ardescere.
1380 2493 1427 2522 W.
1440 2511 1478 2516 -—
1491 2495 1547 2523 151

847 2536 983 2568 Gravem,
1004 2532 1220 2565 venerabilem,
1236 2531 1342 2570 pietate
1370 2541 1404 2560 ac
1426 2532 1548 2566 meritis,

844 2574 989 2612 religione
1016 2581 1088 2610 erga
1113 2571 1187 2599 deos
1209 2574 1239 2599 et
1261 2569 1431 2604 sanctitate,
1456 2571 1547 2599 bene-

846 2613 980 2650 ficiisque
1009 2610 1039 2639 in
1072 2609 1200 2647 patriam
1235 2618 1269 2637 ac
1303 2607 1384 2636 cives
1417 2608 1547 2637 collatis.

847 2652 1015 2688 Utrumque
1036 2647 1207 2676 hominibus
1220 2646 1429 2675 auctoritatem
1446 2645 1545 2674 conci·-

845 2689 1015 2718 lias—355.
1029 2687 1086 2715 156
1103 2685 1180 2714 Coelo
1193 2689 1302 2723 aperto,
1323 2694 1438 2717 sereno,
1465 2684 1546 2721 quod

844 2732 931 2756 antea
943 2725 1070 2755 nubibus
1086 2729 1149 2753 erat
1162 2724 1337 2754 obductum.
1353 2723 1477 2750 invectus
1485 2731 1546 2787 lper

844 2775 936 2794 mare.
978 2763 1080 2803 Equos
1106 2762 1241 2800 Neptuni
1266 2771 1296 2790 V.
1319 2761 1445 2808 Homer.
1466 2759 1481 2788 Ι
1498 2780 1504 2786 .
1519 2773 1543 2793 ν,

1264 2801 1324 2840 rt
