1796 3077
614 258 884 296 AENEIDOS.

941 258 1042 297 Lm.
1075 258 1192 296 vm.
1503 267 1598 313 509

144 382 328 424 Cernere
348 389 464 433 erat3
496 390 715 438 totumque
736 383 941 426 instructo
957 383 1101 425 Marte
1122 384 1287 426 videres

142 439 325 481 Fervere
348 440 578 491 Leucaten,
601 456 788 495 auroque
809 441 1012 495 effulgere
1033 441 1202 482 fluctus.

142 495 257 538 Hinc
278 496 499 552 Augustus
521 514 650 553 agens
671 498 799 539 Italos
820 499 862 538 in
881 498 1031 552 proelia
1053 498 1198 539 Caesar

143 553 251 594 Cum
272 554 484 605 Patribus,
507 554 772 610 Populoque,
795 555 1027 596 Penatibus
1048 562 1091 597 et
1110 555 1272 610 magnis
1293 555 1386 607 diis,

140 609 267 652 Stans
289 612 399 653 celsa
418 613 460 653 in
479 628 614 668 puppl
635 629 645 654 :
677 613 864 668 geminas
884 613 952 654 cui
973 619 1165 666 tempora
1185 613 1372 655 flammas

1512 614 1598 656 680

142 666 266 709 Laeta
284 677 468 719 vomunt,
489 671 757 724 patriumque
781 670 971 724 aperitur
990 670 1145 711 vertice
1166 670 1296 712 sidus.

140 723 270 767 Parte
291 726 371 767 alia
391 728 525 768 ventis
545 735 587 769 et
607 728 686 768 diis
707 726 905 781 Agrippa
926 727 1121 768 secundis

138 780 316 824 Arduus
337 799 488 838 agmen
509 799 638 837 agens
656 800 665 824 ε
698 785 779 833 cui,
801 784 899 824 belli
918 784 1082 838 insigne
1104 784 1350 838 superbum,

140 837 356 894 Tempora
374 840 509 881 navali
529 840 693 895 fulgent
713 847 895 881 rostrata
915 855 1085 881 corona.

137 893 251 937 Hinc
280 912 359 951 ope
380 897 601 938 barbarica
621 898 830 951 variisque
851 896 1064 938 Antonius
1086 897 1225 945 armis,

1509 897 1596 940 685

134 951 285 994 Victor
303 955 356 994 ab
380 953 562 995 Aurorae
582 954 752 1009 populis
774 961 816 995 et
835 953 959 995 litore
980 955 1124 1003 rubro,

135 1007 390 1064 AEgyptum‚
411 1012 604 1065 viresque
628 1012 828 1060 Orientis,
846 1018 889 1052 et
907 1011 1054 1052 ultima
1074 1025 1217 1052 secum

137 1065 295 1107 Bactra
314 1067 454 1117 vehit;
488 1069 778 1122 sequiturque,
801 1068 943 1109 nefas!
975 1067 1186 1122 AEgyptia
1206 1067 1379 1122 conjux.

137 1121 236 1163 Una
257 1139 399 1165 omnes
420 1139 559 1174 ruere,
582 1140 630 1166 ac
652 1132 788 1165 totum
808 1140 1018 1179 spumare,
1041 1125 1227 1166 reductis

136 1178 394 1221 Convulsum
414 1182 538 1222 remis
559 1182 792 1236 rostrisque
814 1182 1084 1231 tridentibus,
1107 1195 1268 1235 aequor.

135 1299 312 1337 putandum.
372 1300 404 1329 Si
433 1304 544 1335 tamen,
570 1305 682 1340 practer
702 1310 844 1340 pugnam,

134 1338 223 1366 etiam
239 1339 340 1377 fugam
356 1344 386 1368 et
406 1340 590 1378 triumphum
611 1341 771 1378 complexa
786 1344 845 1374 est,

132 1376 164 1405 in
188 1377 292 1415 plures
313 1382 414 1415 partes
444 1389 477 1408 ac
506 1379 646 1416 regiones
668 1389 703 1407 ea
725 1388 846 1416 quoque

134 1425 204 1444 area
229 1416 371 1445 distincta
397 1427 464 1446 esse
486 1418 601 1445 debuit.
642 1417 733 1445 Actia
756 1417 847 1450 bella,

134 1463 266 1492 pugnam
294 1455 459 1484 Actiacam.
494 1456 634 1485 instructo
662 1456 774 1489 Marte,
815 1455 845 1483 h.

133 1492 231 1522 classe
245 1493 403 1527 instructa,
424 1494 535 1523 videres
541 1496 658 1533 fervere
669 1498 759 1522 totum
769 1493 845 1522 Leu-

133 1536 247 1560 catem:
280 1533 403 1570 proprie
430 1533 537 1562 classis
564 1534 712 1566 fervebat,
740 1542 845 1571 magno

134 1571 227 1599 studii
245 1575 321 1600 aestu
334 1582 366 1601 se
377 1573 528 1606 movebat,
551 1573 586 1601 ad
602 1573 767 1601 Leucaten:
802 1572 846 1599 lo-

135 1619 204 1638 cum
219 1620 257 1639 ex
274 1611 386 1640 vicinia
400 1611 513 1649 posuit,
535 1616 569 1640 ut
591 1615 673 1640 tanto
694 1612 788 1648 major
803 1610 846 1638 rei

135 1653 216 1677 esset
238 1650 367 1687 species.
408 1650 486 1679 Nam
511 1650 617 1679 classis
644 1654 771 1688 utraque
793 1649 846 1677 ob-

132 1697 222 1716 versa
236 1694 300 1718 erat
321 1689 463 1718 claustris
477 1693 507 1718 et
523 1690 660 1718 faucibus
676 1689 756 1717 sinus
778 1687 846 1715 Am-

134 1726 247 1764 bracii3
279 1733 443 1767 pugnatum
469 1728 546 1756 enim
573 1732 621 1757 est
644 1729 673 1756 in
695 1725 845 1756 exteriore

133 1765 200 1793 sinu
226 1777 332 1795 versus
360 1777 439 1796 mare
464 1771 595 1805 patente.
636 1767 673 1795 In
697 1777 763 1804 sqq.
786 1775 844 1792 non

132 1805 348 1843 ubiqueipsam
363 1816 461 1834 rerum
477 1810 629 1843 gestarum
642 1805 741 1839 fidem,
764 1804 845 1844 quod

132 1842 221 1872 nimis
250 1845 422 1883 religiosum
450 1845 566 1878 fuisset,
592 1854 681 1882 quam
701 1844 774 1872 artis
796 1842 844 1871 vel

131 1883 271 1911 carminis
286 1884 415 1912 rationes
429 1888 459 1913 et
470 1883 711 1922 opportunitates
723 1883 844 1910 videtur

131 1926 291 1959 sequutus.
327 1924 402 1951 Nam
413 1923 504 1952 classi
517 1923 666 1951 universae
678 1922 722 1950 M.
732 1921 843 1959 Agrip-

129 1969 168 1997 pa
182 1960 317 1998 praefuit,
344 1962 529 1991 Octavianus
545 1965 644 1990 autem
658 1960 762 1989 Caesar
777 1969 844 1988 cum

132 2000 177 2028 Μ.
194 2000 317 2029 Valerio
333 2001 467 2030 Messala
488 2000 616 2038 aliisque
637 2009 737 2028 rerum
757 2008 839 2027 sum-

131 2047 199 2073 mae,
216 2040 387 2078 ubicunque
409 2050 457 2069 res
472 2042 644 2078 poscerent,
665 2038 840 2076 prospicere

131 2079 294 2117 satagebat.
346 2079 441 2108 Italos
452 2079 609 2117 praeclare,
626 2081 659 2108 ut
672 2076 842 2106 barbaricas

130 2125 194 2153 opes
217 2118 340 2146 Antonii
360 2129 388 2147 v.
401 2120 470 2147 685.
491 2120 678 2156 opponeret3
701 2123 732 2145 et
745 2115 840 2144 multo

131 2157 288 2193 augustior
310 2167 410 2186 rerum
429 2157 549 2195 species
573 2157 602 2185 in
620 2156 715 2184 altero
730 2165 842 2183 versu:

134 2192 208 2221 Cum
237 2195 389 2230 Patribus,
419 2194 592 2234 populoque,
620 2194 783 2224 Penatibus
814 2197 842 2221 et

133 2233 246 2269 maym's
260 2234 326 2267 diis,
350 2238 382 2263 ut
394 2245 514 2263 causam
529 2234 605 2272 reip.
627 2243 643 2262 a
657 2233 769 2262 Senatu
786 2242 841 2271 po·

132 2271 264 2309 puloque
279 2273 414 2301 Romano
426 2273 616 2302 commissam
633 2273 710 2301 tueri
720 2273 841 2310 Augus-

130 2314 181 2338 tus
203 2311 369 2340 videretur.
418 2312 579 2341 Penatibus
601 2316 629 2340 et
647 2311 758 2350 maynis
777 2310 844 2344 diis,

132 2349 314 2387 explicative
326 2350 451 2379 alterum
467 2352 617 2389 adjectum
633 2360 705 2387 pro:
728 2354 759 2378 et
774 2359 842 2378 cum

131 2388 433 2427 Penatibus-‚magnis
446 2390 524 2419 diis:
546 2389 620 2427 (nisi
634 2389 710 2417 forte
719 2392 842 2426 penates

131 2427 167 2455 ad
185 2427 355 2465 Augustum
371 2432 403 2457 et
417 2438 538 2466 magnos
552 2428 624 2456 deos
649 2428 687 2456 ad
702 2428 843 2465 rempub-

127 2465 216 2495 licam
232 2467 343 2495 reserre
359 2468 454 2496 malis.
472 2467 527 2503 R.)
549 2466 587 2495 cs.
612 2467 649 2495 ad
663 2466 731 2499 III,
752 2468 839 2495 12.—

128 2505 197 2533 680.
233 2506 302 2535 681.
329 2506 460 2543 {jeminus
485 2505 531 2534 cui
556 2510 684 2543 tempora
704 2507 840 2542 flammas

128 2544 214 2572 Loeta
240 2550 369 2574 vomunt.
422 2544 541 2574 Habuit
568 2545 660 2581 poeta
686 2544 715 2572 in
741 2544 840 2572 animo

130 2583 290 2612 Diomedis
304 2584 453 2613 cassidem
467 2584 504 2612 Il.
520 2596 544 2615 ε,
558 2584 577 2611 4
592 2593 637 2621 sq.
651 2593 656 2610 :
685 2586 752 2611 Δαῖέ·
767 2587 791 2610 οἱ
806 2585 836 2611 ὲκ

129 2626 237 2655 κόρυθός·
256 2635 285 2650 τε
302 2627 344 2652 καὶ
357 2627 471 2653 ἀσπίδος
483 2625 623 2654 ἀκάματον
635 2626 684 2655 πῦρ
700 2625 759 2650 etc.
772 2622 839 2650 (cela

129 2661 167 2689 ad
193 2661 385 2699 splendorem
410 2666 547 2701 spectat:
584 2663 618 2688 ut
638 2660 692 2688 lib.
712 2660 739 2694 Ι,
760 2662 836 2688 591:

128 2700 208 2729 lectos
224 2700 313 2730 oculis
331 2703 446 2740 afflarat
465 2702 598 2731 honores.
637 2698 696 2728 Sed
716 2709 771 2728 cur
788 2709 838 2738 ge-

1512 1181 1597 1223 690

884 1300 977 1329 minas
987 1301 1121 1338 flammas
1144 1299 1246 1328 dixit?
1267 1299 1382 1337 accipio
1395 1298 1508 1328 dictum
1523 1301 1597 1338 poe'-

885 1340 948 1368 tica
970 1340 1076 1374 forma,
1100 1349 1167 1368 cum
1194 1339 1319 1368 deberet
1334 1338 1450 1376 yemiua
1472 1342 1599 1377 tempora

885 1388 1062 1407 memorare.
1102 1379 1139 1407 In
1155 1377 1268 1406 vertice
1282 1377 1425 1416 aperitur,
1440 1377 1532 1411 lucet,
1546 1387 1597 1416 ap-

886 1421 983 1454 paret,
1003 1417 1144 1454 (proprie
1158 1416 1196 1444 de
1210 1416 1323 1444 oriente
1347 1419 1378 1444 et
1401 1416 1431 1444 in
1453 1426 1599 1454 conspec-

885 1459 947 1483 tum
963 1456 1100 1483 veniente
1115 1454 1231 1490 sidere)
1248 1454 1336 1482 stella
1349 1453 1442 1487 Julia,
1466 1454 1598 1484 Caesaris

885 1493 977 1532 capiti
999 1493 1123 1531 appingi
1149 1492 1238 1521 solita
1253 1492 1281 1520 in
1304 1493 1477 1521 memoriam
1500 1494 1597 1523 stellae

886 1533 1013 1566 crinitae,
1027 1533 1056 1561 in
1080 1542 1168 1570 quam
1182 1531 1260 1560 inter
1274 1531 1363 1560 ludos
1383 1531 1526 1560 funebres
1544 1532 1597 1561 ha-

886 1571 967 1599 bitos
986 1571 1080 1599 anima
1100 1570 1232 1599 Caesaris
1258 1570 1371 1598 abiisse
1391 1570 1505 1598 credita
1530 1575 1595 1600 est:

886 1620 915 1638 v.
931 1610 968 1638 ad
985 1610 1050 1638 Eoi.
1067 1609 1132 1642 IX,
1144 1610 1193 1638 47.
1246 1608 1381 1637 Eandem
1398 1608 1517 1637 stellam
1531 1620 1596 1638 res-

886 1649 974 1686 pexit
988 1648 1128 1686 Propert.
1143 1648 1201 1681 IV,
1215 1648 1245 1675 6.
1258 1648 1308 1681 29,
1329 1648 1377 1676 30.

925 1689 982 1716 632
1005 1687 1099 1716 Parte
1118 1686 1177 1715 alia
1203 1686 1279 1715 aciei
1305 1686 1444 1724 Agrippa
1469 1686 1597 1715 classem

885 1726 946 1764 agit
961 1726 1052 1754 ventis
1075 1725 1216 1754 secundis.
1255 1725 1416 1754 Adversus
1440 1725 1539 1754 fuerat
1559 1726 1597 1754 ad

884 1765 1019 1802 quintum
1044 1774 1138 1803 usque
1165 1764 1243 1792 diem
1269 1768 1390 1793 ventus.
1440 1763 1596 1793 Plutarch.

884 1804 929 1832 M.
948 1804 1055 1832 Anton.
1071 1814 1101 1841 p.
1113 1804 1182 1832 945.
1196 1803 1231 1831 F.
1249 1803 1359 1831 arduus
1371 1806 1422 1831 aut
1431 1802 1498 1840 ipse
1514 1807 1595 1831 stans

885 1843 977 1871 arduo
991 1842 1018 1870 in
1033 1841 1112 1875 loco,
1134 1846 1185 1870 aut
1198 1841 1265 1870 navi
1288 1842 1380 1870 ardua
1400 1842 1596 1879 conspicuus.

882 1882 980 1909 -684
995 1881 1091 1909 navali
1106 1890 1224 1912 corona.
1248 1890 1315 1917 quae
1335 1880 1439 1908 eadem
1455 1884 1595 1914 rostrata,

884 1920 991 1948 rostris
1015 1931 1054 1949 ex
1081 1929 1154 1947 auro
1179 1919 1300 1951 vallata,
1326 1929 1385 1957 qua
1403 1919 1506 1957 paullo
1528 1924 1597 1947 ante

884 1959 1013 1987 donatus
1028 1960 1125 1988 fuerat
1143 1958 1172 1986 in
1192 1957 1273 1986 bello
1287 1956 1402 1991 Siculo,
1425 1957 1506 1986 victo
1522 1958 1595 1986 Sex.

879 1997 1039 2035 Pompeio.
1061 2008 1089 2027 v.
1110 1996 1221 2025 Vellei.
1241 1996 1287 2028 II,
1311 1997 1360 2030 81,
1386 1997 1416 2025 3.
1439 2000 1469 2025 et
1489 2006 1595 2024 numos

880 2036 1039 2074 Agrippae.
1087 2036 1216 2064 Doctius
1238 2040 1339 2064 autem
1362 2034 1443 2063 dixit
1466 2039 1595 2074 tempora

880 2079 1020 2104 rostrata.

919 2114 976 2142 685
999 2124 1049 2153 ope
1062 2112 1225 2142 barbarica.
1261 2112 1311 2140 Ex
1325 2112 1452 2140 adverso
1467 2122 1593 2150 expres-

882 2163 933 2182 sus
946 2153 973 2181 in
987 2163 1046 2181 aere
1054 2151 1201 2180 Antonius
1214 2161 1283 2179 cum
1297 2150 1394 2188 copiis
1407 2161 1446 2179 ex
1457 2151 1594 2179 barbaris

881 2191 1004 2230 populis
1034 2190 1165 2219 diversis
1188 2190 1282 2227 (unde
1301 2188 1385 2217 varia
1402 2190 1504 2225 arma)
1523 2199 1594 2218 con-

882 2230 1016 2268 scriptiS,
1041 2234 1153 2268 practer
1184 2228 1331 2267 legiones,
1364 2237 1439 2265 quas
1463 2227 1596 2257 habebat

882 2270 940 2307 (cs.
969 2268 1125 2298 Plutarch.
1152 2267 1196 2296 M.
1226 2268 1334 2295 Anien.
1369 2277 1399 2304 p.
1426 2267 1496 2295 941.
1523 2267 1592 2303 B.),

882 2308 969 2341 velzit',
993 2308 1078 2336 ducit
1092 2306 1193 2344 copias
1206 2316 1244 2334 ex
1258 2306 1503 2344 AEgypto.—686
1524 2305 1593 2335 Vic-

882 2352 929 2376 tor
947 2347 982 2375 ab
997 2346 1126 2375 Aurora>
1141 2344 1257 2384 populis
1278 2348 1306 2372 et
1329 2344 1413 2372 litore
1440 2344 1539 2378 rubro,
1563 2345 1593 2373 h.

884 2387 960 2419 Eoo,
973 2385 1128 2423 magnifice
1143 2394 1182 2412 ex
1198 2383 1322 2411 sollenni
1330 2383 1486 2421 poetarum
1499 2393 1594 2412 more.

884 2425 957 2454 Vult
974 2424 1079 2462 praelia
1100 2433 1168 2452 cum
1194 2422 1327 2457 ParthiS,
1349 2421 1459 2460 quibus
1481 2422 1591 2451 Oriens

878 2469 941 2493 tmn
962 2464 1098 2501 parebat,
1122 2461 1236 2494 dicere,
1260 2460 1338 2490 inter
1360 2471 1427 2498 quae
1453 2461 1593 2490 nonnulla

877 2504 963 2532 fuere
1000 2502 1071 2530 satis
1097 2500 1204 2529 felicia.
1266 2499 1337 2528 Pari
1364 2500 1452 2528 modo
1479 2500 1592 2528 Bactra

877 2542 988 2573 ultima,
1010 2541 1038 2569 in
1052 2538 1255 2568 remotissimo
1268 2538 1393 2567 Oriente
1407 2538 1476 2573 sita,
1496 2539 1588 2567 nomi-

877 2586 935 2609 nat.
977 2579 1097 2608 Habuit
1111 2577 1259 2606 Antonius
1274 2577 1386 2606 auxilia
1401 2587 1418 2605 a
1435 2588 1505 2615 rege
1522 2578 1589 2606 Me-

877 2621 983 2648 dorum
1007 2617 1168 2647 submissa.
1203 2620 1332 2645 testante
1363 2615 1527 2645 Plutarcho
1557 2625 1589 2653 p.

876 2659 946 2688 944.
962 2657 998 2685 C.
1035 2656 1146 2685 Itidem
1161 2654 1204 2683 sic
1218 2666 1247 2684 v.
1260 2656 1329 2684 705.
1349 2656 1418 2684 706.

916 2697 976 2726 6259
1004 2705 1087 2725 ruem
1123 2694 1242 2724 videtur
1274 2694 1387 2724 dictum
1422 2692 1590 2727 nansitive,
