1796 3077
552 278 820 317 AENEIDOS.
877 276 980 318 Lm.
1006 278 1078 318 IX.
1470 285 1568 329 *535

121 397 287 449 Pinum,
305 407 347 440 et
367 398 581 442 fumiferos
602 401 729 442 infert
751 400 990 442 Mezentius
1010 402 1155 456 ignes3

121 456 184 497 At
205 456 430 511 Messapus
450 472 606 511 equum
626 459 819 507 domitor,
838 458 1059 512 Neptunia
1074 457 1228 512 proles,

121 512 345 554 Rescindit
361 513 526 564 vallum,
548 522 590 555 et
610 514 742 556 scalas
762 516 804 555 in
823 516 977 556 moenia
997 516 1145 570 poscit.

180 569 283 619 Vos,
301 586 325 611 o
348 570 548 626 Calliope,
568 587 730 626 precor,
748 572 929 626 aspirate
951 573 1138 621 canenti3
1486 571 1570 611 525

122 625 242 672 Quas
258 627 316 668 ibi
337 634 437 669 tunc
457 629 569 670 ferro
590 636 765 683 strages,
787 643 882 682 quae
904 628 1052 669 funera
1072 628 1246 669 Turnus

119 682 345 733 Ediderit;
377 700 501 738 quem
521 686 698 739 quisque
718 686 851 726 virum
871 686 1082 726 demiserit
1103 685 1241 735 Orco3

119 739 180 780 Et
197 756 360 781 mecum
381 743 572 796 ingentes
593 757 687 783 oras
708 741 884 783 evolvite
904 742 1017 783 belli.

121 795 182 837 Et
202 798 442 838 meministis
462 800 583 847 enim,
605 800 727 847 divae,
750 806 792 839 et
811 813 1042 840 memorare
1064 798 1254 853 potestis,

177 853 328 895 Turris
349 861 439 895 erat
459 862 576 895 vasto
598 862 809 909 suspectu,
830 862 873 895 et
889 856 1089 909 pontibus
1109 855 1214 903 altis,
1487 855 1570 894 530

120 909 378 964 Opportuna
397 910 490 952 loco
507 928 517 960 3
549 912 719 951 summis
739 926 865 965 quam
883 912 1041 952 viribus
1061 926 1205 952 omnes

119 965 383 1021 Expugnare
403 967 512 1017 Itali,
533 983 777 1022 summaque
797 975 987 1009 evertere
1008 983 1136 1022 opum
1156 968 1196 1008 vi

120 1022 378 1065 Certabant:
411 1024 548 1065 Troes
569 1032 716 1066 contra
736 1024 968 1066 defendere
990 1026 1116 1074 saxis,

118 1079 288 1135 Perque
311 1095 433 1122 cavas
449 1081 571 1122 densi
591 1081 674 1122 tela
693 1082 937 1135 intorquere
958 1081 1175 1123 fenestras.

118 1135 322 1191 Princeps
343 1138 561 1179 ardentem
581 1138 759 1192 conjecit
777 1137 973 1192 lampada
995 1138 1182 1188 Turnus,
1486 1138 1569 1178 535

117 1192 179 1234 Et
199 1194 406 1235 flammam
426 1194 560 1235 affixit
578 1194 721 1243 lateri3
753 1210 849 1248 quae
868 1194 1047 1248 plurima
1067 1203 1192 1236 vento

118 1249 335 1304 Corripuit
354 1250 532 1300 tabulas,
554 1258 597 1292 et
617 1251 809 1306 postibus
829 1250 952 1290 haesit
971 1252 1122 1292 adesis.

117 1306 301 1347 Turbati
321 1308 534 1362 trepidare
555 1309 681 1357 intus,
703 1307 943 1361 frustraque
963 1307 1166 1348 malorum

117 1361 240 1405 Velle
261 1364 417 1418 sugam.
476 1364 595 1405 Dum
615 1380 659 1405 se
679 1363 925 1418 glomerant,
945 1372 1142 1418 retroque
1162 1365 1352 1406 residunt

118 1420 170 1460 In
188 1428 364 1474 partem,
386 1436 481 1474 quae
500 1428 620 1475 peste
641 1427 778 1461 caret:
812 1428 901 1460 tum
920 1421 1109 1474 pondere
1130 1423 1255 1461 turris
1490 1421 1573 1460 540

118 1476 354 1518 Procubuit
375 1477 526 1526 subito,
549 1485 592 1518 et
613 1476 766 1519 coelum
786 1483 904 1517 tonat
924 1492 1045 1518 omne
1067 1477 1248 1532 fragore.

122 1533 361 1575 Semineces
383 1535 437 1575 ad
458 1541 611 1575 terram
631 1534 799 1574 immani
817 1533 925 1574 mole
946 1541 1102 1583 secuta,

119 1590 372 1645 Confixique
395 1592 478 1632 suis
492 1591 597 1640 telis,
615 1598 659 1632 et
677 1598 851 1646 pectora
872 1591 978 1631 duro

116 1646 363 1689 Transfossi
381 1648 509 1703 ligno,
530 1649 715 1689 veniunt.
774 1647 862 1688 Vix
878 1662 988 1688 unus
1009 1647 1213 1697 Helenor,

118 1703 180 1744 Et
201 1704 343 1759 Lycus
364 1705 518 1760 elapsi3
551 1720 729 1759 quorum
750 1705 973 1758 primaevus
995 1704 1197 1753 Helenor,

119 1760 307 1802 BIaeonio
328 1763 419 1817 regi
439 1777 564 1816 quem
583 1777 702 1802 serva
723 1761 942 1814 Licymnia
962 1761 1103 1802 furtim

118 1817 371 1869 Sustulerat,
392 1819 613 1873 vetitisque
634 1819 689 1859 ad
708 1817 884 1872 Trojam
904 1819 1073 1859 miserat
1093 1818 1231 1866 armis,

1484 1706 1509 1744 <51

1547 1706 1566 1744 υ(

117 1908 330 1945 aperta—522
338 1907 425 1946 pinus
438 1907 517 1936 nulla
533 1907 590 1936 alia
611 1911 658 1936 est
677 1916 765 1945 quam
780 1916 826 1935 ar-
868 1917 898 1935 v.
912 1908 980 1936 170.
994 1906 1168 1945 expositum
1185 1906 1339 1935 est—533
1359 1905 1506 1942 defendere
1531 1916 1573 1935 sc.

115 1946 200 1979 dens,
216 1956 283 1984 quae
298 1956 353 1984 pro
365 1947 429 1975 face
446 1950 540 1975 esset.
868 1946 985 1980 turrim,
1009 1952 1066 1974 no'n
1097 1956 1145 1981 se3
1177 1944 1232 1973 hoo
1258 1944 1410 1982 indignum
1452 1945 1572 1981 pob'tica

156 1986 214 2013 525
224 1995 290 2023 sqq.
307 1984 402 2017 Vosm
419 1984 559 2023 Calliope.
579 1984 731 2022 Exempla
745 1983 827 2012 enal-
866 1985 1015 2020 gravitate
1045 1984 1236 2013 essen—436
1255 1983 1299 2012 Et
1320 1983 1468 2019 flammam
1485 1982 1574 2017 affixit

118 2023 203 2062 lages
230 2034 283 2052 seu
313 2024 476 2062 syllepsios
505 2034 534 2053 v.
560 2033 609 2061 ap.
636 2022 769 2052 Cerdam
797 2026 828 2050 et
867 2023 970 2051 lateri:
991 2033 1064 2061 ergo
1079 2023 1185 2052 turrim
1198 2022 1327 2060 ligneam
1339 2021 1435 2049 fuisse
1450 2022 1572 2050 creden-

116 2062 201 2091 alios.
868 2062 938 2090 dum
953 2065 1010 2096 est,
1027 2062 1053 2090 si
1074 2061 1209 2090 exterius
1226 2060 1351 2088 adhaesit
1373 2060 1423 2088 fa(
1443 2060 1529 2088 allisa
1544 2064 1575 2088 et

157 2102 215 2130 525
227 2112 257 2131 v.
271 2101 311 2129 Il.
329 2105 354 2136 ξ,
370 2102 427 2130 508
441 2101 584 2139 sq.—527
596 2104 666 2129 ’Άὶὸι
689 2101 828 2134 προΐαψεν
867 2100 912 2128 affi
919 2101 1065 2128 ›iau-540
1080 2099 1174 2137 pestis
1193 2099 1231 2127 de
1244 2098 1391 2132 incendio,
1405 2102 1438 2126 ut
1450 2098 1489 2131 V,
1503 2099 1572 2127 683.

121 2139 189 2177 quis
201 2140 408 2169 nescit?—52S
421 2140 537 2168 Versus
553 2139 704 2168 Ennianus
717 2149 755 2167 ex
770 2138 828 2166 VI.

120 2179 227 2206 Aunal.
250 2182 327 2207 teste
354 2179 492 2207 Macrob.
520 2178 577 2213 VI,
605 2180 633 2207 1.
647 2182 677 2207 et
702 2177 827 2206 Servio:

121 2216 180 2252 Qui
196 2216 274 2255 potis
296 2216 418 2255 ingentis
441 2227 509 2245 oras
530 2216 656 2246 evolvere
678 2215 763 2245 belli?
798 2219 828 2244 et

118 2255 187 2283 hinc
225 2254 446 2293 explicandum.
478 2265 537 2284 orae
570 2256 708 2284 videntur
738 2255 827 2284 diotae

120 2293 220 2332 simpl.
234 2303 290 2332 pro
307 2293 455 2331 partibus,
475 2298 509 2322 ut
521 2294 595 2323 fines
608 2294 646 2323 de
671 2298 734 2323 toto
748 2293 827 2327 loco,

120 2333 230 2371 spatio.
254 2331 356 2360 bellum
385 2336 432 2361 est
453 2342 564 2371 pugna,
588 2343 656 2371 quae
677 2332 827 2371 quomodo

121 2371 257 2400 omnibus
276 2370 353 2399 locis
375 2380 432 2408 per
451 2375 543 2400 totam
564 2371 659 2400 aciem
679 2372 758 2400 facta
778 2370 829 2403 sit,

120 2409 187 2448 quis
214 2409 340 2438 evolvere
371 2408 485 2444 verbis,
517 2419 678 2447 exponere,
714 2409 831 2448 possit?

118 2451 268 2484 Ἀργαλέον
283 2452 311 2476 ὂὲ
322 2461 356 2482 με
364 2451 460 2482 ταῦτα,
472 2451 531 2477 θεὸν
543 2451 588 2485 ὣς,
596 2451 673 2478 πάντ’
683 2451 830 2484 ἀγορεῦσαι

123 2490 182 2516 eto.
198 2487 306 2525 (Iliad.
319 2501 351 2521 μ,
368 2487 447 2521 176.)

162 2526 220 2554 530
241 2525 322 2554 conf.
347 2525 399 2554 lib.
421 2525 469 2559 II,
489 2525 548 2554 440
576 2535 653 2564 sqq„
673 2526 726 2554 nbi
747 2525 834 2564 regia

124 2564 240 2593 Priami
252 2564 342 2593 simili
364 2564 453 2592 modo
467 2569 666 2602 oppugnatur.
684 2564 833 2603 pontibus,

124 2602 235 2641 quibus
249 2603 420 2632 discurrunt
432 2606 672 2641 propugnatores
691 2613 747 2641 per
760 2612 834 2631 moe-

126 2640 184 2675 nia,
212 2644 243 2670 et
269 2642 307 2670 ad
330 2641 435 2670 turrim
469 2641 627 2679 pervenire
651 2641 734 2671 licet.
788 2641 836 2669 Ita

124 2679 317 2708 statuendum
350 2684 409 2715 est,
435 2680 461 2708 si
485 2679 577 2708 turris
608 2679 667 2708 fujt
691 2680 721 2708 in
758 2679 835 2717 ipsis

121 2718 243 2746 muris:
266 2718 312 2747 sin
326 2718 386 2748 fuit
405 2722 472 2747 ante
497 2727 616 2747 murum
641 2728 693 2747 seu
714 2719 838 2751 vallum,

121 2758 231 2795 juncta
243 2767 310 2786 cum
331 2767 367 2787 eo
382 2757 433 2786 illa
448 2757 504 2786 fuit
519 2761 620 2796 ponte,
646 2761 787 2795 utsupra
801 2756 837 2785 ad

870 2140 949 2168 Dum
964 2148 1064 2167 omnes
1076 2138 1104 2165 in
1119 2138 1240 2166 alteram
1253 2136 1342 2164 turris
1363 2140 1490 2173 partem,
1505 2146 1573 2174 quae

866 2177 981 2206 intacta
1004 2177 1041 2205 ab
1063 2176 1125 2213 igni
1151 2179 1208 2209 est,
1220 2175 1409 2211 conceduut3
1429 2174 1492 2208 illa,
1506 2184 1574 2212 quae

868 2216 932 2245 solo
957 2215 1098 2253 imposita
1122 2219 1151 2243 et
1180 2217 1385 2252 superstructa
1411 2216 1474 2241 erat
1499 2213 1574 2250 (non

866 2255 1059 2284 fundamento
1076 2263 1167 2282 saxeo
1183 2252 1213 2281 in
1236 2256 1346 2280 terram
1361 2252 1455 2288 acto),
1468 2255 1575 2289 utpote

866 2294 967 2332 lignea
979 2296 1009 2322 et
1030 2292 1162 2326 mobilis,
1184 2289 1323 2328 inaequali
1338 2290 1470 2328 pondere
1491 2290 1577 2318 incli-

867 2332 1063 2361 namn—542
1076 2331 1245 2360 Corruente
1259 2329 1335 2358 turri
1353 2329 1383 2356 in
1399 2328 1479 2357 latus
1500 2329 1575 2358 alte-

868 2381 946 2405 rum,
969 2370 1140 2408 affliguntur
1164 2368 1197 2403 ii,
1213 2368 1265 2406 qui
1287 2368 1367 2396 intus
1394 2371 1474 2401 sunt,
1501 2368 1578 2403 solo,

870 2409 955 2448 gravi
980 2409 1072 2438 turris
1094 2407 1197 2443 ruina3
1217 2407 1274 2435 hoc
1298 2405 1392 2435 dixit:
1411 2405 1526 2434 veniunt
1547 2406 1579 2435 in

870 2453 987 2478 terram.
1029 2447 1081 2476 Fit
1094 2450 1191 2475 autem
1203 2455 1242 2474 ex
1262 2445 1308 2473 his
1327 2444 1456 2473 maxime
1467 2445 1578 2483 proba-

871 2487 944 2521 bile,
966 2486 1073 2515 turrim
1098 2483 1357 2523 propugnaculum
1379 2487 1448 2512 ante
1466 2483 1579 2512 vallum

872 2526 978 2556 fuisse.
995 2523 1247 2563 quandoquidem,
1263 2532 1333 2550 cum
1358 2521 1388 2550 in
1403 2521 1579 2551 alterutrum

872 2564 952 2593 latus
974 2564 1025 2592 illa
1037 2566 1148 2595 rueret,
1164 2561 1194 2590 in
1213 2561 1304 2589 medio
1315 2560 1437 2589 hostium
1453 2570 1484 2589 se
1496 2560 1581 2588 vide-

874 2607 946 2631 runt
971 2601 1151 2630 constitutos
1178 2599 1277 2638 ii,qai
1303 2599 1470 2628 incolumes
1495 2599 1581 2627 ruina

875 2641 1053 2679 effugerant.

913 2681 970 2708 545
988 2679 1088 2708 Mater
1101 2676 1202 2706 misit:
1218 2676 1285 2705 hinc
1293 2686 1377 2705 arma
1390 2675 1488 2708 vetita,
1502 2674 1582 2702 haud

876 2722 948 2757 apta
971 2728 1068 2746 servae
1094 2716 1168 2749 filio,
1182 2725 1240 2754 quo
1260 2715 1434 2754 elegantius,
1447 2714 1583 2757 quaarei

877 2756 1058 2791 conveniret,
1082 2758 1194 2784 armato
1215 2760 1340 2784 matrem
1363 2752 1520 2791 gloriatam
1541 2761 1586 2780 m-
