1796 3077
568 202 835 241 AENEIDOS.
891 204 992 243 LIB.
1024 205 1099 243 III.

114 323 334 366 Servatum
353 339 407 366 ex
427 325 565 375 undis,
589 326 877 384 Strophadum
895 342 960 368 me
981 327 1103 368 litora
1122 327 1302 382 primum

113 381 356 435 Accipiunt.
415 383 678 437 Strophades
700 386 833 426 Graio
855 391 966 424 stant
986 385 1153 426 nomine
1176 384 1300 426 dictae

113 437 266 479 Insulae
287 438 405 479 Ionio
424 440 467 479 in
486 455 653 495 magno,
675 458 781 496 quas
803 441 897 481 dira
919 440 1102 490 Celaeno,

112 493 400 549 Harpyiaeque
420 495 561 537 colunt
580 497 683 548 aliae,
708 499 887 539 Phineia
907 505 1132 551 postquam

113 550 266 591 Clausa
286 553 447 602 domus,
464 568 711 609 mensasque
730 563 845 596 metu
863 553 1023 608 liquere
1044 556 1222 608 priores.

111 606 294 649 Tristius
314 608 430 649 haud
450 609 528 650 illis
549 619 793 660 monstrum,
814 625 891 652 nec
911 611 1059 651 saevior
1077 610 1160 652 ulla

111 663 249 705 Pestis
270 673 311 707 et
330 667 392 706 ira
412 666 539 707 deum
560 667 716 723 Stygiis
738 682 827 710 sese
849 666 998 708 extulit
1018 669 1155 708 undis.

109 720 303 775 Virginei
321 722 536 764 volucrum
555 725 706 773 vultus,
729 725 957 766 foedissima
976 725 1130 764 ventris

110 776 342 828 Proluvies,
363 794 567 833 uncaeque
588 795 746 830 manus,
768 789 810 822 et
830 780 985 834 pallida
1005 795 1168 835 semper

111 833 202 874 Ora
222 835 344 875 same.

108 890 209 931 Huc
230 892 303 931 ubi
323 890 451 931 delati
470 898 616 945 portus
636 893 890 940 intravimus,
913 906 1010 933 ecce

109 946 231 987 Laeta
251 948 379 988 boum
398 949 554 1001 passim
573 950 730 1003 campis
751 957 938 990 armenta
953 949 1156 998 videmus,

107 1003 476 1058 Caprigenumque
495 1020 638 1059 pecus,
661 1005 773 1047 nullo
795 1006 984 1054 custode,
1005 1020 1082 1060 per
1103 1006 1268 1048 herbas.

108 1059 310 1101 Irruimus
331 1061 456 1109 ferro,
479 1069 521 1101 et
541 1062 658 1103 divos
674 1063 894 1116 ipsumque
915 1077 1110 1103 vocamus

107 1116 157 1157 In
172 1126 335 1172 partem
354 1118 625 1172 praedamque
645 1118 675 1159 J
678 1134 808 1160 ovem.
867 1119 980 1159 Tum
1000 1118 1120 1160 litore
1142 1134 1270 1160 curvo

108 1173 462 1227 Exstruimusque
482 1181 609 1223 toros,
631 1175 896 1229 dapibusque
913 1174 1131 1229 epulamur
1151 1177 1312 1230 opimis.

1467 213 1561 259 303

1469 386 1552 426 210

1467 670 1550 710 215

1467 953 1552 993 220

107 1228 168 1270 At
187 1231 338 1270 subitae
357 1230 556 1271 horrifico
575 1230 699 1286 lapsu
716 1231 769 1272 de
789 1232 1000 1272 montibus
1021 1232 1175 1272 adsunt
1467 1235 1550 1274 2525

104 1285 322 1341 Harpyiae,
344 1294 387 1327 et
405 1289 564 1341 magnis
585 1288 778 1341 quatiunt
798 1287 1065 1342 clangoribus
1085 1287 1185 1338 alas,

106 1342 406 1397 Diripiuntque
427 1344 571 1398 dapes,
593 1352 874 1398 contactuque
895 1345 1031 1384 onmia
1050 1344 1214 1386 foedant

106 1398 328 1440 Immundo
346 1417 354 1449 ;
387 1407 474 1440 tum
494 1415 577 1441 vox
597 1408 751 1441 tetrum
771 1402 863 1442 dira
882 1401 989 1441 inter
1009 1401 1194 1441 odorem.

107 1455 297 1496 Rursum
320 1457 362 1497 in
378 1471 544 1497 secessu
565 1456 692 1512 longo
714 1459 791 1498 sub
812 1472 917 1512 rupe
942 1465 1100 1506 cavata,

106 1511 345 1554 Arboribus
366 1513 496 1554 clausi
515 1514 670 1554 circum
690 1521 814 1568 atque
835 1514 1104 1554 horrentibus
1124 1514 1296 1562 umbris,
1465 1517 1548 1557 230

107 1567 356 1610 Instruimus
376 1585 553 1619 mensas,
575 1571 739 1624 arisque
759 1571 999 1624 reponimus
1016 1571 1168 1624 ignem.

107 1624 295 1666 Rursum
316 1641 369 1667 ex
391 1627 554 1667 diverso
573 1626 668 1667 coeli
684 1627 888 1681 caecisque
907 1626 1079 1667 latebris

106 1681 255 1723 Turba
275 1697 425 1723 sonans
446 1684 632 1737 praedam
653 1684 834 1737 pedibus
856 1682 1123 1724 circumvolat
1143 1684 1273 1732 uncis,

103 1805 197 1843 aperit
209 1809 334 1841 montes,
354 1806 425 1835 dum
439 1805 469 1835 in
482 1811 675 1843 conspectum
697 1806 741 1834 illi
758 1816 806 1835 ve-

104 1844 196 1872 niunt.
217 1845 326 1873 volvere
339 1847 465 1882 fumum,
485 1845 524 1873 cs.
541 1845 652 1883 Odyss.
671 1858 695 1876 κ,
709 1846 758 1878 99,
777 1849 807 1873 et

102 1882 136 1910 al.
150 1882 279 1911 incensis
289 1883 399 1921 passim
408 1884 525 1922 ignibus
535 1883 564 1911 in
573 1883 806 1912 habitationibus

103 1921 264 1959 agrestium
284 1926 314 1950 et
329 1921 610 1959 pastorum.—-Vela
624 1922 737 1955 cadunt,
752 1922 806 1949 de-

103 1959 270 1993 mittuntur,
291 1965 335 1993 ut,
359 1960 606 1998 quemadmodum
629 1961 663 1988 fit
682 1961 710 1989 in
731 1960 806 1989 locis

103 1998 239 2033 vadosis,
252 1998 341 2027 remis
355 1999 391 2027 ad
408 2003 517 2027 terram
532 2003 637 2037 agatur
651 2000 746 2028 navis.
761 2009 806 2028 re-

104 2037 157 2065 mis
182 2036 367 2074 insuryimus,
391 2037 463 2066 dum
479 2037 615 2066 elevatur
636 2047 746 2076 corpus
768 2039 803 2066 ad

102 2083 240 2113 magnum
255 2076 362 2109 nisum,
377 2076 572 2114 exquisitum,
588 2076 641 2105 sed
654 2077 806 2106 diversum

102 2121 122 2140 a
141 2112 289 2142 locutione
318 2114 501 2143 incumbimus
527 2115 622 2143 remis.
650 2116 728 2144 conf.
753 2115 805 2143 inf.

103 2151 171 2179 560.
191 2151 231 2185 V,
253 2152 485 2191 189.-—Spumas,
507 2153 623 2186 σφι-υἷα,
644 2163 699 2191 pro
720 2155 806 2182 mari.

103 2189 284 2218 Adumbran
303 2200 407 2220 versus
426 2201 464 2221 ex
482 2192 570 2220 Ennii
589 2192 696 2221 Annal.
712 2192 806 2221 XIV.

104 2227 175 2256 vide
190 2227 308 2266 Fragm.
323 2229 398 2257 Enu.
412 2240 443 2268 p.
457 2231 523 2259 103.
543 2231 806 2260 104.—210—·215

103 2265 284 2303 Strophades
305 2266 410 2297 insulae
426 2269 494 2297 duae
514 2268 543 2297 in
557 2269 631 2297 mari
646 2269 742 2303 Ionio,
767 2279 808 2298 ex

106 2304 232 2334 adverso
252 2304 449 2342 Peloponnesi
474 2311 538 2336 ante
556 2308 753 2345 Zacynthum,
769 2308 809 2336 si-

103 2346 143 2371 tae
158 2353 165 2378 ;
185 2343 255 2371 olim
270 2343 368 2372 Plotoe
382 2344 482 2374 dietae.
522 2346 592 2380 Sed,
606 2346 759 2384 propulsis
771 2357 810 2375 ex

103 2381 209 2410 Phinei
220 2382 308 2410 domo
321 2382 358 2410 ad
366 2392 415 2411 eas
426 2393 520 2422 usque
531 2384 643 2413 insulas
654 2385 812 2423 HarpyiiS,

104 2419 213 2449 Boreae
232 2420 285 2449 filil
312 2424 480 2458 ὑπέστρεφον
504 2427 546 2454 ἂψ
571 2425 615 2451 ἐπὶ
641 2428 702 2457 νῆα,
729 2424 806 2452 unde

104 2462 257 2495 Στροφάδες
271 2459 330 2487 dici
343 2464 508 2497 cceperunt.
529 2460 590 2489 vid.
603 2462 743 2499 Apollon.
759 2462 807 2496 II,

103 2497 260 2526 285—296
281 2507 326 2536 sq.
351 2498 493 2536 Apollod.
517 2498 545 2532 Ῑ,
578 2500 608 2533 9,
635 2501 673 2528 21
706 2500 808 2539 ibique

105 2535 198 2564 Obss.
214 2546 245 2574 p.
266 2537 315 2565 77.
328 2546 394 2574 sqq.
409 2537 485 2565 Mox
495 2536 524 2564 in
536 2547 637 2575 mayuo
648 2548 705 2567 non
721 2548 810 2577 argu-

103 2574 236 2602 tandum.
265 2575 389 2603 Dictum
404 2580 437 2604 ut
445 2575 561 2604 omnino
572 2585 648 2604 mare
661 2586 808 2615 magnum,

105 2615 187 2639 terra
199 2614 408 2650 maman—213
431 2615 529 2643 clausa
547 2613 658 2648 domus,
673 2615 703 2643 h.
722 2625 748 2643 e.
769 2625 809 2644 ex

105 2649 193 2678 domo
218 2651 325 2681 Phinei
354 2652 488 2691 expulsae
513 2661 529 2680 a
551 2652 645 2680 Zetho
662 2657 694 2681 et
715 2653 810 2682 Calai.

105 2688 202 2718 —215
216 2689 262 2718 ira
276 2691 356 2720 deum
371 2691 400 2720 h.
422 2701 447 2721 e.
462 2701 521 2726 res,
535 2700 602 2729 quae
616 2691 653 2720 ab
666 2690 710 2720 ira
723 2692 811 2722 deum

845 1806 937 1839 venit,
959 1816 975 1834 a
989 1806 1046 1834 diis
1069 1806 1153 1834 iratis
1172 1805 1549 1836 immittitur.—216—218

846 1845 1018 1873 Occurrunt
1034 1844 1147 1873 similes
1169 1844 1371 1883 Harpyiarum
1391 1844 1504 1883 effigies
1518 1846 1548 1874 in

845 1883 1021 1921 anaglyphis
1044 1887 1074 1912 et
1101 1883 1234 1921 gemmis.
1260 1883 1368 1911 ventris
1389 1883 1548 1920 proluvies,

844 1922 888 1950 sic
911 1927 984 1950 satls
1006 1922 1127 1950 honeste
1136 1932 1192 1960 pro
1214 1921 1354 1950 sordibus
1367 1922 1548 1955 effusis‚un-

847 1971 886 1989 cae
902 1970 1012 1995 manus,
1027 1970 1158 1999 ungues:
1180 1964 1362 1995 γαμψώνυχες
1376 1961 1454 1989 enim
1469 1960 1549 1989 Har-

845 1999 936 2037 pyiae.
950 1999 1000 2027 inf.
1014 2000 1071 2027 233
1085 1999 1205 2037 pedibus
1219 1999 1407 2028 uncis.——2l9
1427 2009 1472 2037 sq.
1484 1999 1550 2028 Ha-

846 2038 911 2066 buit
930 2039 1021 2074 poeta
1043 2041 1110 2066 ante
1130 2038 1233 2065 oculos
1249 2037 1417 2075 episodium
1436 2038 1550 2074 Odyss.

845 2089 876 2109 μ,
897 2077 956 2104 262
971 2086 1038 2114 sqq.
1058 2076 1095 2104 de
1119 2076 1260 2104 armentis
1282 2076 1311 2103 in
1325 2075 1424 2103 insula
1447 2075 1547 2112 Solis;

846 2114 898 2152 qui
930 2114 1014 2142 locus
1045 2113 1374 2142 conferendus—laeta
1407 2118 1548 2148 armenta,

845 2153 1037 2191 pingui-ajam
1053 2152 1139 2180 Serv.
1151 2152 1292 2189 exposuit
1303 2162 1309 2187 ;
1320 2151 1435 2180 scilicet
1446 2153 1550 2181 eadem

847 2196 969 2228 aspectu
984 2192 1061 2224 loela,
1086 2194 1169 2225 καλά,
1195 2194 1229 2218 ut
1248 2200 1328 2227 seges
1347 2194 1378 2217 et
1395 2190 1549 2220 alia-za-

842 2230 1048 2268 priyenumque
1059 2239 1159 2267 pecus,
1186 2238 1224 2257 ex
1246 2228 1380 2257 Pacuvio
1408 2232 1437 2257 et
1464 2230 1550 2258 Attio

848 2269 981 2301 ductum,
1009 2277 1063 2306 pro
1091 2266 1306 2305 capris—nullo
1335 2267 1460 2301 custode,
1483 2268 1550 2296 scil.

851 2311 933 2336 erant
961 2311 1092 2335 armenta
1114 2310 1283 2334 consecrata
1310 2304 1398 2334 alicui
1424 2306 1548 2340 numini,

852 2349 989 2379 ἀνειμένα,
1011 2348 1193 2381 ἀφιερωμένα,
1209 2354 1284 2373 nunc
1299 2344 1462 2381 Harpyiis:
1477 2355 1549 2383 qua-

852 2388 980 2422 propter
992 2383 1051 2411 illae
1067 2384 1105 2412 de
1116 2382 1224 2421 injuria
1236 2382 1314 2411 facta
1327 2387 1492 2420 queruntur
1504 2393 1550 2412 vs.

845 2423 1023 2452 ‘ziz-023.
1063 2421 1101 2450 In
1115 2426 1228 2460 partem
1248 2431 1381 2450 vocamus
1394 2421 1549 2451 honestius

848 2470 935 2498 quam
947 2459 1118 2500 participem
1126 2459 1264 2497 facimus.
1305 2459 1340 2488 In
1354 2461 1485 2497 praedam
1500 2471 1550 2489 vo-

849 2509 954 2531 camus,
969 2504 1085 2537 partem
1106 2498 1235 2527 carnium
1253 2502 1398 2527 tostarum
1412 2499 1552 2538 religiose

850 2537 1124 2576 apposituri—224
1137 2542 1227 2571 torm,
1242 2541 1326 2565 ornat
1337 2547 1401 2566 rem
1421 2542 1550 2570 tenuem,

847 2576 1097 2613 cespitem—‘225
1187 2585 1231 2609 su,
1260 2575 1373 2608 volatu,
1400 2579 1433 2604 ut
1459 2585 1550 2612 saepe,

848 2614 963 2650 adsunt,
985 2613 1132 2644 advolant.
1171 2613 1248 2643 Mox
1268 2624 1320 2643 vox
1339 2614 1414 2648 dira,
1431 2614 1552 2642 stridor.

849 2656 943 2682 —231
961 2655 1023 2682 aris
1045 2653 1144 2691 Simfl.
1165 2653 1258 2686 focis·‚
1280 2653 1334 2682 sed
1353 2653 1477 2681 alterem
1498 2661 1551 2679 vo-

851 2693 986 2723 cabulum
1002 2691 1133 2730 gravius.
1155 2691 1197 2721 H.
1210 2692 1326 2731 arisque
1335 2701 1431 2729 repon.
1452 2690 1554 2720 Verba
