1796 3077
508 254 777 293 AENEIDOS.
833 251 935 292 LIB.
962 251 1077 291 Vm.
1448 254 1539 299 501

99 374 231 419 Haud
252 375 399 432 procul
418 375 516 419 hinc
538 392 640 419 saxo
659 375 854 418 incolitur
874 375 1050 417 fundata
1069 378 1234 414 vetusto

101 434 230 476 Urbis
251 433 460 488 Agyllinae
481 435 625 476 sedes:
656 435 731 475 ubi
752 433 890 487 Lydia
910 432 1122 487 quondam

99 491 233 541 Gens,
253 490 364 532 bello
385 491 601 545 praeclara,
617 491 732 546 jugis
752 490 906 531 insedit
927 488 1138 530 Etruscis.
1461 482 1546 524 480

97 547 225 589 Hanc
244 546 396 588 multos
419 547 640 589 florentem
659 563 789 588 annos
809 561 885 587 rex
903 544 1060 588 deinde
1079 543 1265 598 superbo

102 605 285 660 Imperio
307 612 349 645 et
369 605 487 646 saevis
509 605 643 646 tenuit
663 603 902 646 Mezentius
923 603 1062 644 armis.

100 661 219 708 Quid
240 676 466 702 memorem
487 661 680 702 infandas
701 661 853 710 caedes,
874 660 977 714 quid
997 659 1109 700 facta
1129 656 1296 712 tyranni

101 718 278 759 Effera?
311 719 370 759 dii
391 719 518 772 capiti
536 719 666 774 ipsius
687 718 914 773 generique
933 717 1167 758 reservent!

101 774 277 816 Blortua
296 775 398 829 quin
418 776 545 816 etiam
559 777 769 830 jungebat
789 789 968 829 corpora
987 774 1103 822 vivis,
1463 767 1547 808 480

101 831 369 886 Componens
390 832 667 885 manibusque
687 846 834 872 manus
856 838 982 885 atque
1004 831 1147 871 oribus
1168 843 1255 877 ora,

101 888 326 929 Tormenti
344 902 491 942 genus
513 895 556 928 et
576 889 688 929 sanie
709 889 894 941 taboque
914 887 1093 927 fluentes

102 944 342 998 Complexu
363 945 405 984 in
424 946 576 986 misero
596 943 723 999 longa
743 945 802 985 sic
823 951 956 985 morte
977 944 1170 985 necabat.

101 1001 164 1042 At
183 1001 283 1042 fessi
302 1001 471 1042 tandem
491 1002 600 1042 cives
619 1002 790 1042 infanda
809 1001 1017 1041 furentem

101 1057 269 1098 Armati
289 1059 598 1099 circumsistunt
617 1059 837 1112 ipsumque
859 1058 1137 1111 domumque3
1467 1051 1551 1091 490

105 1115 377 1156 Obtruncant
397 1115 547 1164 socios,
569 1116 708 1169 ignem
729 1115 783 1155 ad
803 1114 969 1169 fastigia
983 1116 1162 1169 jactant.

103 1171 180 1212 Ille
201 1172 309 1212 inter
328 1172 467 1212 caedes
483 1171 741 1212 Rutulorum
761 1170 927 1225 elapsus
948 1172 991 1211 in
1010 1185 1135 1224 agros

105 1227 361 1282 Confugere,
383 1235 425 1268 et
445 1227 584 1268 Turni
604 1228 824 1269 defendier
843 1227 1019 1281 hospitis
1041 1226 1180 1267 armis.

104 1284 225 1339 Ergo
247 1285 378 1325 omnis
398 1283 517 1325 furiis
537 1285 719 1325 surrexit
739 1284 913 1325 Etruria
927 1284 1072 1338 justis3

105 1341 274 1396 Regem
294 1341 349 1381 ad
369 1341 620 1396 supplicium
638 1342 837 1395 praesenti
856 1340 998 1381 Marte
1019 1346 1262 1394 reposcunt.
1470 1333 1554 1375 495

106 1398 188 1438 His
210 1413 289 1453 ego
310 1405 364 1446 te,
386 1397 542 1447 AEnea,
563 1398 782 1440 ductorem
801 1397 981 1438 millibus
1001 1397 1168 1438 addam.

108 1454 224 1495 Toto
246 1469 425 1507 namque
446 1453 629 1495 fremunt
649 1455 873 1495 condensae
892 1453 1014 1495 litore
1034 1467 1215 1507 puppes,

109 1511 323 1565 Signaque
344 1511 453 1551 ferre
466 1512 641 1564 jubent3
672 1511 825 1552 retinet
843 1511 1058 1565 longaevus
1078 1510 1293 1564 haruspex

108 1567 216 1608 Fata
236 1582 413 1608 canens:
447 1568 488 1608 O
510 1567 710 1608 Maeoniae
731 1567 895 1609 delecta
908 1569 1124 1622 juventus,

107 1624 207 1665 Flos
226 1632 416 1665 veterum
435 1625 650 1678 virtusque
671 1625 816 1673 virum,
836 1640 940 1678 quos
956 1625 1096 1678 justus
1117 1624 1160 1664 in
1178 1623 1344 1664 hostem
1471 1620 1555 1660 000

110 1680 215 1722 Fert
235 1680 367 1729 dolor,
389 1688 431 1721 et
450 1682 597 1722 merita
617 1682 809 1723 accendit
829 1681 1066 1723 Mezentius
1083 1681 1144 1721 ira
1161 1698 1170 1730 3

111 1737 233 1778 Nulli
252 1737 314 1778 fas
335 1737 442 1778 Italo
463 1745 621 1779 tantam
642 1739 898 1793 subjungere
919 1746 1113 1792 gentem:

112 1794 328 1835 Externos
348 1802 490 1849 optate
511 1796 653 1836 duces.
715 1794 829 1835 Tum
851 1794 1034 1836 Etrusca
1053 1794 1210 1835 resedit

113 1851 211 1892 Hoc
233 1852 342 1893 acies
363 1866 525 1906 campo,
548 1852 713 1893 monitis
732 1852 933 1892 exterrita
953 1852 1107 1892 divum.

109 1907 210 1962 Ipse
231 1916 418 1950 oratores
439 1909 494 1950 ad
514 1923 579 1950 me
599 1909 802 1963 regnique
822 1923 1019 1949 coronam
1474 1904 1558 1944 505

150 2024 210 2053 478
221 2024 331 2063 Ayylla
353 2035 377 2054 s.
397 2025 484 2054 Gaere
502 2024 599 2063 prima
620 2024 728 2061 opibus
743 2025 821 2054 inter
858 2025 1050 2054 referendum
1080 2025 1214 2054 videtur.
1273 2023 1428 2052 Extraneo
1462 2024 1562 2050 autem

117 2063 262 2092 Etruscos
277 2063 390 2097 floruit,
401 2068 431 2092 et
440 2067 565 2102 propter
578 2064 725 2092 maritima
741 2074 820 2093 com-
860 2065 929 2093 duci
946 2065 1101 2094 exercitus
1116 2062 1360 2096 committendus,
1375 2062 1419 2089 uti
1435 2060 1562 2089 Lavinia

116 2101 226 2130 mercia
239 2103 367 2131 omnium
387 2102 485 2140 prima
506 2103 622 2131 Graec-is
643 2103 822 2132 innotuit.—-
861 2108 986 2132 externo
1002 2103 1066 2131 viro
1080 2102 1235 2139 jungenda
1259 2101 1313 2130 lib.
1335 2101 1412 2133 vn,
1433 2100 1472 2127 96
1495 2109 1562 2136 sqq.

117 2149 187 2168 saxo
207 2145 328 2175 vetusto,
346 2141 467 2179 antiquo
481 2151 583 2179 opere,
598 2145 632 2170 ut
647 2143 720 2170 bene
735 2143 821 2171 Serv.
863 2143 939 2170 Esse
964 2142 1040 2170 hunc
1064 2141 1234 2178 aruspicem
1255 2140 1353 2177 ipsum
1381 2139 1466 2166 illum
1489 2137 1563 2165 Tar-

118 2178 158 2206 cf.
187 2178 252 2213 111,
278 2181 435 2208 84.—179.
462 2181 520 2208 450
544 2180 592 2208 ubi
617 2181 756 2218 proxime
785 2181 823 2209 ad
861 2181 983 2210 elnonem
996 2181 1099 2209 v.450
1116 2183 1197 2207 notat
1217 2178 1319 2207 Julius
1341 2177 1486 2205 Sabinus:
1509 2185 1562 2212 pa-

118 2216 259 2254 Agyllam
273 2228 327 2246 seu
341 2218 428 2247 Caere
442 2222 573 2256 spectat,
591 2229 646 2248 nec
665 2224 762 2248 tamen
777 2230 823 2248 re-
862 2230 928 2248 rum
951 2219 1156 2257 probabiliter.
1207 2217 1232 2245 O
1252 2216 1408 2245 ssIaeouiae:
1436 2225 1475 2243 ex
1495 2216 1566 2243 479.

120 2255 233 2292 liquam
269 2256 420 2285 Etruriam
453 2257 600 2286 excludit.
661 2259 688 2287 A
728 2258 822 2296 Lydis
860 2259 997 2295 -ibofflos
1010 2262 1147 2286 velerum:
1171 2255 1335 2285 Ennianum
1350 2255 1406 2283 hoc
1417 2264 1483 2282 esse
1495 2254 1566 2282 Ser-

122 2293 246 2322 Etrusci
259 2304 312 2322 seu
323 2295 470 2331 Tyrrheni
483 2297 645 2330 ducuntur,
661 2307 698 2326 ex
708 2297 823 2335 vulgari
862 2297 930 2326 vius
945 2301 1089 2325 testatur:
1112 2295 1169 2325 etsi
1183 2305 1236 2323 nec
1252 2294 1369 2323 omnino
1383 2293 1566 2331 infrequens,

123 2336 259 2361 veterum
281 2332 427 2370 opinione,
444 2333 521 2363 falsa
535 2338 643 2369 tamen,
660 2336 771 2374 quippe
787 2346 825 2364 ex
866 2346 905 2364 ex
921 2341 1018 2369 ἄωτον,
1035 2338 1130 2370 [ινθοςς
1146 2335 1205 2371 flos
1225 2337 1252 2361 et
1275 2333 1367 2361 virtus
1387 2332 1416 2360 h.
1439 2331 1458 2359 l.
1474 2331 1567 2360 robur

121 2370 248 2399 nominis
261 2371 568 2402 similitudineducta-
588 2374 826 2413 Mezentiiregis
865 2375 979 2412 populi,
1007 2374 1057 2412 qui
1083 2373 1233 2411 antiquam
1261 2371 1407 2410 originem
1431 2380 1448 2399 a
1473 2369 1568 2408 Lydis

122 2409 349 2438 Caeretanorum
368 2419 474 2439 nomen
497 2411 629 2449 superbo,
655 2413 685 2442 h.
709 2413 827 2442 crudeli
866 2414 1063 2442 haben—504
1094 2413 1161 2441 Hoc
1198 2420 1306 2449 campo,
1340 2414 1484 2444 δεικτικῶς,
1513 2408 1572 2437 etsi

122 2447 250 2485 imperio
270 2448 391 2480 infame.
414 2458 453 2480 ex
473 2451 603 2487 antiquis
617 2450 754 2480 historiis
773 2453 825 2480 ad-
866 2451 961 2481 oculis
988 2451 1121 2489 prospici
1146 2460 1201 2478 non
1225 2453 1360 2487 poterant
1390 2453 1490 2477 castra
1514 2448 1570 2476 sub

123 2486 326 2516 Rhis-*454
348 2486 403 2515 Dii
423 2487 520 2525 capili,
542 2492 576 2516 ¹1*-
598 2489 645 2522 11,
667 2492 739 2520 19οι
767 2491 826 2523 VI,
867 2491 953 2519 Caere
976 2490 1179 2519 locam—:305
1196 2488 1276 2525 reflui
1291 2497 1442 2516 coronam:
1463 2496 1572 2515 novum

124 2526 191 2553 529.
217 2526 383 2555 530.—-459
403 2525 522 2563 infanda
539 2528 697 2565 furentem,
723 2534 828 2566 ἄφατα,
868 2530 935 2563 hoc,
952 2529 1005 2558 sed
1025 2528 1138 2557 dictum
1156 2527 1280 2565 utrequi
1293 2526 1436 2564 insiynia3
1459 2530 1488 2554 et
1503 2525 1574 2553 sub-

127 2566 236 2599 ἰιφείτως·
250 2568 423 2598 μαινόμενον,
438 2567 590 2599 ἐκπάγλως.
867 2569 980 2605 jectum
993 2567 1049 2595 hoe
1071 2567 1159 2600 idem,
1176 2571 1322 2604 tamquam
1338 2575 1441 2603 genus,
1455 2573 1574 2593 enume-

165 2602 224 2630 498
239 2612 303 2640 sqq.
318 2603 386 2632 Hoc
401 2603 439 2632 de
455 2603 584 2632 Etrusco
597 2606 736 2643 aruspice
749 2616 830 2635 com-
872 2606 985 2635 ratione
1003 2606 1131 2643 partium
1147 2608 1283 2642 (coronae
1299 2608 1329 2633 et
1344 2603 1471 2642 sceptri)
1487 2603 1575 2630 saeta.

128 2642 337 2683 n¹0ntU}n›‘1ui
359 2642 523 2671 Caeretanis
543 2644 699 2673 conatibus
721 2655 832 2683 oppor-
875 2644 1018 2673 Coronam
1044 2644 1122 2672 dixit
1147 2643 1295 2679 diademig
1330 2642 1449 2671 fuerunt
1477 2646 1575 2682 lamen

129 2683 216 2722 tune·
229 2681 401 2714 intercedit,
429 2685 461 2709 ut
488 2681 525 2709 ad
549 2681 651 2711 AEneae
671 2684 835 2712 adventum
876 2683 1014 2712 Etruscis
1031 2689 1061 2711 ct
1080 2682 1147 2711 aliis
1170 2682 1256 2711 Italis
1277 2691 1395 2710 coronae
1416 2690 1452 2709 ex
1470 2680 1577 2707 launna

129 2718 443 2754 resdifferatur,iutcr
454 2720 573 2759 potiora
584 2720 705 2759 Virgilii
715 2722 836 2752 inventa
877 2732 976 2756 aurea,
1004 2722 1094 2751 ctiam
1118 2721 1147 2751 in
1173 2722 1264 2751 saeris
1293 2719 1462 2750 bacchicis:
1492 2717 1578 2755 cujus
