1796 3077
236 249 332 292 242

660 247 701 284 P.
732 245 961 282 VIRGILII
991 245 1238 283 MARONIS

235 362 297 404 At
317 369 480 417 sperate
499 360 600 401 deos
620 374 821 400 memores
840 360 954 399 fandi
974 366 1099 412 atque
1118 361 1298 402 nefandi.

238 419 336 460 Rex
357 426 446 460 erat
464 417 623 458 AEneas
644 417 776 465 nobis,
797 430 880 469 quo
891 416 1045 469 justior
1063 414 1180 465 alter,

237 475 332 517 Nec
350 476 505 529 pietate
527 472 603 513 fuit
624 487 700 513 nec
721 471 831 513 bello
852 473 984 526 major
1004 478 1045 512 et
1066 472 1211 521 armis3
1577 475 1660 515 545

237 532 377 578 Quem
397 531 430 570 si
451 530 535 569 fata
554 530 687 569 virum
708 535 886 576 servant,
908 529 942 568 si
961 529 1140 568 vescitur
1161 543 1262 568 aura

234 587 444 635 AEtheria,
464 600 600 639 neque
620 585 759 626 adhuc
779 583 1018 625 crudelibus
1039 585 1219 625 occubat
1239 585 1411 634 umbris,

234 643 334 684 Non
353 650 500 692 metus,
521 642 657 682 officio
678 656 730 682 ne
751 649 791 682 te
812 648 993 682 certasse
1015 642 1195 694 priorem

231 700 452 740 Paeniteat.
514 698 622 738 Sunt
640 705 682 738 ct
703 697 852 739 Siculis
872 698 1111 751 regionibus
1131 698 1269 746 urbes,

229 756 441 809 Arvaque,
463 754 735 808 Trojanoque
756 770 780 795 a
800 755 1000 807 sanguine
1021 752 1155 795 clarus
1177 753 1368 795 Acestes.
1575 755 1658 795 550

228 812 480 859 Quassatam
496 812 628 852 ventis
647 810 770 852 liceat
788 811 1023 851 subducere
1043 809 1230 859 classem,

227 869 286 909 Et
306 868 416 909 silvis
436 876 581 922 aptare
601 868 741 908 trabes
761 874 802 907 et
823 867 1027 921 stringere
1048 882 1209 915 remos3

224 925 271 966 Si
290 926 414 966 datur
433 924 608 972 Italiam,
630 924 749 964 sociis
770 930 813 964 et
832 937 931 977 rege
951 930 1131 976 recepto,

224 981 437 1030 Tendere,
460 988 505 1021 ut
525 980 687 1021 Italiam
706 979 790 1021 laeti
810 979 1061 1032 Latiumque
1081 987 1269 1032 petamus
1286 996 1297 1028 3

1569 1037 1651 1076 555

223 1037 297 1078 Sin
317 1039 507 1079 absumta
527 1036 649 1085 salus,
670 1043 712 1076 et
730 1043 783 1083 tc,
802 1042 923 1089 pater
943 1035 1097 1088 optime
1119 1034 1346 1084 Teucrum,

221 1093 383 1135 Pontus
403 1094 532 1135 habet
554 1092 717 1146 Libyae,
737 1106 814 1132 nec
835 1106 930 1145 spes
945 1092 1033 1144 jam
1052 1099 1180 1132 restat
1201 1092 1294 1141 Iuli,

218 1149 281 1191 At
300 1151 407 1192 freta
428 1150 604 1190 Sicaniae
624 1148 768 1189 saltem
785 1148 988 1201 sedesque
1009 1156 1188 1201 paratas,

218 1206 346 1249 Unde
365 1207 449 1249 huc
468 1205 643 1254 advecti,
664 1217 889 1258 regemque
910 1212 1099 1258 petamus
1119 1203 1318 1246 Acesten.

212 1414 282 1448 lem,
295 1425 350 1453 pro
363 1415 527 1444 abstracto:
548 1415 573 1443 si
584 1415 797 1448 humanitatem,
811 1416 913 1443 huma-

953 1419 1049 1453 potes.
1062 1414 1108 1443 De
1123 1415 1230 1442 Acesta
1244 1415 1283 1442 cf.
1297 1424 1362 1452 sup.
1380 1414 1446 1443 195.
1485 1413 1559 1450 Ejus
1579 1414 1652 1442 urbs

212 1452 313 1482 nitatis
323 1454 392 1491 jura
406 1457 436 1482 et
448 1452 554 1487 officia,
577 1457 608 1481 et
621 1453 770 1481 vindictam
788 1453 912 1490 injuriae,
952 1452 1388 1491 AEqestaintelligenda.—549
1401 1452 1540 1480 Occurrit
1552 1453 1652 1480 tacitae

213 1500 301 1528 quam
315 1492 358 1520 ira
378 1491 527 1535 hominum
546 1491 718 1535 pectoribus
740 1491 829 1535 insita
843 1501 914 1529 erga
952 1491 1156 1535 sollicitudini,
1179 1501 1246 1529 quae
1270 1491 1380 1534 reginae
1402 1490 1527 1519 animum
1552 1491 1653 1519 subire

211 1538 274 1564 eos,
299 1530 350 1568 qui
374 1530 510 1568 injuriam
524 1529 591 1558 alus
613 1531 734 1564 faciunt,
756 1539 881 1595 exnffiere
896 1539 912 1559 a
951 1534 1065 1567 posset,
1077 1540 1113 1558 ne
1124 1532 1240 1558 interra
1252 1530 1408 1557 considere
1419 1529 1535 1562 vellent,
1551 1533 1651 1557 osten-

210 1567 298 1597 vobis
316 1573 416 1606 potest
429 1568 511 1602 (haec
531 1568 608 1596 enim
625 1572 693 1597 sunt
715 1572 807 1596 morta
819 1578 847 1596 ιιι
859 1578 909 1597 ar·

209 1607 287 1644 ma),
308 1617 363 1645 pro
380 1607 470 1635 nihilo
493 1607 623 1641 ducitis;
646 1607 751 1635 saltem
772 1606 847 1635 illud
862 1616 907 1635 re-

208 1648 323 1681 putate,
339 1645 412 1674 deos
435 1655 501 1674 esse
516 1645 592 1682 justi
610 1645 774 1683 injustique
788 1644 908 1683 inspec-

207 1686 299 1718 tores,
315 1684 489 1722 injuriaeque
504 1684 613 1712 ultores
626 1686 692 1712 θεῶν
706 1685 728 1712 ὁ·
743 1686 905 1711 ὑποδείσατε

206 1724 295 1757 μῆνιν,
318 1722 378 1752 od.
400 1726 430 1758 β,
452 1723 501 1750 66.
540 1721 576 1749 In
596 1731 669 1750 voce
694 1725 805 1760 sperate
830 1722 906 1750 inest

206 1759 287 1788 notio
302 1765 435 1794 metuere,
458 1759 537 1797 quod
560 1759 699 1796 frequens
724 1763 770 1788 est
793 1759 905 1787 Latinis

205 1798 317 1834 poetis.
364 1797 538 1826 OEconomia
555 1796 694 1824 carminis
717 1797 747 1825 in
770 1796 826 1825 hoc
854 1806 905 1825 oc-

204 1845 295 1864 cursu
318 1835 421 1864 AEneae
447 1838 479 1863 et
502 1834 662 1868 sociorum,
690 1838 721 1863 et
746 1834 775 1862 in
800 1835 903 1862 horum

202 1872 342 1902 laudibus
364 1873 480 1905 AEneae,
499 1882 587 1910 quem
600 1882 649 1900 eas
664 1871 765 1900 audire
787 1872 903 1909 ignora-

206 1911 286 1946 bant,
314 1916 360 1940 est
382 1910 632 1949 praeclara.—-544
652 1909 768 1938 Justior
782 1910 901 1947 pietate,

203 1952 239 1976 ut
259 1949 449 1987 vulgojungi
467 1948 563 1982 video,
586 1948 785 1976 durissimum.
801 1948 901 1976 Praes—

203 1989 248 2015 tat
266 1987 495 2026 interpungere:
518 1986 587 2022 Quo
602 1986 714 2024 justior
734 1986 818 2020 alter,
837 1985 902 2014 Nec

195 2034 243 2063 p„
253 2025 282 2053 h.
298 2036 324 2054 e.
366 2025 435 2062 Quo
449 2034 503 2054 nec
517 2023 720 2062 alterjustior,
739 2033 793 2052 nec
807 2025 901 2061 major

200 2062 260 2094 suit
285 2064 407 2102 pietate,
432 2063 513 2092 bello
537 2066 566 2091 et
588 2062 687 2091 armis,
727 2066 900 2099 Ἀμφότερου,

201 2107 334 2141 βασιλεὺς·
356 2104 379 2130 τ’
399 2104 499 2135 ἀγαθὸς
518 2105 642 2135 κρατερός·
662 2103 685 2128 τ’
704 2102 846 2135 αἰχμητὴς,
861 2101 899 2129 de

201 2143 422 2178 Agamemnone
436 2139 475 2168 11.
487 2153 516 2174 γ,
532 2139 720 2173 179.—546,
739 2140 796 2168 547
816 2139 900 2168 Vesci

200 2188 275 2208 aura
293 2179 445 2216 antiquum
459 2182 517 2210 est,
537 2181 567 2206 et
581 2187 620 2206 ex
641 2177 780 2206 Lucretio
798 2181 897 2206 notum

225 2227 258 2246 ro
265 2217 342 2255 frui.
355 2216 470 2245 occubat
490 2215 608 2250 umbris,
632 2215 780 2254 exquisite
792 2225 897 2244 secuu-

201 2228 274 2285 gum
293 2255 373 2283 illam
394 2254 540 2283 sormam:
561 2254 719 2283 occumbere
739 2253 826 2282 morti
844 2254 897 2282 lib.

200 2294 249 2329 11,
270 2293 317 2322 62.
359 2293 385 2321 A
400 2293 564 2330 tautologia
581 2293 635 2321 hos
658 2293 732 2321 duos
746 2301 851 2320 versus
872 2292 897 2321 si

198 2332 357 2362 liberatum
370 2331 407 2366 is,
427 2331 501 2360 ratio
515 2331 544 2359 in
556 2331 613 2359 hoc
625 2330 795 2369 quaerenda,
817 2331 897 2367 quod

198 2380 235 2399 ea
262 2368 389 2398 maxime
408 2368 489 2398 notio
510 2369 651 2398 disertius
671 2372 701 2398 et
731 2368 896 2406 significan-

196 2408 257 2437 tius
271 2407 442 2445 exponitur,
461 2417 529 2445 quae
542 2407 585 2436 rei
598 2416 741 2436 summam
758 2406 895 2441 continet,

197 2450 229 2475 et
239 2445 287 2475 cuj
301 2446 375 2474 adeo
390 2446 501 2474 animus
517 2446 644 2474 maxime
660 2445 831 2473 immoratur
843 2455 895 2474 seu

194 2483 406 2514 deliberatione
432 2493 484 2512 seu
507 2483 596 2512 animi
622 2483 743 2512 affectu.
767 2483 842 2512 cons.
867 2493 894 2512 v.

196 2524 265 2552 555.
285 2525 316 2550 et
339 2522 406 2550 556.
446 2522 602 2558 Ejusmodi
622 2520 803 2550 iterationem
827 2531 894 2550 sen-

197 2561 296 2590 tentiae
310 2559 496 2589 artificiosam
511 2560 579 2588 vide
594 2560 672 2598 apud
691 2559 797 2589 Juven.
818 2559 893 2594 VII,

196 2600 337 2629 53--55.
358 2597 427 2635 W.)
447 2597 494 2626 Cf.
511 2598 569 2626 Od.
590 2612 614 2632 υ,
630 2599 698 2626 207.
709 2601 734 2631 ξ,
755 2598 803 2626 44.
815 2601 845 2626 et
858 2597 895 2626 al.

195 2638 300 2667 -548
314 2636 382 2665 Non
397 2635 583 2664 metuendum
593 2639 649 2670 est,
666 2646 701 2664 ne
716 2640 745 2664 te
754 2635 896 2674 poeniteat

194 2675 362 2715 aliquando,
383 2673 536 2702 beneficiis
550 2684 603 2702 nos
616 2683 811 2712 provocasse:
840 2684 894 2711 pro

194 2714 242 2744 his
256 2711 450 2745 certissimam
476 2712 699 2742 retributionem
714 2716 892 2751 exspectare

947 1568 1032 1603 dens,
1055 1572 1115 1602 aut,
1137 1568 1231 1596 AEnea
1246 1568 1418 1605 superstite,
1440 1567 1469 1595 in
1484 1566 1602 1595 Italiam
1616 1576 1649 1596 se

948 1607 1124 1644 trajecturos
1155 1616 1236 1639 esse,
1269 1610 1329 1640 aut,
1364 1616 1400 1635 eo
1432 1605 1584 1639 defuncto,
1617 1605 1648 1634 in

947 1644 1080 1673 Siciliam
1118 1644 1282 1673 habitatum
1332 1643 1648 1673 discessuros—551

945 1681 1106 1712 subducere
1114 1682 1243 1717 classem,
1251 1685 1333 1717 ἐρύειν
1342 1685 1449 1717 ἤπειρόν
1457 1687 1485 1710 δε
1497 1681 1631 1710 Homero
1640 1692 1650 1718 3

944 1722 1037 1759 vulgo
1066 1722 1327 1755 mmmmm—552
1354 1721 1391 1748 In
1421 1719 1506 1749 silvis
1546 1720 1647 1748 trabes

944 1764 1044 1796 aptare
1065 1760 1202 1794 navibus,
1223 1763 1253 1788 et
1276 1759 1416 1797 strinyere
1429 1759 1518 1793 ferro,
1546 1768 1648 1796 ampu-

944 1800 1018 1831 tare,
1047 1798 1159 1831 dolare,
1197 1798 1330 1836 adeoque
1364 1797 1481 1826 omnino
1516 1796 1647 1825 incidere

943 1835 1074 1868 arbores,
1094 1845 1160 1872 quae
1174 1845 1229 1872 pro
1251 1836 1341 1864 remis
1361 1835 1431 1870 sint,
1454 1836 1482 1864 h.
1508 1844 1535 1863 e.
1557 1844 1648 1864 naves

941 1872 1072 1901 reficere.
1086 1873 1162 1901 Mox
1177 1883 1227 1901 rex
1242 1884 1296 1910 pro
1310 1874 1432 1907 ducere,
1455 1877 1488 1901 ut
1502 1882 1592 1910 saepe.
1604 1890 1643 1896 —-

941 1911 999 1938 554
1015 1910 1054 1939 Ut
1068 1910 1185 1938 Italiam
1195 1915 1338 1948 petamus,
1358 1911 1447 1939 docte
1462 1911 1584 1944 omisso,
1605 1921 1645 1939 ex

941 1948 1114 1976 Graecorum
1142 1957 1236 1982 more,
1269 1949 1371 1982 verbo,
1399 1959 1415 1976 a
1441 1957 1500 1985 quo
1523 1952 1555 1976 ut
1575 1958 1643 1977 cum

941 1986 1133 2023 subjunctivo
1155 1987 1277 2024 pendet,
1297 1995 1440 2024 royamns,
1460 1985 1543 2013 liceat
1563 1987 1644 2014 nobis

936 2035 991 2062 per
1013 2028 1050 2057 te,
1070 2034 1085 2052 ο
1106 2024 1215 2061 nmina,
1237 2023 1353 2052 Italiam
1370 2028 1513 2061 petamus.
1552 2024 1642 2058 Nam„

941 2062 966 2090 si
988 2062 1189 2090 continuares:
1212 2067 1312 2101 aptare
1333 2062 1428 2090 trabes
1449 2067 1477 2090 et
1500 2062 1643 2101 strinyere

939 2110 1041 2134 remos,
1060 2111 1092 2129 eo
1102 2100 1228 2135 consilio,
1247 2105 1279 2128 uc
1291 2100 1407 2129 Italiam
1415 2104 1556 2138 petamuS,
1570 2111 1640 2139 pro-

938 2139 1050 2167 saicum
1065 2138 1095 2167 id
1110 2139 1202 2167 foret:
1225 2139 1361 2167 similiter
1375 2149 1405 2167 v.
1416 2140 1483 2167 557.
1497 2140 1565 2168 558.
1593 2139 1641 2168 H.

937 2177 955 2206 J
960 2185 1050 2215 unge:
1071 2180 1129 2214 apt.
1143 2182 1183 2205 et,
1198 2181 1263 2210 εἴη,
1275 2181 1315 2205 ut.
1323 2180 1453 2215 petamus
1466 2176 1594 2211 Italiam,
1613 2178 1642 2206 si

937 2215 1110 2243 datar—aut
1148 2215 1291 2249 Siciliam,
1324 2215 1350 2244 si
1381 2214 1460 2243 salus
1497 2215 1639 2245 absumta-

938 2253 1012 2282 Vide
1040 2253 1113 2281 hano
1138 2254 1338 2282 membrorum
1363 2253 1529 2290 posituram
1555 2255 1636 2291 apud

937 2291 1001 2320 Cic.
1024 2291 1113 2320 Catil.
1140 2291 1168 2325 I,
1185 2293 1215 2325 7,
1238 2292 1284 2320 18.
1309 2291 1500 2327 Quamobrem
1518 2291 1638 2326 discede,

935 2334 1020 2368 atque
1033 2329 1104 2357 hunc
1117 2329 1186 2357 mihi
1197 2330 1326 2359 timorem
1340 2329 1428 2367 eripe,
1451 2329 1478 2358 si
1487 2333 1529 2358 est
1539 2339 1635 2364 verus,

935 2378 969 2396 ne
981 2367 1135 2406 opprimar,
1148 2367 1305 2406 sfflsahxus,
1320 2372 1351 2396 nt
1361 2368 1472 2396 tamlem
1482 2367 1636 2405 aliquando

935 2406 1035 2434 timere
1046 2405 1180 2434 desinam.
1212 2407 1279 2435 Non
1289 2416 1391 2435 omnes
1400 2405 1635 2434 constructiones

935 2445 1087 2481 pedestres
1122 2444 1250 2482 indignae
1283 2449 1314 2473 et
1345 2443 1495 2483 fugiendae
1523 2443 1635 2480 potitis.

935 2483 1040 2526 Neque
1076 2482 1245 2520 quisquam,
1278 2483 1370 2512 verbo
1409 2490 1543 2518 royamus
1580 2482 1630 2510 vel

935 2520 1026 2549 simili
1049 2521 1170 2554 omisso,
1184 2525 1215 2549 ut
1229 2531 1296 2550 cum
1313 2518 1502 2557 conjunctivo
1522 2519 1634 2556 posuit.

939 2559 986 2588 W.
1005 2560 1120 2587 -555.
1147 2561 1215 2588 556.
1239 2559 1295 2588 Sin
1315 2558 1444 2586 absumta
1469 2556 1559 2590 salus,
1605 2558 1632 2587 si

934 2597 1013 2625 nulla
1027 2597 1118 2631 salus,
1138 2598 1219 2626 nulla
1236 2596 1340 2626 salutis
1356 2604 1424 2633 spes
1439 2598 1496 2628 est,
1518 2595 1562 2623 sin
1576 2605 1631 2633 pe-

934 2635 1047 2669 riimus,
1067 2635 1214 2674 siquidem
1226 2635 1252 2664 is
1264 2634 1362 2673 periit,
1382 2633 1411 2661 in
1425 2642 1483 2670 quo
1498 2642 1547 2661 res
1561 2643 1630 2662 nos-

933 2679 987 2702 trae
1014 2674 1120 2711 positae
1145 2678 1223 2708 sunt,
1251 2682 1306 2701 una
1332 2681 1399 2699 cum
1421 2671 1629 2710 Iu103—Spes

931 2711 990 2741 Iuli
1003 2717 1103 2741 ornate
1118 2722 1172 2750 pro
1187 2711 1374 2742 Imm—557
1397 2709 1530 2739 Siciliam
1543 2720 1629 2749 repe.
