1796 3077
577 255 843 293 AENEIDOS.
901 254 1002 293 LIB.
1037 254 1086 292 X.

119 378 322 421 Praebuit.
383 379 499 421 Ecce
523 379 679 428 Pharo,
700 392 822 420 voces
843 378 943 419 dum
958 377 1092 432 jactat
1113 378 1280 425 inertes,

119 437 372 491 Intorquens
388 438 578 492 jaculum
598 436 792 477 clamanti
813 436 921 475 sistit
940 436 982 475 in
1003 449 1089 475 ore.

120 493 192 534 Tu
211 508 393 548 quoque,
415 494 640 535 flaventem
657 494 793 546 prima
812 491 1009 545 lanugine
1029 490 1157 531 malas

118 550 236 591 Dum
257 552 442 604 sequeris
465 550 647 605 Clytium
665 547 827 597 infelix,
847 563 956 589 nova
975 548 1143 602 gaudia,
1167 545 1328 600 Cydon,

119 606 350 648 Dardanea
369 615 522 648 stratus
544 608 710 653 dextra,
732 619 904 646 securus
925 618 1125 654 amorum,

122 663 208 709 Qui
225 665 427 717 juvenum
447 665 523 704 tibi
541 677 705 717 semper
724 669 855 710 erant,
876 661 1124 710 miserande,
1141 661 1329 714 jaceres:

121 719 183 760 Ni
203 720 379 761 fratrum
400 722 551 775 stipata
571 720 723 761 cohors
744 719 853 760 foret
873 719 1007 766 obvia,
1025 717 1180 758 Phorci

121 776 377 831 Progenies3
410 785 571 831 septem
591 790 778 824 numero,
801 782 1058 830 septenaque
1080 773 1164 815 tela

122 833 383 888 Conjiciunt:
414 834 566 887 partim
587 832 707 886 galea
727 831 946 885 clipeoque
968 831 1172 871 resultant

119 889 269 939 Irrita3
303 889 478 930 deflexit
497 890 649 943 partim
669 888 916 942 stringentia
936 902 1089 941 corpus

116 946 243 987 Alma
263 946 425 988 Venus.
486 945 640 987 Fidum
655 944 818 986 AEneas
839 943 993 984 affatur
1012 943 1210 985 Achaten
1228 960 1236 983 :

120 1003 313 1058 Suggere
334 1003 417 1045 tela
435 1003 537 1044 mihi
553 1020 561 1052 ;
593 1017 675 1042 non
698 1001 828 1041 ullum
847 1001 1025 1042 dextera
1044 1001 1199 1041 frustra

119 1059 313 1101 Torserit
333 1060 375 1100 in
396 1059 596 1108 Rutulos,
618 1065 823 1099 steterunt
845 1072 940 1111 quae
960 1059 1002 1098 in
1022 1072 1199 1112 corpore
1221 1057 1401 1098 Graium

121 1116 259 1158 Iliacis
280 1118 450 1169 campis.
513 1115 626 1156 Tum
646 1130 840 1169 magnam
859 1115 1032 1168 corripit
1051 1114 1227 1164 hastam,

120 1173 181 1213 Et
195 1174 297 1227 jacit
315 1189 323 1213 :
354 1173 422 1213 illa
442 1172 584 1213 volans
601 1171 725 1225 clipei
744 1172 1055 1212 transverberat
1075 1186 1160 1211 aera

118 1229 313 1279 BIaeonis,
334 1238 376 1270 et
396 1229 570 1270 thoraca
591 1227 712 1268 simul
731 1242 824 1268 cum
845 1234 1018 1281 pectore
1039 1228 1209 1281 rumpit.

119 1285 235 1327 Huic
255 1286 386 1327 frater
406 1286 519 1326 subit
536 1284 736 1333 Alcanor,
759 1284 1017 1337 fratremque
1038 1292 1228 1324 ruentem

119 1343 346 1384 Susteffiat‘
356 1343 507 1383 dextra
524 1358 533 1382 :
566 1342 742 1395 trajecto
762 1341 886 1381 missa
906 1340 1064 1381 lacerto

119 1399 320 1440 Protinus
341 1399 462 1439 hasta
482 1399 603 1452 fugit,
622 1406 842 1450 servatque
864 1403 1038 1437 cruenta
1058 1404 1244 1437 tenorem
1261 1412 1270 1444 3

121 1455 400 1510 Dexteraque
421 1470 474 1495 ex
493 1454 670 1495 humero
691 1454 828 1494 nervis
848 1453 1098 1493 moribunda
1117 1452 1332 1506 pependit.

119 1512 234 1553 Tum
254 1512 468 1560 Numitor,
485 1510 626 1566 jaculo
647 1510 787 1551 fratris
807 1510 859 1550 de
881 1524 1057 1563 corpore
1081 1517 1215 1564 rapto,

122 1569 306 1610 AEneam
327 1569 470 1623 petiit3
503 1568 578 1609 sed
600 1583 684 1609 non
704 1575 747 1608 et
766 1567 897 1621 figere
917 1574 1063 1607 contra

119 1626 203 1667 Est
221 1625 393 1674 licitum,
416 1626 640 1679 magnique
661 1624 797 1665 femur
812 1624 1058 1677 perstrinxit
1078 1622 1272 1664 Achatae.

120 1683 206 1724 Hic
229 1682 425 1730 Curibus,
447 1681 584 1722 fidens
603 1682 800 1735 primaevo
823 1694 1014 1733 corpore,
1039 1680 1215 1721 Clausus

122 1739 322 1789 Advenit,
337 1746 379 1780 et
399 1738 535 1794 rigida
555 1738 774 1792 Dryopem
794 1736 890 1778 ferit
910 1737 1069 1778 eminus
1090 1737 1211 1778 hasta

1483 1113 1567 1154 335

1484 1396 1572 1436 340

1486 1680 1540 1721 ἐξ

1544 1680 1571 1719 Cir

121 1895 180 1924 322
195 1905 274 1924 voces
287 1895 411 1924 inertes:
433 1895 502 1934 quia
526 1894 630 1924 inertis
654 1894 781 1923 hominis
797 1898 827 1924 et
865 1894 950 1923 hasta
964 1893 1093 1932 clipeum
1111 1897 1141 1923 et
1162 1894 1312 1923 thoracem
1329 1904 1361 1924 ac
1382 1898 1489 1932 pectus
1508 1898 1568 1924 tra-

120 1933 250 1963 imbellis
270 1938 328 1969 est,
342 1935 469 1963 clamare
493 1938 523 1963 et
543 1934 678 1963 convicia
697 1934 825 1971 jactare,
861 1933 931 1970 jicit
946 1934 1094 1969 Maeonis}
1115 1933 1202 1961 hasta
1220 1933 1277 1962 alia
1296 1934 1332 1961 ab
1347 1934 1440 1962 rEnea
1460 1934 1569 1962 emissa

121 1973 175 2001 ubi
188 1973 346 2011 pugnando
359 1983 434 2010 opus
447 1977 520 2001 erat.
865 1971 1019 2000 brachium
1035 1972 1189 2001 Alcanoris
1211 1972 1370 2010 transfigit,
1395 1976 1426 2001 et
1451 1974 1571 2011 trajecto

161 2012 218 2040 325
239 2022 313 2040 nova
334 2011 440 2055 gandia
460 2021 516 2049 pro
530 2021 576 2045 eo,
591 2011 642 2049 qui
654 2015 777 2045 amatur,
791 2013 825 2039 τὰ
865 2009 970 2038 lacerto
975 2011 1057 2048 sugit
1072 2011 1220 2048 protinus,
1238 2020 1340 2048 porrO,
1354 2011 1479 2040 ulterius
1494 2012 1568 2045 abit,

124 2053 244 2085 παιδικὰ,
257 2050 376 2079 deliczoe.
389 2060 462 2078 nova
476 2051 549 2078 bene
561 2050 647 2078 Serv.
657 2059 744 2088 quem
762 2049 822 2086 pri-
863 2053 1015 2087 servatque
1039 2050 1272 2077 tenorem—341
1288 2050 1399 2087 pendet
1414 2059 1452 2078 ex
1474 2050 1570 2078 tendi·

121 2098 203 2122 mum
216 2097 286 2117 tune
297 2099 393 2119 amare
405 2093 549 2127 coeperat.
559 2098 687 2122 securus,
699 2087 825 2119 oblitus.
863 2088 950 2116 nibus
966 2097 1000 2115 ac
1019 2088 1175 2122 musculis,
1197 2097 1273 2125 quos
1295 2089 1397 2125 poeta,
1412 2091 1447 2116 ut
1462 2088 1572 2116 Horat.

123 2126 266 2162 inmorte,
277 2137 330 2157 nec
342 2137 454 2156 memor
467 2127 576 2155 amoris
588 2137 762 2165 puerorum,
775 2127 826 2164 qui
865 2126 924 2154 Od.
941 2126 969 2160 I,
981 2126 1030 2154 28.
1047 2127 1092 2159 13,
1105 2136 1206 2154 nervos
1219 2125 1362 2163 appellat,
1378 2126 1495 2155 dextera
1509 2137 1571 2154 mo·

123 2165 180 2193 tibi
194 2175 314 2203 semper
333 2170 406 2195 erat.
452 2166 521 2194 Non
535 2165 654 2194 diverse
668 2167 759 2202 potita
772 2176 825 2204 po·
865 2164 1004 2193 ribunda:
1026 2164 1123 2202 qualis
1144 2174 1210 2193 esse
1229 2164 1305 2192 solet
1323 2165 1493 2193 moribundi
1514 2165 1570 2194 ho-

125 2204 391 2239 sueratlib.I,350
400 2214 651 2233 securusamorum
661 2203 827 2238 Germanae,
866 2203 966 2238 minis,
988 2203 1237 2241 languida—342
1252 2203 1364 2240 fratris
1389 2203 1422 2231 de
1440 2213 1570 2242 corpore,

125 2252 182 2270 non
196 2252 313 2276 curans,
324 2243 597 2281 respiciens.—331
607 2253 653 2277 ea,
663 2253 729 2281 quae
740 2243 828 2272 strin-
867 2242 996 2270 Maeonis
1012 2246 1094 2279 puta,
1108 2241 1133 2269 si
1146 2251 1202 2269 una
1212 2242 1316 2277 hast23
1337 2242 1383 2270 sin
1397 2242 1476 2277 duze,
1489 2243 1570 2280 quod

126 2291 198 2317 gere
218 2284 368 2318 poterant,
392 2281 515 2318 deflexit,
539 2285 571 2310 ut
591 2282 669 2311 Juno
689 2281 744 2310 lib.
763 2281 828 2315 IX,
868 2280 979 2317 verius„
993 2280 1257 2317 Alcanoris-flyere
1269 2284 1382 2314 contra,
1395 2284 1476 2312 πῆξαι
1498 2285 1571 2309 ἀντι-

125 2320 195 2348 725.
207 2320 267 2348 726
280 2319 310 2347 in
323 2319 442 2348 Turno:
465 2320 588 2349 deorum
615 2320 692 2358 apud
715 2320 828 2349 Home·
868 2323 923 2353 κρὺ,
949 2319 979 2347 in
1002 2319 1128 2348 adverso
1149 2319 1253 2347 AEneae
1268 2328 1405 2356 corpore.
1421 2320 1573 2359 maynique

124 2368 192 2387 rum
207 2357 345 2396 exemplo
359 2357 435 2391 Ita,
451 2359 508 2388 129
522 2369 607 2397 sqq-2
630 2373 654 2393 e,
671 2360 726 2387 187
745 2369 829 2397 sq.—
861 2360 973 2396 femur.
1029 2357 1131 2386 Simile
1156 2357 1264 2386 vulnus
1292 2357 1332 2386 Il.
1359 2360 1384 2391 0,
1412 2358 1479 2386 302.
1500 2369 1570 2397 per-

125 2398 183 2426 333
197 2396 327 2435 Suyyere
342 2395 398 2424 tela
412 2396 497 2425 mihi:
518 2397 640 2426 heroum
650 2397 829 2426 Homerico—
867 2396 987 2425 strinxit
1011 2406 1086 2424 nunc
1109 2406 1164 2434 pro
1188 2395 1329 2434 simplici,
1353 2396 1486 2430 strinxit,
1505 2407 1572 2426 naux

126 2445 194 2464 rum
216 2445 307 2473 opes:
339 2435 490 2464 hastarum
516 2436 604 2473 copia
627 2436 657 2464 in
686 2436 829 2472 armari03
868 2435 977 2464 leviter
991 2435 1165 2463 strinxerat.

126 2474 197 2502 vide
217 2473 332 2502 omnino
353 2473 392 2501 11.
416 2487 440 2508 v,
463 2474 520 2502 260
545 2485 611 2512 sqq.
638 2479 711 2513 puta
736 2475 829 2513 igitur
907 2475 963 2503 345
995 2473 1128 2506 Clausus,
1155 2472 1206 2511 qui
1230 2473 1346 2502 Latinis
1371 2473 1497 2502 Sabinos
1523 2474 1576 2502 ad-

127 2511 228 2541 hastas
243 2523 281 2542 ex
295 2512 402 2550 pugnis
416 2522 482 2540 cum
498 2512 622 2541 Achivis
636 2513 778 2542 collectas
799 2518 830 2542 et
869 2513 1016 2541 duxerat:
1040 2522 1070 2540 v.
1095 2512 1172 2544 VII.
1195 2513 1262 2541 106.
1302 2513 1378 2541 Sunt
1396 2512 1488 2550 igitur
1501 2513 1576 2542 Tro-

128 2550 560 2588 diligenterservatasAEneam
571 2560 669 2580 secum
682 2552 830 2581 attulisse.
865 2551 940 2588 jani,
966 2561 1040 2589 quos
1062 2549 1113 2578 ille
1136 2550 1237 2579 caedit.
1279 2551 1409 2580 Videtur
1430 2551 1520 2589 poe'ta
1545 2551 1575 2578 in

128 2599 185 2617 ποιι
198 2588 286 2618 ullum
300 2589 543 2626 dextera-riuum
556 2589 684 2618 torserit.
714 2590 830 2619 Home·
869 2590 1002 2618 Claudiae
1017 2588 1125 2627 gentiS,
1142 2599 1209 2627 quae
1224 2589 1260 2618 ab
1282 2599 1317 2618 eo
1331 2589 1477 2628 originem
1492 2599 1577 2617 suam

129 2627 193 2655 rica
206 2627 343 2665 gloriatio
358 2627 586 2665 Polydamantis
599 2627 637 2656 Il.
652 2632 677 2662 ξ,
689 2630 746 2658 453
764 2639 831 2667 sqq.
870 2628 1038 2665 repetebat,
1058 2627 1201 2656 honorem
1212 2627 1290 2656 hunc
1305 2628 1446 2657 Clausum
1461 2637 1575 2656 ornare.

129 2665 206 2694 —In
221 2676 282 2694 vss.
296 2666 452 2695 339-340
467 2676 625 2703 sequamur
639 2666 680 2701 id,
696 2668 777 2706 quod
794 2669 832 2697 ad
864 2667 956 2704 fidens
982 2676 1037 2703 pro
1068 2666 1191 2701 liabens,
1218 2676 1303 2695 usus.
1338 2670 1402 2695 ἀλκὶ
1433 2668 1578 2694 πεποιθώς.

131 2703 221 2733 fidem
235 2704 401 2735 faciendam
419 2705 683 2744 expeditissimum
695 2712 759 2744 est3
774 2716 832 2736 una
871 2705 922 2735 Sic
947 2704 1018 2734 alibi
1033 2704 1126 2742 fidens
1142 2705 1262 2743 juventa
1284 2705 1404 2736 viribus.
1445 2704 1577 2741 Dryops,
