1796 3077
185 276 280 320 530

590 275 632 312 P.
665 275 896 312 VIRGILII
923 275 1176 315 MARONIS

186 391 246 432 Et
265 392 386 447 galea
407 393 638 447 Euryalum
657 393 857 435 sublustri
877 395 1012 436 noctis
1028 395 1071 435 in
1089 397 1238 437 umbra

185 447 380 490 Prodidit
401 452 694 500 immemorem,
716 451 928 505 radiisque
949 452 1125 493 adversa
1145 453 1322 494 refulsit.

183 505 314 546 Haud
329 515 483 549 temere
500 514 563 547 est
575 507 719 548 visum.
770 507 1015 550 Conclamat
1030 510 1082 549 ab
1100 511 1263 564 agmine
1277 510 1482 555 Volscens
1499 530 1509 556 :

1541 515 1566 555 00

1600 513 1627 552 m

185 561 303 603 State
325 564 398 604 viri
416 581 424 612 3
457 579 552 616 quae
573 579 700 605 causa
719 566 828 605 viae?
859 566 982 619 quive
1003 567 1102 606 estis
1123 567 1164 607 in
1184 568 1336 608 armis?

187 618 339 664 Quove
361 621 510 661 tenetis
531 621 610 661 iter
628 623 644 662 ἲ
676 621 798 661 Nihil
818 621 875 661 illi
897 623 1069 663 tendere
1091 631 1264 673 contra3

185 675 270 715 Sed
292 675 475 718 celerare
496 676 639 731 fugam
658 678 700 718 in
721 678 855 727 silvas,
877 686 919 719 et
939 679 1073 720 fidere
1092 680 1216 721 nocti.

185 731 405 786 Objiciunt
425 735 587 787 equites
611 749 702 775 sese
723 736 777 775 ad
795 735 976 776 divortia
996 743 1097 777 nota

181 787 294 830 Hinc
312 798 438 844 atque
459 791 570 840 hinc,
598 807 846 846 omnemque
867 793 1027 834 abitum
1047 793 1222 834 custode
1243 802 1461 835 coronant.

1547 794 1631 834 380

182 844 295 886 Silva
314 846 406 896 fuit,
429 847 512 889 late
532 848 668 888 dumis
689 856 815 903 atque
835 849 928 890 ilice
949 851 1068 904 nigra

183 901 386 953 Horrida,
408 920 533 958 quam
555 905 673 946 densi
693 905 951 960 complerant
971 907 1157 960 undique
1180 914 1345 957 sentes3

182 958 300 1000 Rara
319 976 396 1014 per
415 961 600 1003 occultos
621 961 790 1004 lucebat
811 964 956 1004 semita
976 963 1115 1004 calles.

180 1015 415 1071 Euryalum
437 1020 622 1059 tenebrae
643 1034 852 1065 ramonum
872 1035 1132 1073 onerosaque
1152 1021 1298 1074 praeda

181 1072 435 1128 Impediunt,
457 1075 644 1129 fallitque
666 1076 789 1116 timor
808 1077 979 1130 regione
1001 1077 1173 1116 viarum.

1542 1078 1628 1117 385

182 1129 314 1171 Nisus
336 1132 444 1172 abit:
471 1133 645 1186 jamque
666 1133 910 1187 imprudens
931 1140 1121 1174 evaserat
1140 1133 1298 1182 hostes,

181 1186 326 1241 Atque
346 1187 461 1229 lacus
478 1205 488 1238 ;
519 1190 592 1243 qui
611 1197 708 1244 post
729 1188 854 1230 Albae
876 1190 929 1230 de
950 1191 1116 1230 nomine
1136 1191 1236 1231 dicti

179 1243 337 1285 Albani
354 1261 362 1285 ε
395 1251 483 1285 tum
503 1260 580 1286 rex
600 1245 764 1286 stabula
785 1245 868 1286 alta
889 1245 1067 1286 Latinus
1088 1247 1288 1286 habebat.

180 1299 242 1341 Ut
262 1302 389 1350 stetit,
411 1308 452 1342 et
472 1301 627 1343 frustra
646 1303 862 1343 absentem
881 1304 1068 1356 respexit
1088 1303 1288 1344 amicum:

179 1356 381 1412 Euryale,
402 1357 546 1399 infelix
567 1374 651 1411 qua
670 1365 712 1399 te
733 1359 904 1412 regione
925 1358 1073 1412 reliqui
1090 1361 1106 1399 ’ζ
1546 1359 1629 1399 090

181 1413 332 1459 Quave
353 1416 529 1468 sequar?
562 1414 728 1455 Rursus
748 1414 999 1468 perplexum
1018 1416 1099 1455 iter
1120 1429 1240 1456 omne
1264 1413 1483 1456 revolvens

179 1469 355 1511 Fallacis
376 1471 503 1520 silvae,
526 1470 646 1511 simul
666 1478 709 1511 ct
730 1471 904 1525 vestigia
922 1478 1037 1512 retro

180 1527 420 1568 Observata
439 1527 552 1582 legit,
581 1528 803 1581 dumisque
824 1527 1041 1569 silentibus
1061 1535 1185 1569 errat.

168 1582 316 1624 -Audit
337 1599 483 1638 equos,
506 1585 623 1625 audit
643 1585 842 1638 strepitus
864 1591 907 1625 et
927 1586 1046 1640 signa
1066 1591 1328 1638 sequentum.

177 1640 272 1681 Nec
292 1639 463 1695 longum
482 1641 525 1681 in
544 1642 682 1682 medio
702 1648 868 1696 tempus
885 1657 893 1682 ε

934 1657 1063 1696 quum
1083 1641 1238 1683 clamor
1259 1642 1313 1683 ad
1333 1655 1456 1682 aures
1542 1641 1627 1680 395

179 1697 389 1746 Pervenit,
408 1713 456 1739 ac
476 1699 590 1739 videt
610 1698 867 1752 Euryalum3
900 1713 1024 1752 quem
1038 1699 1127 1753 jam
1146 1714 1292 1739 manus
1312 1699 1457 1746 omnis,

178 1753 348 1795 Fraude
368 1754 448 1795 loci
469 1762 511 1796 et
531 1756 680 1805 noctis,
703 1755 842 1796 subito
863 1757 1061 1796 turbante
1082 1755 1275 1804 tumultu,

179 1811 445 1865 Oppressum
465 1813 588 1865 rapit,
616 1820 659 1852 et
679 1819 898 1853 conantem
920 1812 1100 1866 plurima
1118 1813 1288 1853 frustra.

178 1867 295 1914 Quid
316 1867 469 1909 faciat?
502 1883 585 1922 qua
604 1870 643 1909 vi
658 1869 868 1922 juvenem,
890 1869 1042 1922 quibus
1063 1870 1218 1910 audeat
1239 1869 1362 1910 armis

170 1979 262 2013 ponto
287 1985 316 2004 v.
332 1975 400 2003 238.
416 1975 491 2004 conf.
513 1974 550 2004 ad
572 1986 600 2004 v.
622 1977 785 2006 195.—375
807 1976 883 2006 hami

177 2018 281 2042 temere
293 2018 335 2042 est
346 2014 448 2048 visum,
464 2024 511 2043 res
523 2014 727 2044 animadversa
741 2020 788 2044 est
803 2016 882 2044 haud

175 2052 206 2080 in
222 2063 346 2088 vanum;
368 2062 425 2080 non
444 2053 583 2091 neglecta
599 2056 755 2083 est-377
769 2055 882 2083 tendere

176 2096 259 2120 recte
274 2092 360 2121 Serv,
381 2091 408 2119 h.
430 2091 450 2120 l.
478 2092 578 2120 verbis
597 2092 718 2122 tendere
735 2094 880 2122 adversus

176 2129 316 2167 aliquem,
328 2130 357 2158 h.
368 2131 661 2167 respondere—379
671 2131 796 2160 ‹IiuortIa
810 2133 880 2160 doc-

175 2168 234 2196 tius
261 2178 349 2206 quam
376 2169 665 2199 diverticula—3253
688 2170 798 2199 Iacebat
819 2170 880 2199 ele-

178 2213 279 2243 ganter
298 2207 336 2236 de
350 2207 399 2235 via
413 2207 489 2236 inter
504 2208 610 2236 dumos
630 2212 660 2237 et
673 2209 816 2238 silvarum
834 2213 879 2238 te-

176 2246 294 2274 nebras.
343 2246 378 2274 Iu
404 2246 490 2274 silvis
518 2251 586 2275 sunt
607 2247 710 2281 sallus,
733 2248 824 2277 colles
850 2252 881 2276 et

176 2283 281 2317 valles,
303 2284 461 2322 pascendis
476 2285 618 2324 gregibus
642 2290 740 2323 aptae·,
767 2287 805 2315 ad
820 2286 880 2315 ista

175 2321 242 2350 loca
263 2323 375 2352 ducunt
390 2322 485 2357 calles,
505 2324 572 2352 loca
585 2325 697 2361 pecudi
712 2325 830 2363 pervia,
850 2329 880 2353 et

176 2360 205 2388 in
218 2360 262 2389 his
277 2362 346 2395 viae,
366 2361 494 2396 semitae,
511 2362 621 2400 quibus
644 2368 780 2401 pastores
801 2364 878 2392 inoe-

176 2399 261 2427 dunt.
302 2400 450 2428 Dicuntur
463 2401 505 2429 ita
518 2401 646 2438 junctim
668 2402 747 2439 apud
758 2402 878 2431 Livium

173 2437 266 2465 saltus
278 2438 427 2476 callesque,
441 2439 518 2472 loca,
539 2439 648 2477 quibus
661 2441 796 2480 pecudes
809 2450 880 2478 pas-

176 2479 294 2504 cuntur.
340 2477 422 2515 Ergo
439 2478 524 2506 calles
548 2478 664 2516 accipio
683 2479 722 2507 de
741 2483 805 2508 toto
822 2479 875 2508 illo

175 2514 301 2556 dumoso
323 2518 430 2550 tractu,
454 2516 507 2554 qui
522 2520 587 2545 erat
605 2514 748 2555 pe'rviu53
774 2517 804 2546 in
819 2518 876 2547 hoc

174 2556 288 2586 semila,
307 2563 373 2590 quae
387 2558 505 2583 euntem
519 2555 660 2590 ducebat,
673 2556 703 2584 h.
718 2566 745 2584 e.
759 2556 875 2585 semitae

174 2600 262 2624 rarae,
274 2600 390 2628 paucae,
410 2596 502 2621 erant.
542 2593 612 2623 Nisi
625 2594 756 2629 doctius,
775 2595 805 2622 in
815 2595 876 2623 vir-

173 2629 256 2668 gulto
275 2638 355 2663 raro,
378 2630 474 2658 minus
491 2631 767 2671 densa—fallitque
789 2633 876 2663 timor

160 2667 287 2706 ,regione
308 2667 429 2701 viarum,
451 2669 480 2696 h.
500 2669 560 2702 via,
582 2672 820 2710 periphrastice3
841 2677 875 2700 ut

171 2707 324 2735 aberraret
350 2716 366 2734 a
387 2706 445 2734 via.
463 2709 542 2745 reyio
554 2708 643 2743 linea,
663 2710 788 2740 directio
810 2711 873 2745 vim,

171 2749 201 2773 et
223 2744 339 2783 poetice
357 2744 479 2780 viarum,
499 2756 554 2784 pro
574 2747 641 2785 ipsa
664 2749 731 2785 via3
751 2749 806 2779 lib.
826 2750 872 2785 11,

919 1977 988 2006 737.
1002 1978 1091 2006 timor
1113 1978 1190 2016 ipse,
1215 1987 1251 2006 ne
1266 1977 1294 2005 in
1309 1976 1411 2004 hostes
1434 1974 1589 2009 incideret,
1606 1987 1622 2004 a

921 2017 979 2049 via,
1003 2027 1062 2054 qua
1076 2016 1153 2045 elabi
1167 2020 1296 2054 poterat,
1322 2013 1554 2042 ahmein-380
1567 2015 1626 2044 abit

920 2058 952 2081 ut
962 2054 1015 2083 lib.
1028 2055 1065 2088 V,
1077 2056 1149 2083 3125:
1173 2054 1292 2083 Primus
1304 2053 1363 2080 abit
1377 2056 1435 2080 etc.
1450 2051 1627 2090 imprudens,

920 2093 1084 2126 Euryalum
1108 2092 1285 2121 remansisse
1303 2101 1360 2119 non
1374 2090 1625 2120 animadvertens.

919 2126 1036 2159 —Iu'cus
1049 2130 1181 2160 Albanus
1203 2130 1385 2168 aliquantum
1404 2139 1474 2157 sane
1495 2140 1511 2158 a
1525 2134 1624 2158 castro

920 2170 1125 2207 Trojanorum,
1157 2179 1210 2198 seu
1235 2179 1312 2197 nova
1335 2168 1434 2205 Trqja,
1461 2168 1568 2202 abfuit,
1595 2173 1625 2197 et

920 2210 1031 2246 majore
1053 2210 1151 2236 forsan
1168 2207 1334 2239 intervallo,
1357 2216 1444 2244 quam
1468 2211 1499 2235 at
1518 2204 1623 2244 pau'cis

920 2247 1000 2275 horis
1024 2257 1040 2276 a
1062 2247 1159 2275 media
1173 2250 1262 2274 nocto
1272 2246 1308 2274 ad
1326 2245 1388 2274 diei
1406 2249 1503 2273 ortum
1520 2255 1556 2274 eo
1574 2255 1623 2274 us-

918 2295 976 2323 que
988 2295 1164 2324 procurrere
1177 2285 1310 2323 potuerit
1321 2284 1428 2313 Nisus.
1462 2284 1623 2312 Enimvero

918 2334 975 2352 non
999 2325 1073 2353 adeo
1088 2324 1268 2362 geometrica
1294 2322 1459 2351 subtilitate
1478 2323 1506 2350 iu
1526 2323 1615 2360 poeta

917 2363 1059 2391 utendum
1086 2367 1143 2396 est,
1168 2362 1220 2401 qui
1244 2363 1360 2390 omnino
1386 2361 1504 2399 longius
1531 2370 1619 2388 cursu

918 2407 1055 2430 evectum
1066 2402 1173 2430 Nisum
1187 2400 1338 2430 declarare
1352 2399 1456 2428 voluit.
1497 2398 1621 2426 Poterat

917 2439 943 2467 is
963 2440 1060 2468 lacum
1082 2440 1242 2473 Albanum,
1261 2439 1426 2477 longinquo
1446 2436 1503 2465 etsi
1525 2437 1621 2480 spatio

915 2478 1012 2507 adhuc
1037 2479 1189 2511 dissitum,
1216 2483 1313 2507 tamen
1341 2474 1550 2515 praetergredi,
1578 2480 1619 2511 et,

914 2517 985 2546 dum
1026 2527 1130 2546 versus
1163 2516 1301 2545 Tiberim
1334 2514 1438 2548 tendit,
1474 2522 1499 2556 'a
1533 2517 1620 2557 tergo

914 2555 1082 2594 relinquere
1102 2565 1230 2594 eumque
1259 2554 1397 2586 evadere,
1425 2555 1483 2580 etsi
1504 2551 1621 2590 aliquot

914 2594 1046 2623 millibus
1073 2595 1109 2623 ab
1136 2604 1172 2623 eo
1198 2594 1329 2622 abesset.
1386 2590 1436 2618 Ad
1460 2590 1618 2634 oculorum

913 2643 1033 2662 sensum
1048 2633 1112 2662 haec
1134 2633 1162 2661 in
1175 2632 1307 2661 locorum
1321 2629 1443 2667 planme
1457 2632 1525 2657 sunt
1538 2629 1617 2666 diju-

913 2672 1143 2701 dicandae-358
1161 2670 1283 2699 stabula.
1302 2668 1410 2696 habent
1423 2677 1509 2706 reges
1529 2677 1617 2695 suum

912 2715 1034 2745 τέμενος,
1055 2720 1128 2747 ergo
1149 2713 1178 2738 et
1198 2716 1315 2747 greges,
1332 2710 1365 2734 ut
1387 2716 1416 2735 v.
1436 2706 1504 2735 274.
1524 2705 1616 2744 campi

912 2750 990 2788 quod
1006 2759 1056 2777 rex
1078 2749 1159 2777 hahet
1179 2746 1237 2785 ipse
1257 2745 1391 2774 Latinus.
