1796 3077
540 209 879 252 GEORGICON.
938 213 1042 252 LIB.
1075 214 1108 252 Ι.
1484 221 1545 265 69

95 329 317 385 Quidquid
335 330 416 372 eris
437 333 548 387 (nam
568 341 610 376 te
630 347 708 374 nec
727 340 898 388 sperent
918 333 1101 376 Tartara
1119 349 1275 391 regem,

94 387 191 429 Nec
211 389 286 429 tibi
301 392 506 443 regnandi
523 392 663 433 veniat
681 397 767 431 tam
789 391 882 432 dira
901 392 1070 446 cupido,

95 443 298 491 Quamvis
318 444 486 500 Elysios
506 447 680 490 miretur
698 447 868 490 Graeeia
887 463 1071 503 campos,

95 499 191 542 Nec
209 502 389 555 repetita
409 506 528 559 sequi
547 512 666 547 curet
686 503 942 559 Proserpina
962 505 1150 560 matrem)
1166 523 1176 556 ;

94 556 166 598 Da
184 557 349 600 facilem
367 574 549 610 cursum,
578 569 706 616 atque
726 561 957 602 audacibus
976 577 1112 604 annue
1132 563 1283 618 coeptis
1491 560 1549 603 40

95 612 355 670 Ignarosque
375 618 452 659 viae
471 633 634 660 mecum
653 618 872 659 miseratus
894 626 1080 673 agrestes

94 669 338 725 Ingredere,
368 683 411 716 et
430 676 535 716 votis
549 676 637 730 jam
655 690 766 716 nunc
785 689 978 717 assuesce
999 675 1154 717 vocari.

152 727 266 769 Vere
286 744 407 781 novo,
437 731 600 786 gelidus
619 732 732 773 canis
754 746 883 785 quum
902 733 1113 773 montibus
1133 732 1284 772 humor

97 783 308 838 Liquitur,
338 794 381 828 et
403 788 606 843 Zephyro
626 788 760 842 putris
781 803 825 828 se
845 787 970 841 gleba
988 788 1169 837 resolvit,

97 839 315 896 Depresso
335 844 505 899 incipiat
519 845 607 899 jam
627 852 716 885 tum
736 843 837 884 mihi
857 851 1001 885 taurus
1021 852 1161 885 aratro
1495 843 1551 884 45

95 896 327 952 Ingemere,
357 907 401 941 et
421 900 535 942 sulco
555 902 721 942 attritus
738 899 1029 955 splendescere
1050 915 1204 942 vomer.

97 953 175 995 Illa
195 969 315 1010 seges
336 957 504 998 demum
524 959 631 999 votis
651 957 882 1012 respondet
901 958 1017 998 avari

95 1010 323 1065 Agricolae,
352 1014 418 1054 bis
438 1029 533 1069 quae
553 1014 695 1064 solem,
726 1015 790 1054 bis
810 1014 967 1069 frigora
987 1015 1138 1064 sensit3

99 1067 213 1108 Illius
233 1069 444 1112 immensae
464 1078 671 1126 ruperunt
690 1071 844 1112 horrea
864 1085 1035 1112 messes.

153 1123 216 1166 At
234 1127 350 1179 prius
379 1128 569 1182 ignotum
587 1128 700 1170 ferro
720 1142 846 1182 quam
867 1128 1092 1169 scindimus
1114 1141 1272 1182 aequor,
1500 1128 1555 1167 50

97 1216 152 1245 hoc
164 1216 541 1258 simplicissimum—justa
549 1219 619 1258 plus
626 1224 725 1258 parte,
744 1219 804 1249 ele-

98 1259 209 1293 ganter,
231 1256 345 1295 signum
358 1259 478 1296 majoris
490 1259 675 1288 reverentize.

135 1294 252 1323 36—39
276 1296 436 1334 Exquisita
458 1297 596 1326 orationis
617 1297 807 1326 conversione

96 1331 245 1370 eloquitur
271 1334 408 1364 ultimum
436 1335 528 1364 illud:
560 1346 595 1364 an
622 1336 724 1365 inferis
750 1336 807 1365 diis

98 1371 207 1400 ascribi
227 1372 323 1401 velis:
350 1375 431 1411 quod
445 1375 535 1412 poeta
554 1375 636 1404 nolit.
679 1374 808 1403 Tartara

98 1409 213 1439 omnino
229 1421 282 1449 pro
294 1411 367 1441 locis
380 1413 634 1442 inferis.—mirtrri
648 1413 677 1442 11.
695 1414 716 1442 l.
731 1414 807 1442 cele-

99 1447 195 1482 brare,
226 1449 327 1479 multis
351 1451 451 1481 verbis
477 1452 669 1481 ornare.-38
698 1452 766 1481 Etsi
791 1462 808 1481 a

98 1487 207 1523 poetis,
233 1487 338 1526 inquit,
364 1490 479 1519 Graecis
500 1491 537 1519 de
559 1491 672 1529 campis
697 1490 808 1528 Elysiis

99 1525 193 1554 multa
224 1527 376 1565 magnifice
410 1533 638 1557 commemorata
669 1533 748 1562 sunt,
780 1533 810 1557 et

103 1563 281 1603 Proserpina
292 1565 322 1594 in
336 1566 409 1595 locis
423 1567 522 1595 inseris
537 1566 593 1595 sibi
605 1567 677 1594 adeo
693 1566 810 1604 placere

99 1602 203 1631 dicitur
212 1626 219 1637 ‚
236 1608 269 1632 ut
279 1604 345 1633 inde
358 1605 454 1633 redire
465 1605 546 1633 nolit.
567 1606 605 1633 39
617 1604 811 1639 Nec—curet,

99 1641 184 1675 nolit,
206 1641 342 1677 noluerit,
364 1653 416 1671 seu
433 1647 466 1672 ut
486 1643 613 1671 fabulam
634 1643 671 1671 de
687 1643 812 1671 Proser-

100 1679 169 1716 pina
185 1680 335 1717 respiciat,
357 1691 423 1718 quae
439 1691 514 1709 nunc
532 1681 693 1719 ignoratur,
714 1685 747 1709 ut
765 1681 815 1709 illa

103 1727 158 1745 non
176 1723 287 1752 coacta,
310 1723 343 1747 ut
363 1719 453 1757 vulgo
471 1720 575 1753 fertur,
597 1720 649 1748 sed
669 1719 772 1747 lubens
785 1719 815 1748 in

102 1755 202 1784 inferis
222 1756 376 1793 manserit3
398 1767 463 1785 nam
478 1762 609 1786 comesta
622 1757 690 1786 mali
710 1757 815 1785 Piuiici

104 1804 191 1832 grana
212 1794 269 1823 huc
288 1795 339 1823 vix
359 1796 461 1824 referri
482 1800 625 1833 possunt3
658 1806 711 1823 seu
730 1800 763 1824 ut
781 1805 815 1824 ea

103 1842 179 1861 nunc
192 1833 323 1861 reditura
334 1843 388 1861 non
405 1833 444 1862 sit
456 1834 506 1862 vel
522 1844 538 1862 a
552 1837 646 1862 matre
660 1838 814 1862 vocata.—

102 1872 139 1899 41
168 1881 275 1899 mecum
298 1871 450 1900 miseratus
466 1873 558 1911 junge
583 1872 814 1910 interpretando,

103 1919 188 1947 opem
208 1910 285 1938 enim
303 1910 379 1939 ferre
393 1915 524 1949 rogatur.
544 1921 573 1939 v.
590 1912 629 1940 42
656 1911 721 1949 jam
741 1922 815 1939 nunc

103 1957 243 1982 assuesce,
275 1952 378 1986 utpote
399 1950 472 1978 deus
497 1949 815 1994 futuruS.-—i119re‹lere

105 1990 213 2021 autem,
233 1986 339 2024 incipe,
361 1991 395 2016 ut
409 1988 462 2017 Ge.
484 1987 531 2022 ΙΙ,
554 1989 612 2017 174
630 1988 763 2026 inprimis
778 1990 815 2017 de

106 2024 241 2054 dicturo:
272 2025 324 2053 Sic
354 2030 455 2055 contra
480 2031 524 2055 est
552 2027 683 2064 inyressa
718 2027 816 2056 Venus

107 2063 177 2092 AEn.
198 2064 256 2097 IV,
278 2064 345 2093 107.
366 2069 396 2093 et
408 2065 503 2099 VIII,
523 2066 591 2093 513.

145 2102 263 2131 4346
283 2102 386 2131 Aratio
397 2113 465 2132 cum
475 2113 544 2132 vere
554 2103 650 2142 primo
662 2103 816 2132 instituen-

106 2140 145 2168 da
164 2144 220 2168 est.
240 2140 317 2170 Vide
337 2141 462 2171 Hesiod.
480 2146 561 2177 ‘'Ep-y.
583 2143 642 2171 458
662 2143 816 2180 sqq—43.

106 2178 145 2206 44
165 2178 242 2206 Cum
261 2179 312 2208 nix
331 2179 479 2217 liquescit,
504 2185 535 2209 et
555 2185 644 2213 terra,
672 2191 688 2209 a
709 2181 818 2219 frigore

106 2216 276 2251 constricta,
305 2218 412 2256 tepidae
434 2229 513 2248 aurae
532 2219 631 2248 afflatu
647 2219 819 2252 resolvitur,

103 2255 202 2293 putris
219 2254 311 2289 gleba,
340 2257 469 2285 emollita
493 2262 607 2296 tepore,
635 2258 766 2286 resoluta
786 2262 817 2287 et

109 2298 209 2323 tenera
220 2304 249 2322 v.
264 2294 300 2322 ad
314 2294 362 2328 ΙΙ,
381 2295 488 2324 204.-

146 2333 264 2361 47—49
284 2333 325 2361 At
340 2332 445 2362 iterata
461 2335 589 2363 aratione
609 2344 684 2373 opus
705 2338 762 2369 est,
783 2339 817 2363 nt

109 2371 171 2409 agri
200 2374 360 2409 proventus
388 2371 459 2400 felix
484 2373 532 2401 sit.
570 2372 630 2401 Illa
655 2373 818 2411 selles—bis

109 2420 173 2447 quae
187 2409 285 2443 solem,
306 2409 475 2447 bisfriyora
487 2410 585 2439 sensit.
605 2422 685 2450 seqes
698 2412 725 2440 h.
739 2412 760 2439 l.
771 2416 818 2441 est

108 2452 197 2482 terra,
225 2458 306 2484 ager.
344 2448 513 2477 Tenendum
537 2454 594 2483 est,
622 2451 711 2488 vulgo
732 2451 819 2478 tertia

111 2487 239 2516 aratione
266 2486 324 2515 seri
349 2486 468 2514 solitum
492 2487 595 2522 fuisse,
623 2488 664 2517 ita
689 2492 723 2517 ut
751 2499 819 2518 vere

111 2525 228 2554 ineunte
247 2535 319 2563 ager
339 2525 588 2563 proscinderetur,
609 2531 713 2555 aestate
731 2526 819 2556 itera-

112 2568 203 2597 retur,
226 2565 281 2592 sub
295 2564 379 2592 finem
394 2563 542 2592 auctumni
557 2564 736 2594 tertiaretur.
752 2566 820 2594 vide

113 2611 142 2630 v.
157 2613 183 2631 c.
203 2602 320 2631 Colum.
340 2602 385 2638 ΙΙ,
407 2603 436 2630 4.
457 2605 487 2630 et
506 2603 553 2637 8.;
573 2603 610 2630 ad
622 2602 699 2631 hunc
710 2613 822 2632 morem

114 2641 246 2678 respexit.
260 2645 359 2669 noster
372 2651 402 2669 v.
421 2641 471 2675 43,
513 2641 554 2669 At
567 2639 588 2668 ii
601 2640 749 2679 agricolae,
771 2642 822 2680 qui

115 2678 143 2706 in
159 2683 236 2707 terra
249 2678 304 2707 rite
317 2679 480 2718 subigenda
497 2683 527 2707 et
546 2680 721 2708 conterenda
742 2690 821 2708 sum-

115 2726 192 2746 mam
217 2716 341 2748 culturae
368 2719 525 2757 ponebant,
556 2722 659 2757 quater
689 2719 820 2755 arabant,

845 1219 935 1248 semel
951 1219 1071 1258 quidem
1080 1220 1141 1257 jam
1155 1219 1209 1247 sub
1222 1217 1307 1247 finem
1320 1218 1478 1251 auctumni,
1492 1223 1557 1246 tum

845 1267 915 1287 vere
935 1258 1000 1287 anni
1020 1257 1182 1296 sequentis,
1203 1267 1273 1285 mox
1295 1261 1410 1291 aestate,
1432 1256 1558 1294 denique

846 1303 1013 1331 anctumno,
1041 1307 1109 1325 cum
1134 1295 1254 1324 sationis
1281 1300 1398 1333 teinpus
1426 1295 1559 1324 instaret.

848 1335 963 1364 Graecis
976 1336 1006 1364 id
1021 1336 1149 1364 solemne
1164 1334 1256 1363 fuisse
1271 1334 1399 1367 videtur,
1420 1338 1454 1362 ut
1476 1334 1558 1363 colli-

847 1384 899 1412 gas
919 1384 934 1402 e
954 1374 1104 1413 Theophr.
1126 1374 1232 1402 Causs.
1254 1372 1354 1407 Fiant,
1375 1373 1441 1405 III,
1463 1382 1489 1401 c.
1509 1374 1560 1401 25.

847 1416 890 1440 καὶ
913 1415 979 1441 ’ὁταν
1001 1416 1071 1447 μετά
1093 1416 1153 1441 τοὺς·
1171 1416 1288 1445 πρώτους
1309 1415 1420 1445 ἀρότους
1442 1414 1559 1439 ιἐάσωσι

848 1455 906 1480 etc.
923 1451 993 1481 Hoc
1006 1461 1078 1480 vero
1092 1451 1246 1485 faciebant,
1269 1454 1298 1478 nt
1313 1450 1399 1478 solem
1418 1453 1445 1477 ct
1457 1449 1559 1487 frigus

847 1490 1057 1527 ayersetlll'rel.
1077 1493 1148 1518 ὅπως
1162 1491 1297 1522 χειμασθῆ
1311 1492 1353 1515 καὶ
1374 1491 1505 1526 ἡλιασθῇ,
1527 1491 1561 1516 ut

847 1528 924 1555 idem
936 1529 1084 1566 Theophr.
1104 1527 1205 1565 paullo
1221 1526 1381 1554 ante—bis
1395 1535 1478 1559 vero,
1492 1526 1563 1564 quia

849 1565 895 1593 bis
917 1566 945 1593 in
965 1566 1129 1599 hibernum,
1155 1564 1201 1592 bis
1220 1564 1248 1592 in
1270 1563 1406 1592 aestivum
1424 1566 1511 1608 (vere
1532 1568 1563 1593 et

852 1604 972 1641 aestate)
1001 1608 1118 1642 teinpus
1148 1604 1239 1631 aratio
1262 1602 1330 1630 talis
1353 1602 1465 1631 incidit.
1491 1603 1563 1632 vide

852 1642 977 1670 Salinas.
1018 1642 1128 1670 Exerc-
1150 1641 1228 1670 Plin.
1242 1651 1271 1678 p.
1285 1642 1353 1669 510.
1372 1640 1462 1670 Plinii
1478 1641 1562 1670 locus

853 1680 984 1714 XVIII,
1006 1681 1054 1709 20.
1074 1690 1098 1708 s.
1118 1681 1168 1714 49,
1190 1681 1217 1708 3.
1241 1680 1326 1708 unica
1346 1679 1434 1717 hujus
1456 1690 1562 1709 versus

852 1718 1072 1760 interpretatio:
1101 1722 1206 1746 (uario
1229 1717 1287 1745 seri
1312 1717 1389 1746 sulco
1419 1717 1564 1755 Viryilius

851 1757 1034 1785 existunatnr
1059 1756 1191 1790 vonisse,
1223 1765 1285 1784 cum
1312 1756 1396 1789 dixit,
1428 1757 1563 1794 optimam

854 1805 913 1823 esse
935 1800 1068 1833 segetem,
1097 1806 1161 1834 quoe
1184 1793 1227 1823 bis
1253 1794 1350 1829 solem,
1371 1794 1414 1822 bis
1430 1795 1562 1833 friynra,

851 1833 1005 1869 sensissem
1025 1844 1092 1862 cum
1114 1833 1226 1862 scilicet
1240 1833 1329 1870 vulgo
1345 1833 1421 1861 trina
1436 1834 1564 1863 aratione

853 1872 1080 1910 defungerentur
1093 1876 1223 1901 aratores
1241 1871 1320 1905 Itali,
1340 1871 1369 1900 11.
1387 1872 1565 1901 tertiatione.

853 1921 880 1939 v.
915 1912 1000 1939 Varr.
1032 1911 1059 1945 I,
1092 1912 1131 1940 29
1162 1921 1224 1948 sq.:
1257 1910 1373 1938 Colum.
1400 1911 1447 1943 ΙΙ,
1476 1912 1505 1943 4,
1535 1912 1564 1940 4.

855 1949 1041 1987 Quamquam
1060 1949 1136 1978 idern
1159 1948 1276 1977 Plinius
1296 1949 1414 1977 innuere
1435 1949 1562 1984 videtur,

850 1989 912 2025 jain
934 1992 996 2016 tum
1021 1987 1154 2016 diversas
1177 1988 1213 2016 de
1237 1988 1291 2015 hoc
1314 1987 1379 2015 loco
1407 1988 1565 2017 sententias

855 2026 996 2064 viguisse.
1018 2030 1122 2064 quarto
1135 2025 1213 2054 sulco
1227 2035 1297 2054 vero
1313 2035 1366 2063 pro
1379 2030 1484 2063 quarta
1502 2036 1566 2055 ara·

855 2064 932 2093 tione
958 2065 1081 2095 dictum.
1102 2074 1169 2092 cum
1194 2074 1246 2101 per
1262 2074 1298 2091 se
1321 2067 1415 2100 patet,
1441 2068 1504 2092 tum
1525 2075 1564 2093 ex

857 2103 959 2131 eodem
979 2103 1067 2132 Plinii
1083 2103 1149 2131 loco
1172 2102 1302 2135 XVIII,
1323 2103 1362 2130 20
1377 2112 1401 2129 s·
1423 2103 1462 2130 49
1484 2113 1511 2131 n.
1536 2104 1566 2132 3.

857 2141 988 2179 Spissius
1007 2141 1107 2175 solnm,
1136 2140 1209 2168 sicut
1225 2141 1392 2184 plerumque
1414 2140 1443 2168 ἱιι
1463 2140 1565 2176 ΙΙαΙὶα,

858 2179 956 2218 quinto
974 2179 1053 2208 sulco
1071 2179 1130 2208 seri
1148 2179 1246 2208 melius
1265 2183 1318 2213 est,
1338 2190 1369 2207 212
1385 2179 1486 2208 Tuscis
1499 2190 1567 2209 vero

858 2229 941 2246 nono.
981 2219 1057 2247 Mox
1087 2222 1182 2247 tamen
1211 2228 1240 2246 v.
1266 2218 1305 2246 64
1334 2228 1399 2256 sqq.
1426 2219 1517 2256 po'e‘ta
1537 2219 1567 2247 ‘m

858 2257 1003 2286 communi
1016 2267 1098 2285 more
1115 2256 1301 2294 acquiescere
1314 2256 1442 2291 videtur,
1460 2257 1567 2296 pingue

854 2295 949 2325 solum
960 2306 1032 2324 vere
1045 2294 1118 2323 arari
1126 2296 1245 2333 jubens,
1265 2299 1350 2323 tenue
1362 2295 1418 2323 sub
1432 2300 1567 2324 auctum-

854 2344 933 2368 num,
962 2338 996 2362 ut
1015 2333 1127 2363 scilicet
1151 2334 1207 2362 sub
1235 2333 1359 2361 hiemem
1385 2339 1568 2364 conseratur.

854 2374 932 2401 —49
952 2372 1042 2407 illius,
1059 2382 1110 2401 seu
1122 2372 1231 2410 segetis
1244 2382 1296 2400 seu
1308 2382 1323 2399 a
1360 2371 1464 2408 icolae3
1484 2373 1567 2411 prius

856 2411 971 2439 melius.
989 2414 1129 2450 ruperunt
1140 2411 1253 2444 horrea,
1276 2420 1326 2448 rep
1340 2415 1406 2447 ent3
1425 2411 1568 2449 praeclare

858 2450 894 2477 ad
913 2459 1045 2487 magnam
1064 2449 1180 2492 copiam
1201 2448 1427 2486 significandam.
1457 2449 1568 2479 Tibull.

859 2488 905 2522 ΙΙ,
935 2490 964 2522 5,
993 2489 1041 2516 84.
1063 2487 1216 2516 Dastenclet
1243 2486 1330 2524 spicis
1356 2487 1459 2516 horrea
1480 2489 1568 2526 plena

861 2526 959 2555 Ceres.
974 2526 1025 2554 ubi
1040 2536 1069 2554 v.
1084 2526 1178 2553 Obss.
1192 2525 1310 2554 Colum.
1325 2524 1368 2559 X,
1382 2527 1449 2555 307.
1462 2527 1568 2555 Press-

860 2575 932 2603 aque
945 2563 1108 2602 ιΙῖειπιφηιεοῖα
1120 2568 1272 2602 rumpatur
1277 2563 1383 2601 fiscina
1395 2565 1500 2593 caltha.
1521 2565 1568 2594 Cf.

862 2604 930 2633 AEn.
953 2603 1036 2637 XII,
1057 2603 1125 2631 527.

900 2643 1015 2671 50—63
1038 2642 1115 2670 Ante
1138 2641 1296 2670 arationem
1319 2645 1350 2670 et
1372 2646 1465 2670 totum
1494 2651 1569 2679 opus

863 2681 1006 2710 rusticum
1027 2684 1130 2708 natura
1151 2679 1206 2708 soli
1219 2680 1347 2718 coelique
1361 2680 1570 2709 consideranda

861 2724 917 2749 est.
947 2720 995 2749 Cf.
1023 2718 1140 2748 Colum.
1167 2718 1220 2748 lib.
1255 2719 1283 2748 1.
1315 2717 1568 2757 praefi-iunctum
