1796 3077
604 284 870 322 AENEIDOS.

913 285 1013 322 Llss.
1046 285 1098 322 x.
1486 292 1579 336 557

185 402 365 449 Pandite
386 423 496 450 nunc
520 407 740 457 Helicona,
763 410 870 458 dece,
893 417 1128 463 cantusque
1147 417 1310 451 movete
1329 427 1338 459 ;

128 464 239 510 Quae
260 480 405 506 manus
426 466 758 507 interea-'luscis
787 467 1009 506 comitetur
1030 468 1083 506 ab
1104 467 1187 507 oris

127 520 311 569 AEnean,
333 530 550 575 armetque
570 529 693 570 rates,
714 522 951 576 pelagoque
968 522 1159 563 vehatur.

1505 526 1518 563 l
1528 526 1582 564 (55

184 576 394 618 Massicus
415 586 545 618 aerata
563 579 761 632 princeps
782 587 896 619 secat
915 593 1087 632 aequora
1107 579 1253 632 Tigri:

126 633 218 674 Sub
238 649 323 687 quo
344 634 455 675 mille
475 650 622 675 manus
637 636 855 688 juvenum,
878 636 951 688 qui
971 635 1126 675 moenia
1148 635 1277 685 Clusi,

124 689 299 744 Quique
321 692 470 731 urbem
490 691 650 745 liquere
672 691 829 732 Cosas:
862 691 981 744 queis
1004 691 1098 740 tela,
1121 693 1286 745 sagittae

124 745 358 800 Corytique
378 746 492 788 leves
513 747 699 788 humeris
720 755 763 788 et
781 747 919 788 letifer
938 762 1074 788 arcus.

123 801 223 843 Una
241 809 385 843 torvus
402 803 543 843 Abas:
576 804 674 845 huic
695 811 829 844 totum
850 804 1082 857 insignibus
1103 805 1227 845 armis

1504 805 1581 844 170

121 857 305 912 Agmen,
327 866 370 899 et
389 866 537 899 aurato
557 859 749 914 fulgebat
768 858 967 913 Apolline
988 860 1159 914 puppis.

121 914 356 956 Sexcentos
377 914 434 955 illi
454 915 631 956 dederat
653 914 893 969 Populonia
913 922 1048 956 mater

121 970 341 1025 Expertos
360 970 461 1012 belli
481 972 660 1025 juvenes
680 989 689 1021 ;
722 978 786 1012 ast
808 971 897 1012 Ilva
916 978 1127 1013 trecentos

117 1025 277 1076 Insula,
304 1027 566 1068 inexhaustis
589 1027 828 1082 Chalybum
847 1042 1053 1082 generosa
1072 1027 1265 1070 metallis.

121 1082 311 1132 Tertius,
334 1083 402 1124 ille
425 1084 643 1125 hominum
664 1085 891 1137 divumque
912 1085 1119 1138 interpres
1140 1084 1307 1138 Asylas‚

122 1139 203 1180 Cui
222 1140 435 1194 pecudum
456 1140 589 1189 fibrae,
612 1140 708 1181 coeli
729 1142 796 1181 eui
816 1141 954 1181 sidera
973 1149 1134 1194 parent,

120 1195 182 1236 Et
201 1195 356 1250 linguae
375 1195 604 1245 volucrum,
622 1204 665 1237 et
685 1197 865 1250 praesagi
886 1196 1068 1237 fulminis
1088 1199 1221 1252 ignes,

120 1251 241 1293 Mille
259 1252 371 1306 rapit
390 1252 544 1292 densos
565 1253 654 1293 acie
675 1259 803 1305 atque
824 1252 1095 1293 horrentibus
1122 1253 1267 1293 hastis.

119 1307 215 1349 Hos
236 1323 386 1363 parere
401 1309 556 1363 jubent
573 1307 757 1363 Alpheae
778 1309 832 1349 ab
853 1309 1014 1363 origine
1034 1309 1146 1350 Pisae
1164 1325 1173 1350 :

116 1395 218 1425 dolem
239 1395 373 1425 declarat
396 1396 497 1433 poeta.
543 1395 674 1426 Juvenis
692 1396 828 1424 diScendi

117 1434 247 1472 cupidus
262 1444 300 1463 ex
316 1435 422 1468 AEnea,
432 1434 483 1471 qui
495 1434 615 1471 longum
629 1434 828 1471 navigationis

118 1482 207 1501 usum
227 1473 367 1505 habebat,
388 1473 478 1501 modo
505 1472 638 1501 siderum
660 1472 828 1500 notationes

119 1510 241 1548 quaerit,
269 1520 366 1548 opacoe
380 1510 472 1539 noctis
484 1510 558 1539 iter.-
581 1511 609 1539 h.
625 1510 733 1549 quibus
747 1511 829 1539 nauis

117 1559 219 1577 cursus
227 1559 283 1586 per
296 1553 405 1578 noctem
419 1549 546 1588 regitur,
561 1550 648 1578 modo
660 1558 709 1577 res
727 1553 829 1587 gestas

119 1591 150 1615 et
165 1587 225 1616 fata
240 1587 356 1616 AEneae.

112 1637 114 1639 >
159 1625 226 1654 163.
246 1627 275 1654 4.
297 1628 314 1654 5
337 1626 371 1654 In
387 1636 417 1655 re
432 1635 449 1654 a
462 1625 565 1664 prisca
582 1625 724 1654 memoria
742 1635 828 1662 repe-

115 1663 171 1691 tita
195 1664 303 1693 Musas
328 1664 463 1693 invocat:
496 1664 540 1692 sic
566 1664 640 1697 VII,
661 1665 830 1693 (ML—166

117 1711 185 1740 sqq.
227 1702 274 1731 De
289 1702 385 1740 copiis
398 1713 436 1732 ex
452 1702 574 1731 Etruria
595 1706 625 1730 et
639 1702 675 1730 de
691 1702 829 1735 urbibus,

119 1740 198 1769 unde
232 1741 434 1775 adducuntur,
479 1740 598 1768 omnino
633 1740 698 1769 haec
742 1741 828 1768 habe.

117 1778 257 1813 Quatuor
281 1789 382 1807 earum
403 1778 559 1817 copiarum
580 1782 694 1807 turmas
710 1779 825 1807 edidit:

115 1816 240 1853 primam
265 1817 459 1846 Clusinorum
485 1821 515 1846 et
536 1817 719 1845 Cosanorum
744 1817 829 1845 ducit

115 1854 275 1884 Massicus.
298 1856 383 1884 Infra
394 1866 423 1885 v.
433 1857 490 1884 655
502 1854 620 1883 Osinius
632 1855 826 1883 Clusinorum

114 1903 171 1921 rex
182 1893 255 1931 (seu
263 1893 516 1931 Lar)inducitur:
533 1903 621 1932 quem
632 1894 688 1921 snb
700 1893 827 1921 Massici

115 1929 243 1968 irnperio
257 1932 358 1970 egisse
373 1942 496 1961 necesse
512 1936 569 1960 est.
587 1931 664 1960 cons.
679 1931 722 1960 ibi
738 1932 825 1960 Serv.

116 1969 252 1999 Alteram
267 1980 306 1999 ex
324 1971 493 2008 Populonio
517 1974 549 1999 et
566 1969 634 1998 Ilva
655 1980 679 1998 s.
696 1970 829 1998 AEthalia

114 2006 214 2036 insula
226 2008 416 2045 ducitAbus,·
431 2009 549 2037 tertiam
562 2018 600 2036 ex
615 2007 689 2037 Pisa
696 2008 826 2046 Asylas;

117 2050 252 2082 quartam
276 2056 314 2076 ex
339 2047 428 2076 Caere
450 2051 481 2076 et
500 2046 609 2075 vicinis
632 2046 706 2074 locis
720 2046 827 2074 Astur.

118 2084 279 2113 Accedunt
291 2085 405 2114 auxilia
424 2095 441 2114 e
462 2084 626 2124 Liguribus
648 2094 677 2112 v.
694 2086 750 2113 185
765 2089 796 2112 et
811 2095 826 2113 e

118 2121 290 2152 Mantuanis
324 2125 392 2152 198.
463 2123 580 2152 Classis
613 2122 733 2151 omnino
764 2127 828 2151 erat

118 2159 226 2189 XXX
250 2161 394 2197 navium3
429 2172 459 2190 v.
484 2163 554 2190 213.
594 2161 701 2198 Copiae
727 2165 827 2190 autem

117 2198 200 2227 mille
220 2199 367 2237 sagittarii
386 2210 403 2228 a
417 2199 553 2228 Massico
568 2199 663 2233 ducti,
687 2199 827 2237 nongenti

117 2236 223 2265 armati
245 2238 301 2266 sub
321 2238 453 2271 Abante,
476 2237 558 2266 mille
578 2237 629 2265 alii
649 2237 705 2266 sub
719 2238 827 2275 Asyla,

118 2278 150 2302 et
173 2274 299 2303 totidem
327 2276 383 2303 sub
410 2276 544 2304 Asture:
578 2285 651 2313 ergo
676 2279 722 2304 ter
744 2276 827 2304 mille

116 2317 332 2356 nongentorum
363 2313 506 2350 capitum.
540 2318 633 2342 (erata
657 2313 751 2351 Tiyri,
771 2324 826 2352 pro

117 2361 187 2380 navi
210 2361 279 2380 cum
298 2351 408 2389 insigni
421 2351 539 2390 tigridis
557 2352 586 2380 in
604 2362 714 2389 prora:
738 2356 771 2380 ut
788 2353 826 2386 V,

117 2390 176 2418 116
197 2399 264 2427 sqq.
285 2394 316 2417 et
339 2400 369 2418 ν.
388 2390 457 2418 205.
477 2391 535 2418 206
555 2394 586 2418 et
606 2400 635 2418 v.
650 2392 719 2419 209.
762 2391 825 2419 Sub

115 2427 251 2456 Massico
264 2437 376 2462 manus,
397 2431 505 2461 turma,
518 2427 592 2457 mille
596 2428 734 2466 juvenum
751 2433 825 2457 erat.

116 2466 220 2504 coryti,
234 2470 363 2500 γωρυτοῦ,
376 2465 537 2503 pharetrae.

155 2505 214 2533 170
227 2504 363 2533 Alterius
380 2508 486 2532 turmae
501 2505 609 2532 ductor
624 2504 719 2539 Abas,
739 2505 826 2533 belli-

117 2552 223 2571 cosum
238 2543 369 2571 animum
382 2542 466 2571 vultu
479 2551 544 2583 prae
567 2551 599 2570 se
618 2542 825 2572 ferens.—17l

118 2584 223 2608 aurato
235 2580 370 2618 sulyebal
383 2579 519 2618 Apollme
535 2579 653 2618 puppis.
702 2582 785 2620 Ergo
802 2582 827 2610 is

118 2617 214 2647 tutela
236 2619 321 2647 navis
341 2622 416 2648 erat.
455 2618 516 2647 Sed
537 2619 628 2656 poeta
650 2617 679 2647 in
707 2620 830 2654 ceteris,

119 2661 155 2685 ut
167 2660 198 2685 et
212 2656 251 2690 V,
266 2658 324 2685 116
337 2666 405 2695 sqq.
423 2655 550 2695 insignia
561 2655 691 2691 navium,
705 2668 758 2686 seu
777 2668 830 2696 pa-

868 1405 957 1423 versu
974 1397 1041 1424 156.
1082 1396 1201 1425 Tribuit
1217 1401 1316 1426 autem
1331 1408 1425 1431 arum,
1437 1399 1578 1436 clipeum,

867 1434 1034 1467 thoracem,
1056 1434 1173 1469 galeam
1190 1439 1272 1472 puta,
1295 1436 1419 1474 insiyuia
1437 1438 1503 1466 huic
1518 1443 1581 1467 tur-

868 1481 935 1505 mae,
951 1477 1090 1510 respectu
1107 1473 1143 1500 ad
1157 1473 1227 1500 t'erri
1243 1473 1375 1507 metalla,
1392 1475 1501 1512 quibus
1513 1477 1580 1505 Ilva

867 1510 939 1538 olim
967 1510 1048 1539 clara
1073 1515 1147 1543 erat,
1177 1511 1388 1540 habita—172
1418 1513 1580 1551 Populonia

868 1549 1000 1577 materh.
1014 1548 1035 1577 l.
1051 1548 1159 1586 patria.
1200 1550 1297 1587 Supra
1313 1551 1388 1582 VII.
1412 1553 1470 1580 762
1491 1553 1579 1582 dubi-

869 1587 926 1615 tari
951 1590 1079 1624 poterat,
1115 1597 1151 1615 au
1176 1587 1283 1616 Aricia
1310 1593 1402 1617 mater
1425 1600 1461 1618 eo
1488 1601 1578 1620 sensu

868 1624 951 1652 dicta
965 1629 1056 1653 esset.
1095 1625 1161 1653 Ilva
1177 1626 1265 1659 Elba,
1292 1629 1405 1661 Αἰθάλη,
1432 1629 1579 1667 hodieque

867 1662 964 1691 insula
978 1663 1046 1691 ideo
1058 1664 1250 1692 celeb1·is.—1
1257 1665 1295 1693 74
1305 1676 1445 1702 qenerosa
1458 1669 1580 1697 metallis

867 1711 923 1739 pro
945 1702 1084 1735 fecunda,
1110 1702 1271 1739 eleganter,
1295 1704 1347 1732 sed
1372 1714 1439 1733 cum
1465 1707 1582 1744 adjecta

867 1740 984 1768 notione
997 1741 1138 1777 praeclari
1152 1741 1339 1769 metallorum
1355 1744 1483 1780 generis.
1506 1755 1581 1783 quo-

868 1788 933 1806 rum
944 1788 1032 1806 venas
1045 1778 1345 1814 inexhaustas-habet,
1357 1784 1577 1820 comparatione

867 1816 1021 1845 declarata
1033 1827 1100 1845 cum
1115 1817 1283 1854 Chalybum
1300 1819 1422 1848 fodinis.

908 1856 973 1882 175.
997 1856 1062 1883 176.
1082 1857 1135 1884 177
1145 1856 1230 1883 Valis
1246 1856 1394 1885 luculenta
1403 1858 1579 1898 descriptio.

868 1892 944 1920 Eum
975 1892 1091 1922 deorum
1118 1894 1164 1921 vel
1187 1894 1274 1921 Jovis
1297 1895 1482 1933 interpretem
1504 1899 1578 1932 dici.

867 1930 999 1959 sollenne
1014 1936 1079 1968 est3
1101 1935 1130 1960 at
1142 1932 1170 1959 h.
1182 1932 1201 1959 l.
1217 1932 1360 1961 hominum
1370 1934 1518 1974 divumque
1531 1942 1578 1966 est

866 1969 1027 2006 interpres:
1046 1970 1173 2008 accipio,
1199 1974 1231 1998 ut
1250 1970 1290 1998 sit
1303 1971 1381 2000 inter
1393 1973 1466 2001 deos
1482 1975 1576 2004 homi-

867 2016 981 2044 nesque
1002 2009 1118 2036 medius
1143 2012 1174 2036 et
1195 2008 1324 2037 arbiter:
1356 2011 1426 2039 dum
1451 2013 1575 2043 deorum

867 2046 1053 2074 voluntatem
1088 2047 1259 2074 hominibus
1286 2047 1501 2086 interpretatur
1537 2063 1576 2081 ex

867 2083 1003 2121 augurio.
1043 2086 1157 2113 Parent
1182 2085 1209 2112 ei
1231 2085 1314 2114 fibrae
1337 2088 1486 2123 pecudum
1506 2094 1578 2125 etc.,

868 2125 1014 2159 quatenus
1028 2132 1090 2155 eaS,
1112 2128 1263 2159 tamquam
1277 2133 1332 2160 pro
1349 2125 1459 2158 lubitu,
1485 2127 1575 2156 inter-

866 2164 1003 2198 pretatur
1015 2160 1043 2188 in
1058 2162 1162 2188 bonam
1177 2161 1224 2188 vel
1239 2161 1269 2188 in
1285 2162 1437 2191 sinistram
1450 2170 1578 2201 partem.

867 2198 917 2226 Sic
941 2199 1020 2236 apud
1039 2200 1145 2236 poetas
1167 2209 1265 2236 reyere
1289 2204 1319 2228 et
1336 2201 1483 2230 moderari
1503 2204 1576 2234 dici-

866 2246 933 2264 mur
960 2247 1005 2270 ea,
1029 2247 1157 2275 quorum
1179 2237 1337 2266 scientiam
1359 2239 1516 2275 habemus,
1543 2248 1578 2272 ut

866 2275 965 2303 sidera
993 2275 1031 2307 is,
1056 2276 1106 2313 qui
1131 2285 1233 2303 eorum
1259 2276 1376 2305 nomina
1397 2282 1427 2306 et
1452 2289 1574 2310 cursum

867 2312 967 2342 tenet.'
999 2314 1165 2351 Itasutum
1179 2324 1285 2351 parere
1298 2315 1440 2345 dicuntur
1454 2317 1504 2352 iis,
1524 2321 1576 2358 qui

866 2362 900 2380 ea
921 2352 1101 2388 przedicunt,
1127 2352 1213 2389 quasi
1235 2352 1294 2380 vim
1318 2353 1348 2381 in
1369 2364 1404 2383 ea
1424 2355 1573 2387 habeant:

866 2389 956 2418 iidem
972 2391 1080 2427 sutura
1105 2390 1260 2424 moderari,
1279 2400 1389 2429 reyere.
1430 2393 1475 2423 Eo
1497 2397 1573 2425 enim

866 2428 986 2456 omuino
1009 2428 1132 2456 inclinat
1151 2428 1302 2458 hominum
1324 2430 1436 2467 opinio,
1462 2437 1506 2469 ut,
1521 2436 1574 2473 qui

865 2467 1035 2504 praedicunt
1059 2467 1170 2499 sutura,
1203 2476 1254 2495 eos
1280 2467 1370 2496 etiam
1395 2471 1576 2503 constituere

866 2514 957 2542 posse
982 2504 1082 2533 sutura
1110 2509 1232 2542 putent:
1264 2506 1342 2535 unde
1368 2507 1505 2539 videmus
1523 2512 1576 2540 ob-

863 2542 981 2580 jurgari
1009 2547 1040 2570 et
1058 2543 1126 2571 odio
1146 2543 1249 2572 haberi
1282 2543 1312 2573 in
1342 2545 1437 2574 sacris
1455 2558 1575 2587 quoquc

869 2581 956 2608 libris
980 2581 1091 2609 nostris
1110 2585 1206 2615 vates,
1231 2581 1283 2619 qui
1306 2582 1428 2613 sinistra
1442 2586 1503 2615 fata
1523 2588 1576 2617 de-

869 2618 1049 2652 nuntiarent,
1072 2623 1223 2657 tamquam
1237 2620 1319 2657 ipsos
1334 2622 1479 2652 malorum
1504 2635 1575 2655 auc.

870 2662 961 2685 tores.
1010 2657 1142 2685 Tandem
1168 2667 1218 2686 eas
1238 2668 1298 2692 res,
1322 2660 1431 2698 quibus
1452 2666 1576 2694 utuntur

119 2704 249 2728 ramma,
276 2698 373 2738 ponit,
399 2705 467 2732 quae
496 2695 525 2723 in
542 2703 632 2732 prora
657 2699 744 2731 sunt3
775 2697 832 2725 etsi
872 2698 957 2723 vates
973 2694 1011 2722 ad
1026 2694 1231 2731 divinandum,
1255 2706 1336 2732 aves,
1360 2704 1442 2731 exta,
1465 2700 1578 2739 sidera,

121 2732 188 2761 haec
210 2732 282 2765 duo,
302 2733 420 2770 insigne
441 2737 472 2761 et
495 2733 630 2765 tutelam,
651 2732 741 2769 vulgo
762 2744 831 2762 con-

873 2733 932 2761 vim
959 2733 1105 2762 occultam
1137 2735 1237 2763 nescio
1262 2746 1350 2773 quam
1373 2737 1493 2772 habere,
1510 2751 1577 2778 -qua

120 2771 253 2802 tundunt
269 2771 373 2799 multi:
396 2771 496 2810 itaque
509 2771 630 2809 puppim
652 2770 755 2808 potius
778 2782 833 2809 pro
874 2771 933 2799 sata
949 2771 1146 2814 jntlectantur
1172 2783 1206 2802 ac
1234 2778 1396 2807 mutentur,
1430 2774 1487 2803 sibi
1511 2788 1578 2815 per-

122 2809 191 2838 navi
212 2809 331 2839 omnino
345 2809 455 2839 dictam
472 2810 580 2839 velim:
602 2813 633 2839 ut
648 2809 751 2848 paullo
768 2815 835 2842 ante
877 2814 969 2839 suasu
984 2811 1268 2848 summatim-178
1282 2812 1436 2850 rapic,1›r0
1454 2815 1579 2855 vulgari,
