1796 3077
508 185 794 225 BUCOLICA.
851 186 966 225 ECL.
995 187 1066 225 IX.
1464 195 1525 238 55

72 311 237 349 animum
256 310 348 346 mihi
377 309 531 347 adverte
563 309 611 346 ad
630 309 881 347 urbanitatem
910 308 1096 354 Maronis,
1128 309 1176 346 de
1195 309 1305 346 certis
1326 308 1528 348 Octaviani

70 364 276 414 promissis,
297 376 526 412 quamquam
547 376 613 413 spe
633 363 741 400 firma
759 376 849 400 mox
869 376 938 401 sua
969 362 1217 413 recuperandi
1249 363 1381 400 nititur
1409 377 1447 400 V.
1464 367 1527 401 55.

72 421 134 455 6ῑ.
165 416 216 453 1111
233 417 487 461 memorantis,
515 430 584 453 nec
611 425 810 454 veteranos
830 417 1070 453 vehementer
1103 415 1308 453 incusantis
1328 429 1368 452 v.
1395 419 1469 461 12„
1491 426 1528 454 et

71 470 232 520 speciem
253 483 333 519 prae
355 484 395 506 se
422 469 586 514 ferentis,
616 483 655 506 se
673 482 742 519 pro
761 483 853 518 agro
874 478 954 506 toto
974 468 1273 506 Mantuanorum
1293 469 1528 506 restituendo

69 523 240 560 laborare
258 536 294 560 v.
308 526 372 561 27.
396 522 594 559 W.—Alia
608 522 709 573 apud
730 521 905 558 Servium
920 531 1070 559 narrata
1089 522 1232 559 incerta
1250 522 1325 559 fide
1339 522 1527 560 nituntur.

67 576 314 626 —Scriptum
332 576 404 613 hoc
424 589 574 613 carmen
594 589 638 613 eo
659 588 769 620 anne,
791 588 866 625 quo
882 575 963 625 agri
985 575 1186 613 Mantuani
1199 584 1236 612 et
1253 575 1528 613 Cremonenses

68 643 89 666 a
108 629 293 667 veteranis
323 629 496 679 occupati
514 637 613 673 sunt,
643 628 758 678 paulo
783 638 870 678 post
889 629 1053 678 primam
1071 628 1254 678 eclogam.
1316 628 1375 674 (Si
1394 642 1527 666 verum

67 691 136 727 est,
159 682 329 732 eclogam
348 683 508 732 primam
538 690 741 719 auctumno
761 682 848 718 anni
883 685 973 721 713.
1008 695 1090 719 esse
1120 682 1385 732 conscriptam,
1416 682 1526 728 hanc,

67 750 152 772 cum
172 736 219 772 de
249 744 380 772 aestate
412 744 546 784 agatur
576 749 613 771 v.
632 737 695 771 60.
716 734 754 771 in
781 747 938 771 vernum
959 735 1046 772 anni
1067 738 1158 774 714.
1189 735 1333 779 referri,
1361 748 1447 772 curn
1466 735 1520 773 H.

68 789 206 826 Vossio
221 788 394 825 velimus.
424 787 502 837 W.)
537 787 699 824 Carmen
713 787 886 836 spiritum
907 787 1061 836 Virgilii
1080 796 1117 824 et
1135 787 1360 836 dignitatem
1379 789 1524 838 epicam

65 843 204 892 prodit,
235 841 305 879 etsi
324 842 361 878 in
391 854 539 878 summa
558 839 772 890 argumenti
801 840 978 889 equidem
1007 853 1083 877 non
1102 840 1265 878 multum
1291 841 1431 891 ingenii
1459 855 1526 891 ag-

68 908 239 933 noscam.

508 1042 795 1085 LYCIDAS.
836 1042 1074 1084 MOERIS.

124 1158 237 1198 LYc.
271 1157 370 1204 Quo
391 1165 446 1206 te,
471 1157 613 1206 Moeri,
635 1157 796 1211 pedes?
828 1171 893 1205 an,
915 1171 999 1210 quo
1020 1156 1085 1196 via
1105 1155 1236 1204 ducit,
1254 1156 1295 1196 in
1316 1157 1496 1197 urbem?

120 1214 261 1255 BIOER.
294 1215 335 1255 O
359 1215 534 1268 Lycida,
552 1215 633 1254 vivi
648 1213 926 1268 pervenimus,
950 1213 1115 1253 advena
1135 1214 1281 1262 nostri,

66 1271 195 1318 Quod
213 1287 428 1325 nunquam
449 1272 571 1312 veriti
587 1286 741 1320 sumus,
764 1278 811 1311 ut
830 1284 1048 1325 possessor
1069 1268 1194 1324 agelli

64 1328 266 1370 Diceret:
300 1329 407 1369 Haec
428 1343 521 1370 mea
543 1336 664 1377 sunt3
696 1335 858 1368 veteres
879 1328 1057 1381 migrate
1077 1325 1230 1368 coloni.

62 1385 191 1428 Nunc
212 1386 320 1434 victi,
343 1386 496 1434 tristes,
519 1386 716 1439 quoniam
733 1384 838 1425 Fors
861 1385 999 1425 onmia
1018 1390 1169 1432 versat,

62 1441 156 1483 Hos
176 1442 234 1483 illi
255 1443 387 1496 (quod
408 1457 485 1483 nec
505 1443 614 1483 bene
635 1442 786 1494 vertat)
803 1442 1002 1482 mittimus
1018 1440 1182 1481 haedos.

118 1499 230 1540 LYc.
263 1499 389 1540 Certe
405 1499 602 1553 equidem
623 1499 851 1547 audieram,
874 1512 957 1551 qua
975 1513 1018 1538 se
1041 1496 1281 1538 subducere
1303 1492 1430 1535 colles

61 1555 286 1611 Incipiunt,
308 1556 506 1610 mollique
521 1556 673 1609 jugum
692 1555 912 1594 demittere
930 1553 1048 1602 clivo,

61 1612 209 1667 Usque
226 1614 281 1654 ad
300 1629 451 1667 aquam
473 1619 515 1653 et
535 1620 712 1659 veteres,
728 1611 817 1664 jam
839 1609 972 1651 fracta
993 1610 1226 1659 cacumina,
1249 1607 1382 1662 fagOS,

61 1669 217 1710 Omnia
237 1670 488 1711 carminibus
510 1676 695 1709 vestrum
716 1681 903 1707 servasse
922 1666 1163 1707 Menalcan.

117 1726 258 1767 MOER.
288 1725 514 1774 Audieras,
537 1733 578 1765 et
595 1724 705 1765 fama
726 1723 825 1772 fuit;
859 1724 933 1764 sed
955 1724 1138 1764 carmina
1153 1729 1317 1763 tantum

61 1782 221 1823 Nostra
241 1783 392 1831 valent,
416 1782 591 1836 Lycida,
615 1780 698 1822 tela
716 1781 825 1820 inter
847 1780 1022 1829 BIartia,
1040 1786 1244 1834 quantum

60 1839 270 1880 Chaonias
292 1840 450 1887 dicunt,
468 1837 607 1892 aquila
626 1838 833 1885 veniente,
855 1836 1086 1878 columbas.

60 1896 190 1943 Quod
206 1897 284 1937 nisi
303 1911 369 1937 me
386 1909 652 1950 quacumque
672 1908 802 1935 novas
822 1894 1008 1935 incidere
1027 1893 1122 1935 lites

1499 1381 1525 1420 ΕΠ

1474 1666 1526 1704 10

95 2005 111 2033 1
134 2005 244 2033 Forma
256 2005 347 2033 ducta
361 2013 398 2032 ex
416 2003 541 2032 Tbeocr.
551 2003 630 2037 VII,
641 2003 677 2031 21
693 2013 748 2041 sqq
761 2014 768 2040 3

57 2045 78 2081 ᾇ
100 2048 180 2073 πόδες
207 2046 285 2078 ἆγον,
319 2043 447 2071 Tlieocr.
480 2041 574 2076 XIV,
605 2042 654 2070 42.
680 2042 769 2079 pedes

58 2092 100 2110 sc.
117 2082 239 2111 ducunt.
264 2083 283 2110 2
303 2081 362 2110 υἱυὶ
386 2080 568 2119 pervenimus
596 2090 638 2108 sc.
667 2090 713 2115 eo,
735 2085 769 2109 ut

58 2130 215 2157 possessor
240 2121 352 2150 advena
384 2119 472 2156 agelli
507 2118 601 2148 nostri
633 2119 768 2156 diceret3

58 2158 110 2187 sed
138 2158 252 2197 ellipsis
276 2159 359 2188 dura.
383 2158 427 2187 H.
444 2158 546 2192 nostri,
571 2162 605 2186 ut
625 2158 704 2186 servi
724 2157 768 2186 lo-

58 2200 205 2234 quuntur3
227 2198 264 2226 cf.
278 2199 315 2226 12
327 2201 357 2226 et
371 2197 400 2231 Ι,
417 2197 446 2225 8.
487 2197 537 2225 Sic
550 2200 600 2224 tua
615 2207 644 2224 v.
656 2198 704 2225 30.
721 2205 768 2225 ac-

57 2236 193 2274 cipe—4
217 2235 316 2264 coloni.
332 2235 493 2274 Virgilium
516 2235 652 2273 intelligi,
681 2236 769 2264 docet

56 2285 86 2302 v.
100 2275 146 2303 16.
166 2273 270 2303 W.-—5
282 2274 360 2306 victi,
370 2274 519 2312 oppressi,
537 2274 646 2307 afflicti,
659 2275 768 2311 quibus

56 2312 96 2347 id,
122 2313 201 2351 quod
226 2312 313 2341 victis
340 2313 425 2348 solet,
450 2313 584 2351 contigit,
608 2316 642 2340 ut
660 2313 768 2341 fundos

58 2351 355 2389 aniitterent.-qu0d
367 2361 416 2380 nec
434 2350 501 2380 bene
515 2355 618 2385 vertat,
639 2361 706 2389 quae
719 2361 768 2380 res

56 2390 85 2418 in
111 2391 175 2428 ejus
200 2390 361 2428 perniciem
390 2394 533 2419 vertatur.
586 2389 768 2428 Interposita

56 2428 130 2463 haec,
148 2432 181 2457 ut
202 2429 281 2466 apud
296 2428 366 2457 Ter.
385 2428 445 2457 Ad.
462 2428 510 2462 II,
524 2429 553 2461 2,
571 2429 620 2457 17.
644 2439 709 2472 {1²¹ae
723 2439 770 2457 res

56 2466 109 2495 tibi
120 2472 215 2496 vortat
231 2467 311 2496 male.
329 2466 452 2504 11⁷.)—7
474 2467 573 2495 Situm
593 2477 658 2505 agri
669 2467 769 2506 Virgi-

56 2505 125 2534 liani
136 2510 211 2543 puta
224 2506 317 2534 fuisse
331 2505 418 2540 hunc,
433 2508 467 2533 ut
478 2504 528 2533 ille
540 2505 607 2534 inde
618 2515 635 2534 a
649 2506 770 2534 collium

58 2544 133 2573 clivo
146 2555 240 2582 usque
261 2545 297 2573 ad
312 2543 457 2573 Mincium
473 2543 502 2573 ss.
517 2547 547 2571 et
561 2544 644 2581 fagos
657 2545 770 2582 pertin-

59 2588 149 2612 ⁰eret.
170 2584 208 2612 cf.
222 2583 287 2612 Ecl.
299 2583 327 2617 I,
349 2584 385 2612 47
396 2581 658 2620 sqq—subducere
667 2593 697 2611 se
707 2583 767 2612 col-

58 2606 101 2649 i'es
114 2622 262 2656 dicuntur,
286 2622 337 2660 qui
357 2632 395 2650 ex
415 2621 473 2649 alto
493 2620 520 2648 in
536 2620 654 2657 planum
675 2622 767 2650 dedu-

57 2663 172 2694 cuntur,
191 2661 375 2694 decrescunt,
397 2659 486 2688 iidem
510 2658 601 2687 colles
619 2659 770 2688 demittunt

49 2698 152 2737 juqum
187 2698 263 2728 molli
298 2698 380 2734 clivo,
427 2708 495 2728 cum
531 2697 653 2727 dorsum
686 2698 770 2728 collis

808 2000 937 2030 molliter
959 2001 1073 2030 declive
1096 2000 1193 2030 lenem
1220 2000 1257 2029 ad
1281 1999 1432 2038 planitiem
1456 1999 1524 2028 des-

808 2049 928 2068 censum
947 2040 1074 2078 praebet.
1101 2050 1129 2069 v.
1156 2041 1186 2069 9.
1200 2041 1303 2077 fracta
1333 2037 1465 2077 procella
1495 2042 1525 2066 et

809 2081 967 2107 vetustate.
1229 2102 1235 2106 .

848 2117 885 2145 13
899 2116 1013 2155 Aquila
1033 2117 1173 2151 veniente,
1194 2115 1334 2145 irruente.
1374 2115 1411 2143 In
1431 2114 1528 2143 animo

807 2155 911 2184 habuit
928 2156 1018 2194 poeta
1035 2156 1155 2184 Lucret.
1169 2155 1235 2189 ΙΙΙ,
1250 2156 1319 2183 751.
1334 2158 1528 2192 tremeretque

802 2204 858 2232 per
871 2204 962 2223 auras
982 2194 1075 2223 Αὲνιέ
1091 2193 1229 2232 accipiter
1237 2193 1372 2231 suyiens,
1396 2192 1525 2221 veniente

807 2232 944 2261 columba.
988 2232 1126 2261 Cliaoniae
1149 2231 1379 2261 verosscolumbae
1404 2231 1526 2260 sollenni

807 2271 939 2309 epitheto
956 2281 973 2300 a
987 2271 1141 2300 Dodonaeo
1149 2271 1217 2300 luco
1234 2275 1264 2300 et
1278 2270 1396 2300 oraculo
1410 2280 1464 2308 per
1472 2279 1526 2307 pa-

807 2310 923 2338 lumbes
939 2310 1030 2339 edito.
1077 2310 1152 2339 Erat
1179 2314 1277 2338 autem
1304 2309 1431 2338 Dodona
1453 2309 1526 2337 urbs

809 2349 904 2387 Epiri,
928 2348 1139 2378 vetustissimis
1160 2348 1345 2385 temporibus
1367 2357 1384 2376 a
1398 2347 1525 2376 Chaoni-

807 2388 863 2415 bus
875 2387 1025 2416 habitatae.
1041 2387 1200 2417 cf.⁷Strabo
1216 2387 1293 2420 VII,
1308 2397 1338 2424 p.
1351 2387 1421 2415 498.
1431 2386 1467 2414 C.
1477 2385 1523 2413 H.

812 2426 965 2454 Octaviani
982 2427 1068 2463 jussa
1083 2430 1114 2454 et
1134 2425 1318 2453 voluntatem
1333 2424 1464 2454 veterani
1482 2425 1524 2452 fe-

808 2474 893 2493 roces
908 2474 964 2493 non
986 2464 1060 2493 satis
1082 2473 1202 2493 curasse
1226 2463 1374 2493 videntur.
1397 2462 1437 2492 W
1438 2463 1524 2491 .-1-1

809 2512 976 2542 quacunque
999 2503 1130 2539 ratione3
1163 2502 1220 2531 nisi
1247 2502 1371 2540 augurio
1394 2501 1523 2530 monitus

809 2542 944 2574 fuissem,
968 2545 1002 2569 ut
1018 2541 1124 2578 quovis
1140 2541 1228 2569 modo
1247 2540 1348 2579 jurgia
1360 2551 1427 2569 cum
1442 2543 1522 2567 vete-

808 2581 885 2610 ranis
899 2580 928 2608 in
954 2589 1040 2617 agros
1060 2579 1292 2617 irrumpentibus
1318 2579 1523 2618 praeciderem,

807 2619 913 2657 capitis
940 2617 1107 2656 periculum
1132 2628 1188 2647 una
1209 2628 1276 2647 curu
1294 2618 1365 2646 hero
1388 2616 1523 2658 Menalca

808 2656 1098 2687 adiissem—cmm&
1111 2657 1176 2686 Cio.
1191 2657 1228 2687 de
1243 2657 1304 2687 div.
1316 2657 1343 2692 I,
1362 2657 1410 2684 39.
1422 2664 1522 2682 cornix

809 2708 826 2726 α
840 2695 961 2726 sinistra
964 2695 1041 2733 facit
1054 2700 1160 2725 ratum.
