1796 3077
609 246 872 284 AENEIDOS.
926 245 1028 286 LIB.
1056 248 1088 286 Ι.

1469 252 1562 296 ’243

131 361 305 403 Talibus
327 360 509 403 Ilioneus
527 377 536 411 3
558 364 697 405 cuncti
718 364 838 405 simul
859 376 931 407 ore
951 365 1185 407 fremebant

131 418 404 460 Dardanidae.

1479 424 1562 464 560

186 474 298 515 Tum
318 474 499 516 breviter
520 475 649 525 Dido,
670 477 831 517 vultum
852 477 1042 526 demissa,
1064 479 1277 532 profatur:

130 530 286 571 Solvite
305 532 431 572 corde
450 538 619 581 metum,
641 532 812 582 Teucri,
833 533 1034 575 secludite
1055 548 1189 576 curas.

130 586 219 627 Res
239 587 344 628 dura
363 595 405 628 et
423 589 542 641 regni
561 589 721 629 novitas
741 604 806 630 me
827 589 923 630 talia
943 598 1099 644 cogunt

131 643 285 692 Moliri,
306 651 348 684 et
368 643 450 684 late
470 645 574 685 fines
594 645 768 686 custode
789 647 910 697 tueri.

129 699 237 745 Quis
257 714 390 754 genus
410 700 664 750 AEneadum‚
694 702 786 754 quis
807 701 951 756 Trojae
971 703 1128 744 nesciat
1148 705 1305 754 urbem,
1475 704 1558 745 565

130 756 404 810 Virtutesque
424 757 629 810 virosque,
650 765 722 798 aut
742 758 846 798 tanti
864 759 1057 799 incendia
1076 759 1204 801 belli?

130 811 230 853 Non
248 814 399 853 obtusa
418 813 524 853 adeo
539 820 748 866 gestamus
769 820 940 866 pectora
961 815 1096 863 Poeni,

127 868 223 909 Nec
243 876 327 909 tam
347 883 515 908 aversus
534 883 664 921 equos
685 868 816 922 Tyria
837 869 909 909 Sol
922 871 1063 924 jungit
1083 872 1137 911 ab
1158 872 1274 912 urbe.

129 925 216 965 Seu
235 940 308 965 vos
328 924 580 978 Hesperiam
599 939 790 979 magnam
811 924 1090 980 Saturniaque
1112 941 1222 976 arva,

129 981 226 1021 Sive
247 981 396 1035 Erycis
417 981 522 1021 fines
542 995 767 1034 regemque
786 982 938 1034 optatis
959 982 1157 1031 Acesten,

1475 984 1558 1023 570

128 1036 301 1077 Auxilio
321 1044 434 1077 tutos
454 1037 669 1086 dimittam,
691 1037 924 1091 opibusque
938 1039 1112 1090 juvabo.

129 1093 269 1133 Vultis
288 1100 331 1133 et
348 1093 414 1133 his
433 1107 595 1133 mecum
613 1094 770 1147 pariter
790 1093 1004 1134 considere
1025 1095 1188 1148 regnis?

132 1149 292 1190 Urbem
312 1164 437 1202 quam
457 1156 607 1197 statuo,
629 1156 766 1189 vestra
786 1157 872 1198 est3
894 1150 1114 1191 subducite
1135 1165 1279 1199 naves3

130 1205 242 1246 Tros
262 1205 502 1258 Tyriusque
523 1205 622 1245 mihi
641 1204 754 1245 nullo
773 1206 1009 1246 discrimine
1031 1213 1193 1260 agetur.

130 1261 274 1315 Atque
293 1262 452 1302 utinam
469 1276 544 1302 rex
564 1262 666 1315 ipse,
696 1268 796 1302 noto
816 1261 1054 1316 compulsus
1075 1262 1236 1309 eodem,

129 1317 298 1358 Afforet
318 1317 502 1358 AEneas!
525 1317 735 1371 Equidem
754 1332 829 1371 per
848 1317 968 1358 litora
987 1326 1122 1359 certos

131 1374 362 1422 Dimittam,
393 1380 435 1413 et
457 1373 604 1427 Libyae
624 1374 800 1414 lustrare
817 1381 1003 1414 extrema
1016 1375 1191 1427 jubebo,

131 1431 178 1471 Si
197 1430 348 1483 quibus
370 1430 528 1483 eJectus
550 1429 659 1470 silvis
679 1437 751 1470 aut
770 1430 943 1470 urbibus
963 1437 1086 1470 errat.

185 1486 266 1526 His
286 1486 466 1526 animum
486 1487 635 1526 arrecti
655 1486 788 1534 dietis,
810 1494 852 1526 et
873 1486 988 1526 fortis
1010 1484 1198 1527 Achates

131 1542 191 1583 Et
208 1549 330 1596 pater
350 1541 510 1582 AEneas
524 1542 773 1595 jamdudum
793 1556 1010 1595 erumpere
1030 1542 1184 1582 nubem

427 1597 548 1639 Prior
567 1597 737 1638 AEnean
757 1597 977 1651 compellat
996 1597 1183 1639 Achates
1200 1613 1209 1637 :

131 1598 366 1639 Ardebant.

130 1713 192 1739 tere
203 1710 303 1739 liceat.
311 1708 412 1737 -559
420 1707 566 1738 Fremitus
575 1709 603 1738 h.
616 1709 637 1738 l.
652 1718 685 1738 ac
697 1716 830 1738 murmur

129 1758 283 1777 assensum
296 1748 452 1776 commotis
466 1748 616 1777 hominum
637 1748 741 1776 animis
754 1748 828 1776 indi-

127 1791 186 1815 cat.

167 1826 224 1853 561
242 1823 332 1853 Vultu
343 1823 463 1853 demisso
474 1828 505 1853 et
515 1824 637 1853 breviter
645 1824 723 1853 fatur
737 1823 827 1852 Dido.

129 1863 215 1892 Adde
239 1862 303 1890 haec
325 1863 362 1890 ad
375 1863 443 1890 496.
459 1872 536 1901 sqq„
559 1867 588 1891 et
603 1863 740 1896 observa,
768 1871 826 1899 qua

129 1905 193 1929 arte
208 1901 298 1939 poe'ta
317 1900 548 1938 descriptionem
570 1901 678 1936 faciat;
699 1904 729 1928 et
747 1900 825 1932 vide,

127 1939 199 1977 quid
213 1938 307 1967 adhuc
320 1938 411 1972 desit,
424 1943 458 1967 ut
472 1939 616 1968 Didonem
629 1939 713 1967 unice
728 1938 826 1966 studio

128 1981 180 2005 tuo
193 1977 310 2015 dignam
325 1976 446 2005 habeas.
485 1978 551 2007 Jam
564 1977 594 2006 in
617 1977 682 2014 ipsa
695 1976 825 2005 oratione

129 2015 225 2052 pudor
234 2024 302 2043 cum
315 2014 470 2052 dignitate,
491 2015 651 2053 prudentia
663 2025 730 2043 cnm
743 2024 823 2043 sum-

129 2063 177 2082 ma
189 2052 366 2081 humanitate
379 2053 507 2082 maxime
516 2054 698 2082 elucescunt.
709 2070 747 2075 —
757 2054 825 2082 562.

129 2092 187 2119 563
201 2090 342 2120 Secludite
354 2101 449 2126 curas,
473 2092 651 2129 exquisitius
665 2101 753 2130 quarn
771 2101 822 2119 ex·

128 2128 252 2162 eludite,
285 2128 395 2166 ejicite,
426 2131 567 2167 deponite
595 2129 825 2158 sollicitudinem

130 2176 164 2195 ac
193 2171 315 2195 metum.
355 2166 416 2195 Res
438 2168 521 2201 dura,
543 2168 622 2206 quod
642 2168 733 2205 vulgo
748 2178 754 2194 :
777 2176 825 2195 res

130 2205 227 2238 durae,
256 2204 333 2232 dura
358 2214 456 2233 rerum
483 2206 624 2239 conditio,
656 2216 723 2243 quae
745 2205 827 2242 cogit

129 2242 242 2279 aliquid
262 2241 310 2270 vel
328 2242 438 2271 invitos
458 2244 555 2273 facere
568 2243 701 2282 (moliri)
710 2260 748 2266 -—
759 2253 827 2271 mox

129 2285 223 2309 custos
236 2289 290 2317 pro
303 2279 375 2308 viris
390 2280 418 2308 in
432 2282 567 2310 custodia
587 2282 686 2310 finium
699 2285 728 2310 et
750 2292 826 2319 prae-

130 2318 208 2347 sidio
216 2317 330 2346 locatis.
338 2333 376 2338 —
384 2319 442 2346 556
451 2319 556 2348 Possis
565 2330 634 2349 sane
644 2330 697 2357 per
708 2320 827 2348 virtutes

129 2357 258 2385 virorum
296 2364 462 2392 exponere3
488 2358 541 2386 sed
577 2358 697 2396 proprie
728 2362 827 2386 tamen

130 2399 289 2432 utrumque
310 2393 371 2421 vim
385 2393 473 2422 habet
486 2404 579 2429 suam,
600 2406 653 2425 nee
669 2396 827 2434 amplectar

127 2432 215 2462 facile
223 2434 355 2470 jejunam
375 2431 498 2469 figuram
512 2433 684 2471 hendiadyn.
696 2435 827 2469 virtutes,

131 2481 178 2500 res
198 2470 364 2509 praeclarae,
384 2469 501 2498 fortiter
515 2474 735 2508 gestae.—567.
759 2475 827 2502 568.

131 2509 200 2538 Non
225 2508 295 2537 adeo
322 2508 421 2536 obtusa
439 2512 567 2546 pectora,
593 2510 623 2538 h.
656 2520 683 2538 e.
709 2511 829 2549 stupida

130 2547 260 2585 ingenia,
271 2547 425 2579 habemus,
441 2556 498 2574 nou
512 2550 572 2574 tam
584 2548 700 2576 barbari
715 2559 826 2584 sumus,

133 2589 165 2613 ut
177 2586 369 2623 Trojanorum
381 2594 430 2612 res
451 2584 594 2622 praeclare
608 2590 708 2623 gestas
721 2591 751 2615 et
767 2588 829 2616 sata

131 2622 139 2649 i
183 2632 312 2652 oremus.
351 2622 415 2651 Nec
434 2626 492 2650 tam
507 2632 623 2651 aversus
638 2633 724 2661 equos
739 2626 828 2662 Tyria

134 2632 187 2688 5:111
191 2661 290 2699 junqit
303 2661 339 2690 ab
351 2660 431 2695 urbe,
452 2661 480 2689 h.
495 2671 522 2689 e.
535 2670 587 2689 neo
601 2665 659 2689 tam
672 2667 797 2691 remotas
812 2674 829 2692 a

135 2697 211 2733 sole,
230 2708 246 2726 a
259 2699 331 2728 solis
344 2709 434 2728 cursu
447 2703 473 2727 et
495 2699 602 2733 orbita,
621 2704 714 2728 terras
726 2700 827 2729 incoli-

137 2745 218 2774 mus,
238 2736 268 2765 id
280 2738 357 2775 quod
372 2738 408 2766 ad
422 2737 542 2767 eandem
554 2747 619 2767 cum
640 2738 827 2775 praecedente

1477 1544 1560 1584 580

868 1709 1042 1738 sententiam
1074 1709 1162 1741 redit,
1207 1711 1349 1745 quatenus
1376 1708 1476 1746 sriyns
1521 1709 1559 1739 sd

867 1748 954 1775 animi
968 1751 1120 1785 stuporem
1140 1746 1276 1783 adeoque
1299 1746 1337 1774 ad
1360 1746 1507 1775 feritatem
1529 1751 1561 1775 et

867 1785 1077 1814 immanitatem
1092 1784 1285 1820 transfertur,
1304 1788 1333 1812 et
1346 1785 1521 1813 remotiores
1543 1795 1561 1814 a

867 1824 940 1852 solis
954 1823 1050 1852 orbita
1071 1827 1157 1851 terrae
1172 1822 1203 1850 id
1224 1821 1286 1859 pati
1299 1822 1469 1851 ereduntur.
1508 1824 1560 1851 Sol

856 1861 955 1899 junyit
966 1870 1069 1898 equOS,
1083 1871 1136 1898 pro
1149 1864 1348 1897 consequente
1361 1870 1366 1886 ε
1382 1860 1444 1897 agit
1457 1871 1464 1895 3
1479 1871 1560 1889 aver-

863 1910 922 1932 sus,
942 1899 970 1927 in
992 1909 1107 1933 aversa,
1128 1902 1242 1927 remota
1263 1899 1299 1926 ab
1323 1902 1472 1935 aequatore
1491 1899 1560 1927 coeli

864 1938 1070 1976 parte.—569
1094 1936 1268 1975 Hesperiam
1293 1946 1434 1974 maynam,
1460 1937 1561 1975 simpl.

864 1980 1026 2014 potentem.
1077 1976 1174 2004 Aliter
1206 1975 1310 2003 eadem
1343 1978 1421 2003 terra
1446 1975 1562 2004 Graeoia

862 2024 966 2052 magna
988 2013 1106 2042 dicitur.
1137 2013 1233 2050 Eryx,
1255 2012 1315 2040 vid.
1336 2012 1374 2046 V,
1389 2013 1561 2042 759—570

862 2053 978 2090 optatis,
1012 2051 1173 2089 praefertis.
1185 2068 1222 2072 —
1234 2051 1290 2078 571
1320 2050 1440 2079 Aua-ilio
1472 2055 1560 2085 tutos,

862 2091 943 2129 quod
961 2090 989 2117 in
1005 2098 1111 2126 prosa:
1133 2090 1222 2117 rebus
1238 2088 1416 2116 necessariis
1435 2088 1564 2117 instruc-

863 2133 922 2162 105,
948 2128 1088 2156 munitos.
1129 2126 1285 2155 Pedestris
1305 2130 1386 2153 esset.
1405 2127 1512 2160 oratio,
1533 2127 1559 2155 si

865 2167 1030 2204 acciperes:
1051 2164 1193 2193 dimittam
1204 2173 1271 2192 cum
1284 2163 1398 2191 auxilio.
1417 2164 1562 2200 praesidio

865 2205 909 2233 H.
925 2203 1012 2232 auxil.
1029 2206 1082 2230 tut.
1096 2203 1124 2233 d.
1163 2202 1234 2231 Tac.
1247 2202 1324 2230 Aun.
1344 2201 1373 2235 I,
1393 2201 1562 2239 39.1eyatos

865 2244 1009 2280 (quorum
1032 2240 1103 2268 vitae
1128 2240 1291 2268 timendum
1324 2239 1404 2275 erat)
1424 2240 1564 2277 proesiclio

865 2279 1044 2309 auxiliarimn
1059 2278 1183 2316 equitum
1196 2276 1312 2306 dimittit
1322 2277 1563 2320 (Germanicus).

866 2328 970 2356 —opes
995 2317 1135 2345 dicuntur
1160 2316 1269 2350 omnia,
1289 2315 1396 2353 qulbus
1422 2316 1561 2345 subveni-

867 2366 944 2390 mus,
978 2364 1157 2388 recreamus,
1191 2364 1241 2382 res
1278 2353 1466 2382 necessariae.
1519 2355 1560 2383 Et

867 2399 950 2424 erant
974 2393 1093 2430 Trojani
1133 2392 1255 2420 omnium
1275 2391 1355 2429 eyeni
1385 2392 1453 2420 599.
1492 2393 1563 2422 Alio

867 2443 954 2462 sensu
975 2432 1023 2460 hic
1042 2440 1147 2459 versus
1171 2430 1283 2468 legitur
1305 2428 1400 2463 VIII,
1419 2430 1487 2459 271.
1512 2431 1560 2459 W.

867 2472 941 2500 Mox
961 2473 1056 2498 statuo
1076 2468 1226 2506 exquisite
1240 2477 1296 2505 pro
1313 2467 1419 2501 condo,
1437 2472 1472 2497 ut
1484 2471 1561 2503 ίδρύω

867 2514 898 2538 et
914 2508 1103 2548 pono—575
1124 2507 1290 2544 compzdsus,
1315 2515 1391 2534 non:
1419 2511 1542 2535 coactus
1554 2518 1563 2542 3

866 2548 922 2576 hoc
938 2552 1024 2576 tenue
1039 2548 1134 2580 esset3
1157 2545 1230 2573 sed:
1252 2544 1309 2572 huc
1330 2543 1486 2581 depulsus,
1507 2546 1559 2573 de-

866 2585 1093 2614 latus:——mox
1131 2587 1222 2611 certos
1250 2581 1412 2620 exquisite,
1451 2583 1559 2621 quibus

868 2624 943 2653 fides
958 2621 1058 2651 haberi
1072 2621 1188 2658 possit,
1210 2620 1371 2655 Dimittam,
1385 2620 1415 2649 in
1425 2620 1559 2649 diversas

868 2667 968 2700 partes
982 2660 1107 2688 mittam.
1478 2696 1483 2700 .

904 2702 962 2729 579
989 2697 1161 2735 Prorumpit
1185 2698 1299 2726 tandem
1335 2696 1431 2726 omnia
1451 2695 1559 2738 'vl-'iens

867 2740 939 2768 satis
954 2742 1015 2767 tuta
1028 2741 1057 2766 et
1073 2736 1200 2766 secunda
1210 2746 1276 2766 esse
1288 2736 1398 2766 AEne-as
1410 2738 1438 2762 ct
1450 2743 1478 2762 in
1490 2742 1559 2761 con=
