1796 3077
544 174 881 214 GEORGICON.
940 174 1040 213 Llss.
1070 175 1143 213 111,

1489 184 1574 229 141

132 294 314 351 Propter
333 311 496 351 aquam,
519 298 649 339 tardis
668 298 814 352 ingens
835 297 908 338 ubi
928 296 1108 337 flexibus
1129 304 1242 338 errat

131 352 328 404 Mincius,
348 363 390 395 et
410 362 554 396 tenera
573 355 770 410 praetexit
789 354 992 394 arundine
1013 354 1139 408 ripas.
1528 357 1577 397 lo

129 409 180 451 In
199 412 337 452 medio
357 411 458 452 mihi
481 411 625 452 Caesar
644 412 736 460 erit,
757 410 1044 464 templumque
1065 410 1240 451 tenebit.

128 466 193 507 Illi
213 468 346 509 victor
366 483 445 521 ego
467 477 509 510 et
529 468 662 522 Tyrio
680 475 930 521 conspectus
951 467 993 506 in
1013 475 1126 507 ostro

127 523 308 565 Centum
329 526 604 580 quadrijugos
625 525 796 580 agitabo
817 524 871 564 ad
892 523 1062 564 flumina
1083 538 1253 572 currus3

127 580 291 622 Cuncta
310 582 424 631 mihi,
447 581 662 636 Alpheum
682 581 874 635 linquens
894 580 1094 634 lucosque
1114 579 1341 630 Molorchi,

127 636 332 679 Cursibus
353 646 395 680 et
416 640 548 680 crudo
570 639 770 680 decernet
791 637 961 678 Graecia
981 645 1133 678 caestu:
1524 642 1578 680 20

124 693 236 747 Ipse,
259 704 388 749 caput
406 703 539 737 tonsae
559 695 667 736 foliis
689 702 859 736 ornatus
880 693 1012 743 olivae,

124 749 254 792 Dona
278 751 423 793 feram.
483 752 579 793 Jam
601 766 711 792 nunc
734 750 952 792 sollemnes
973 751 1127 791 ducere
1148 766 1323 806 pompas

124 806 199 849 Ad
221 808 398 849 delubra
411 810 547 863 Juvat,
569 822 785 861 caesosque
806 807 948 847 videre
961 808 1190 861 juvencos3

125 863 209 905 Vel
229 879 353 906 scena
372 874 420 905 ut
440 866 568 905 versis
591 865 782 905 discedat
802 863 1024 912 frontibus,
1046 872 1177 917 utque

124 920 349 975 Purpurea
369 922 519 963 intexti
539 920 685 963 tollant
705 920 839 962 aulaea
860 919 1068 960 Britanni.
1524 923 1579 962 25

121 977 173 1018 In
193 977 354 1019 foribus
374 993 560 1033 pugnam
581 993 634 1019 ex
655 992 758 1018 auro
781 977 1000 1030 solidoque
1021 976 1247 1031 elephanto

125 1035 421 1090 Gangaridum
441 1035 603 1085 faciam,
622 1035 875 1088 victorisque
896 1048 1011 1074 arma

123 1152 206 1182 niose
219 1153 292 1182 satis
305 1153 348 1182 ita
361 1155 456 1186 ornat,
470 1156 503 1181 ut
517 1153 656 1191 Augusto
671 1161 728 1180 non
741 1150 832 1179 modo

122 1191 304 1226 dedicatum,
327 1192 381 1220 sed
396 1194 427 1220 et
440 1191 576 1220 omnibus
596 1191 635 1218 iis
653 1190 831 1219 instructum

121 1233 152 1258 et
166 1230 318 1259 excultum
334 1240 402 1259 esse
419 1230 537 1266 jubeat,
560 1239 628 1268 quae
650 1229 687 1258 ad
702 1228 832 1267 Augusti

121 1267 226 1298 laudes
248 1268 454 1307 praedicandas
476 1268 554 1297 viam
574 1278 683 1306 parare
704 1266 832 1305 possint.

122 1306 201 1336 Cum
216 1313 312 1337 autem
327 1308 407 1336 inter
419 1307 535 1336 divinos
549 1307 675 1335 honores
691 1306 830 1334 ludorum

121 1355 242 1390 quoque
264 1345 415 1375 sollemnia
435 1345 505 1380 sint,
531 1345 620 1374 etiam
641 1345 695 1374 hos
716 1345 743 1373 in
767 1344 830 1373 Au-

123 1388 202 1421 gusn
218 1385 358 1414 honorem
375 1395 406 1413 se
421 1383 572 1413 editurum
587 1394 655 1413 esse
672 1383 832 1422 promittit.

123 1422 156 1451 Si
173 1427 271 1452 autem
284 1423 395 1462 ingenii
410 1423 439 1452 in
454 1424 546 1461 poeta
559 1423 675 1461 copiam
690 1426 721 1451 et
734 1422 831 1451 incre-

121 1466 219 1491 menta
233 1472 415 1501 cognoscere
429 1462 538 1500 volupe
551 1466 608 1494 est,
619 1462 658 1490 cf.
670 1465 749 1489 extr.
762 1470 830 1498 par-

121 1503 181 1529 tem
208 1501 278 1530 AEn.
292 1501 388 1535 VIII,
411 1505 442 1530 et
463 1501 540 1529 Stat.
562 1500 656 1529 Theb.
670 1500 717 1533 ΙΙ,
734 1499 832 1527 728-

120 1538 190 1568 740.
211 1540 291 1568 conf.
312 1540 412 1569 Hurd.
435 1540 472 1568 ad
489 1539 596 1567 Horat.
619 1539 676 1575 Ep.
697 1537 733 1565 ad
750 1537 830 1574 Aug.

120 1577 192 1606 Vol.
210 1579 257 1613 ΙΙ,
279 1588 312 1617 p.
333 1579 526 1616 aia—ponere
548 1576 693 1614 templum,
718 1579 829 1609 τιθέναι,

121 1617 196 1645 satis
210 1621 323 1646 notum.
345 1618 484 1655 Propter,
500 1625 610 1653 prope,
630 1623 746 1653 aquam.
781 1614 829 1642 De

121 1654 228 1684 Mincii
254 1660 353 1684 autem
378 1655 474 1683 vicina
498 1653 666 1682 inundantis
691 1656 829 1690 stagnan-

120 1693 203 1722 tibus
235 1693 320 1731 aquis
356 1703 446 1731 supra
475 1692 606 1721 vidimus
633 1692 670 1720 ad
702 1691 770 1719 Ecl.
801 1691 830 1724 I,

121 1733 193 1767 52.;
224 1732 302 1766 VII,
334 1732 382 1760 12.
414 1732 480 1760 13.:
515 1731 570 1759 Ge.
600 1730 650 1761 ΙΙ.
681 1730 746 1758 198.
777 1729 830 1757 inf.

122 1770 192 1799 AEn.
222 1769 268 1805 X,
295 1771 442 1799 {zoa-16
471 1770 577 1798 Statua
601 1768 649 1797 dei
676 1767 705 1795 in
732 1767 830 1796 medio

122 1808 246 1847 templo,
280 1810 308 1837 ἐν
335 1812 373 1848 τῷ
400 1812 465 1848 ναῷ,
494 1807 714 1836 sacrario.—l7
741 1806 831 1835 victor

119 1857 183 1885 eyn,
213 1847 265 1886 qui
286 1847 424 1876 carminis
445 1846 574 1886 palmam
601 1856 635 1874 ac
655 1844 779 1883 gloriam
801 1845 829 1872 in

120 1885 248 1924 patriam
271 1885 437 1914 retulerim.
490 1885 627 1923 Purpura
651 1883 830 1920 cons-picum,

121 1928 227 1962 utpote
242 1924 294 1962 qui
308 1924 396 1953 ludos
417 1923 553 1953 editurus
574 1927 647 1958 erat,
674 1922 830 1960 magistra-

121 1966 206 1991 tuum
234 1963 384 2001 exemplo,
418 1963 469 2001 qni
496 1963 585 1991 ludos
612 1961 765 1995 curabant,
801 1965 831 1990 et

116 2005 261 2039 praetexta
274 2002 443 2031 utebantur.
456 2001 500 2030 H.
522 2001 614 2029 victor
627 2005 655 2029 et
667 2004 832 2037 conspectus

121 2043 180 2069 etc.
194 2040 223 2068 h.
236 2051 263 2069 e.
275 2040 372 2069 victor
386 2043 433 2079 (v.
446 2041 493 2078 9.)
507 2044 536 2069 et
550 2043 671 2068 curator
681 2038 831 2066 ludorum.

121 2078 173 2107 Ita
196 2088 280 2107 nemo
300 2078 330 2107 in
349 2082 504 2117 posterum
524 2078 554 2106 in
577 2077 783 2115 conjunctione
804 2082 831 2105 et

122 2116 260 2146 haerebit.
299 2117 449 2151 W.-1lli‚
470 2118 489 2145 i.
503 2127 528 2146 e.
541 2116 571 2145 in
585 2117 664 2145 illius
678 2116 830 2144 honorem.

122 2155 172 2184 Sic
186 2165 217 2183 v.
232 2157 278 2184 19.
294 2155 375 2190 mihi,
395 2156 424 2184 in
439 2166 537 2185 meum
562 2155 717 2183 honorem.
757 2153 832 2182 S.—

124 2195 162 2223 18
175 2193 291 2232 ayitabo
303 2204 416 2229 currus,
437 2204 493 2223 non
510 2193 595 2223 aliter
611 2193 830 2231 accipiendum,

122 2242 211 2271 quam
232 2233 351 2270 poetam
374 2232 526 2261 editurum
547 2233 649 2266 ludos,
670 2232 699 2259 in
722 2232 831 2269 quibus

123 2271 278 2309 quadrigae
309 2270 476 2305 mittantur,
508 2270 832 2309 uguentum—Centum

124 2313 224 2338 autem
247 2308 404 2348 qztadriyas
430 2310 520 2346 poeta
542 2309 646 2347 ponit;
677 2312 758 2337 recte
783 2308 831 2337 hic

123 2358 274 2377 memores
288 2348 387 2376 locum
402 2347 515 2376 Tibulli
529 2348 557 2381 Ι,
578 2349 607 2382 7,
628 2349 679 2382 49,
701 2357 754 2376 nec
774 2357 831 2375 non

125 2387 222 2416 Gratii
235 2387 383 2424 Cyneget.
395 2386 679 2422 520.-—aclflumina‚
702 2386 739 2414 ad
754 2386 833 2414 Min-

123 2425 292 2455 cium—19
306 2425 383 2453 Suos
396 2424 496 2457 ludos,
509 2429 635 2462 propter
648 2425 833 2462 majestatem

125 2464 266 2499 numinis,
287 2463 335 2492 cui
354 2463 435 2496 fiant,
458 2463 632 2491 Graecorum
646 2463 790 2500 Olympia
804 2467 834 2492 et

126 2502 268 2531 Nemeaea
279 2501 452 2531 celebritate
467 2507 660 2538 superaturos
672 2510 738 2529 esse
751 2501 833 2529 dicit.

126 2540 270 2577 Alpheum
287 2540 459 2579 Olympiam
472 2538 656 2577 praeterlabi,
679 2542 708 2567 et
720 2539 758 2567 M
758 2539 833 2568 olor-

124 2578 206 2607 chum
227 2579 399 2608 Cleonaeum
422 2577 581 2615 excepisse
601 2577 732 2614 hospitio
754 2577 834 2606 Her-

127 2617 235 2651 culem,
255 2628 334 2652 cum,
353 2617 438 2647 leone
452 2617 594 2645 Nemeaeo
608 2615 774 2649 interemto,
789 2616 834 2643 lu-

126 2656 183 2683 dos
204 2656 364 2685 Nemeaeos
384 2656 568 2687 restitueret,
592 2657 695 2681 notum
717 2657 783 2681 est:
805 2664 834 2682 v.

127 2693 269 2732 Apollod.
291 2694 340 2729 II,
363 2696 392 2729 5,
418 2695 572 2724 1.-cceszu
593 2691 690 2726 crudo,
718 2702 732 2719 e
754 2692 835 2721 corio

1032 1033 1199 1080 Qun'ini
1209 1051 1218 1084 3

872 1149 975 1178 crudo.
989 1150 1039 1178 21.
1050 1150 1098 1178 22.
1119 1150 1198 1185 Jam,
1223 1150 1302 1188 quod
1317 1150 1352 1178 ad
1371 1160 1403 1179 se
1420 1152 1580 1188 pertineat,

872 1198 904 1216 se
923 1190 1007 1226 serre
1035 1189 1113 1217 velle
1140 1189 1225 1222 dona,
1252 1189 1280 1217 h.
1309 1199 1340 1217 se
1371 1189 1515 1219 sacrificIa
1541 1193 1577 1220 nd

871 1227 1016 1265 templum
1033 1227 1150 1265 (paullo
1162 1231 1233 1265 post
1244 1227 1283 1255 ad
1291 1227 1425 1265 delubra)
1440 1238 1506 1257 esse
1520 1230 1580 1258 sac-

872 1269 971 1294 turum
994 1266 1078 1300 dicit,
1099 1266 1198 1304 capite
1221 1275 1330 1295 corona
1349 1266 1485 1304 oleagina
1501 1270 1578 1297 redi-

870 1304 954 1339 mito,
977 1308 1088 1332 tonsam
1113 1305 1215 1333 olivam
1239 1304 1380 1342 appellat,
1407 1310 1457 1334 aut
1481 1310 1578 1335 atton-

871 1353 944 1375 sam,
965 1347 999 1371 ut
1020 1344 1136 1378 volunt,
1157 1347 1278 1372 ornatus
1299 1353 1416 1378 caussa,
1438 1349 1487 1373 aut
1506 1346 1578 1374 sim<

870 1381 1000 1447 pliciter,
1018 1382 1087 1420 qnia
1101 1383 1254 1420 deeerptae
1270 1386 1337 1410 sunt
1349 1382 1468 1411 frondes
1481 1393 1518 1411 ex
1532 1395 1577 1413 ar-

893 1430 953 1448 ore.
993 1420 1131 1449 Occurrit
1147 1424 1177 1449 et
1196 1421 1265 1449 AEn.
1280 1420 1319 1454 V,
1338 1421 1395 1449 774
1412 1424 1441 1449 et
1456 1424 1523 1450 556.
1538 1424 1578 1452 cs.

871 1460 908 1487 ad
922 1459 1031 1487 Horat.
1041 1459 1068 1493 I,
1081 1460 1112 1493 7,
1123 1460 1220 1488 7—22
1232 1459 1301 1487 Jam
1316 1459 1490 1495 nuncjnvat,
1502 1464 1574 1490 tam-

870 1507 957 1534 quam
972 1498 1062 1535 poe'ta
1076 1498 1118 1532 id,
1141 1498 1220 1535 quod
1237 1498 1332 1525 facere
1347 1497 1438 1534 gestit
1454 1498 1579 1533 animus,

871 1535 909 1577 ad
922 1545 1056 1572 praesens
1070 1539 1187 1573 tempus
1200 1538 1330 1569 revocat,
1345 1535 1429 1573 quasi
1444 1541 1576 1567 actutum

870 1582 899 1600 in
911 1583 946 1601 eo
961 1577 1126 1611 occupatus
1142 1574 1191 1602 sit.

908 1613 956 1640 24.
970 1613 1007 1641 25
1027 1612 1134 1641 Priora
1147 1612 1183 1640 ad
1195 1622 1279 1640 sacra
1293 1612 1491 1650 pertinebant.
1512 1615 1577 1645 haec

869 1648 977 1679 iterum
992 1651 1028 1679 ad
1046 1650 1146 1683 ludos,
1167 1651 1243 1679 inter
1258 1661 1332 1688 quos
1349 1652 1438 1680 etiam
1454 1654 1578 1683 scenicos

870 1689 1007 1718 editurus
1036 1689 1237 1722 est.—-Scena‚
1273 1694 1379 1726 utpote
1416 1693 1577 1724 versatilis.

870 1727 1095 1764 circumagitur.
1120 1727 1164 1756 H.
1194 1727 1271 1756 Vide
1290 1728 1327 1756 de
1346 1728 1400 1756 hac
1420 1739 1451 1757 re
1473 1730 1577 1769 dispu-

871 1769 983 1794 tantem
1002 1766 1049 1795 W.
1064 1765 1254 1804 Schleyelium
1277 1770 1334 1795 art.
1352 1767 1476 1797 dramat.
1497 1769 1532 1797 T.
1547 1770 1578 1804 Ι,

870 1813 899 1841 p.
914 1805 962 1832 83.
988 1803 1035 1833 W.
1056 1804 1167 1833 Velum
1189 1808 1287 1833 autem
1306 1805 1371 1833 sive
1389 1806 1522 1841 anlaeum,
1546 1812 1579 1836 ut

871 1852 961 1871 scena
984 1844 1186 1879 obtegeretur,
1214 1852 1282 1877 non,
1305 1848 1339 1872 ut
1355 1853 1443 1877 nunc,
1468 1845 1578 1875 (lemis-

870 1890 948 1916 sum,
970 1883 1021 1911 sed
1038 1879 1066 1910 in
1080 1881 1172 1910 altum
1189 1882 1338 1910 sublatum
1350 1882 1455 1917 fuisse,
1477 1883 1578 1923 itaque

870 1919 1000 1949 intextas
1018 1931 1069 1949 seu
1089 1920 1184 1959 pictas
1199 1920 1353 1958 imagines,
1374 1921 1403 1949 h.
1419 1921 1439 1950 l.
1457 1922 1578 1952 Britan-

870 1968 934 1993 nos,
961 1969 1087 1997 procero
1110 1969 1248 1997 corpore,
1269 1964 1298 1987 et
1319 1960 1446 1988 sortasse
1469 1971 1504 1989 eo
1526 1963 1577 1991 ha-

871 1997 936 2025 bitu
956 1999 1064 2036 pictos,
1088 2002 1240 2035 tamquam
1262 1997 1312 2035 qui
1331 1998 1389 2036 ipsi
1413 1999 1479 2027 vela
1493 2001 1579 2029 tolle-

871 2042 948 2070 rent,
976 2037 1062 2074 qnasi
1086 2047 1123 2066 ex
1152 2042 1231 2063 terra
1251 2046 1375 2073 surgere
1396 2036 1478 2065 visas
1499 2048 1578 2073 esse,

869 2083 944 2103 nunc
967 2075 1085 2112 quidem
1110 2084 1158 2103 res
1186 2073 1258 2103 satis
1283 2078 1353 2102 nota
1374 2078 1431 2102 est.
1478 2076 1578 2106 Locus

869 2113 1013 2141 classicus
1028 2114 1120 2142 Ovid.
1136 2113 1212 2141 Met.
1226 2112 1293 2145 111,
1310 2113 1475 2142 lli—114.

909 2152 1025 2180 26—:30
1046 2153 1095 2180 Ad
1118 2154 1287 2179 ornamenta
1322 2151 1425 2189 templi
1454 2152 1484 2180 in
1515 2153 1578 2182 Au-

871 2190 950 2233 gusti
965 2190 1105 2219 honorem
1114 2189 1263 2218 condendi
1276 2189 1396 2225 transit3
1414 2191 1580 2230 anaglvpha

871 2238 900 2256 ιιι
915 2229 1040 2264 foribus,
1056 2230 1095 2257 cf.
1111 2228 1180 2257 AEn.
1191 2227 1250 2261 VI,
1270 2228 1309 2256 20
1321 2238 1399 2266 sqq.‚
1414 2232 1443 2257 et
1459 2224 1578 2268 quidem

872 2277 911 2294 ex
927 2268 1017 2296 ebore
1039 2271 1067 2296 et
1088 2276 1173 2301 auro,
1193 2269 1256 2294 tum
1272 2276 1300 2295 v.
1313 2267 1352 2294 34
1374 2267 1459 2304 signa
1473 2278 1506 2297 ac
1519 2274 1579 2298 sta-

871 2309 949 2339 tuas,
965 2307 1100 2344 Puymmz
1114 2304 1348 2342 Ganyaridarum
1363 2305 1526 2342 (Indorum
1541 2308 1578 2337 ad

873 2344 984 2383 Gangis
1011 2345 1103 2379 ostia)
1126 2347 1291 2378 memorat3
1310 2343 1509 2383 pervulgatus
1530 2346 1580 2375 ille

873 2382 993 2411 laudum
1017 2383 1101 2412 locus
1123 2382 1152 2411 in
1175 2383 1324 2419 Augusto,
1345 2385 1378 2410 ut
1399 2382 1491 2412 Indos
1512 2395 1579 2413 cum

874 2421 996 2450 Parthis
1010 2421 1106 2450 victos
1123 2421 1150 2449 ei
1170 2424 1220 2448 aut
1241 2420 1449 2458 promitterent
1464 2426 1513 2451 aut
1529 2424 1580 2452 da-

873 2464 950 2488 rent.
971 2460 1009 2488 cf.
1035 2470 1101 2497 sup.
1126 2460 1183 2488 Ge.
1198 2458 1244 2492 II,
1267 2459 1334 2487 171.
1355 2460 1430 2488 172:
1462 2461 1530 2490 AEn.
1553 2462 1584 2495 I,

873 2500 942 2527 209.
966 2499 1137 2537 Augustum
1160 2501 1258 2525 autem
1279 2507 1333 2535 per
1355 2497 1509 2532 Quirinum
1530 2501 1581 2528 de-

874 2537 1022 2575 signatum
1036 2536 1146 2569 videri,
1168 2535 1291 2564 obvium
1306 2543 1352 2564 est
1365 2546 1372 2571 3
1393 2537 1499 2566 melius
1515 2538 1580 2570 hoc,

874 2585 961 2613 quam
984 2574 1137 2610 Quirinum
1157 2583 1212 2611 pro
1234 2574 1346 2612 populo
1363 2574 1494 2610 Quirini,
1518 2576 1579 2604 Ro-

874 2615 979 2647 manis,
994 2624 1010 2641 a
1023 2614 1113 2651 poeta
1127 2612 1317 2641 dici.—urma
1332 2612 1450 2648 Quirini
1462 2613 1580 2651 poetica

874 2652 1085 2680 cousuetudine
1099 2661 1153 2688 pro
1167 2651 1294 2687 Quirino
1305 2651 1334 2679 in
1346 2652 1446 2685 armis,
1459 2655 1581 2681 armato.

875 2690 943 2719 Nisi
966 2700 1045 2718 arma
1072 2700 1124 2728 pro
1149 2689 1237 2725 bello,
1260 2700 1359 2728 pugna
1382 2689 1429 2717 vel
1455 2689 1579 2719 victoria
