1796 3077
518 187 805 227 BUCOLICA.
838 187 950 225 ECL.
1012 188 1124 225 VIII.

1468 193 1529 236 53

79 310 276 365 Daphnis
290 322 356 351 me
375 309 507 351 malus
526 310 622 359 urit,
643 323 723 365 ego
739 309 847 349 hanc
867 308 909 348 in
930 306 1162 363 Daphnide
1184 307 1358 348 laurum.

80 367 237 409 Ducite
254 368 307 408 ab
324 368 428 408 urbe
450 367 633 416 domum,
655 381 748 408 mea
768 366 963 415 carmina,
985 366 1128 407 ducite
1150 365 1367 419 Daphnin.

77 424 195 465 Talis
214 439 330 465 amor
351 424 570 479 Daphnin,
590 423 723 478 qualis
744 438 874 477 quum
890 422 999 464 fessa
1028 423 1255 477 juvencum

78 480 162 521 Per
182 496 352 522 nemora
372 489 499 535 atque
521 481 626 522 altos
647 480 876 534 quaerendo
897 479 1051 521 bucula
1070 479 1188 520 lucos

77 537 259 592 Propter
279 553 399 592 aquae
420 539 553 579 rivum
572 538 694 579 viridi
712 537 954 592 procumbit
972 537 1015 577 in
1034 535 1142 586 ulva,

76 593 263 644 Perdita,
284 610 362 636 nec
382 609 486 636 serae
505 595 691 636 meminit
710 594 917 635 decedere
937 594 1073 634 nocti:

76 650 194 691 Talis
216 667 332 692 amor
352 659 505 701 teneat,
527 666 604 693 nec
632 652 684 692 sit
703 651 804 692 mihi
824 665 925 692 cura
943 650 1117 691 mederi.

75 707 232 749 Ducite
253 709 307 749 ab
328 710 433 749 urbe
455 709 637 758 domum,
657 722 749 748 mea
769 708 963 756 carmina,
985 707 1126 748 ducite
1148 705 1366 760 Daphnin.

1471 703 1528 744 90

75 763 169 805 Has
191 764 287 806 olim
308 765 479 806 exuvias
498 765 599 805 mihi
619 764 808 818 perfidus
828 763 897 804 ille
918 763 1087 817 reliquit

76 821 261 876 Pignora
281 836 379 862 cara
400 822 476 869 sui,
499 836 594 874 quae
616 835 726 861 nunc
747 835 827 874 ego
843 820 982 862 limine
1002 821 1044 860 in
1064 821 1170 873 ipso,

75 877 227 926 Terra,
246 878 322 918 tibi
337 878 514 927 mand03
547 878 705 918 debent
723 877 815 917 haec
836 877 1014 930 pignora
1036 875 1225 930 Daphin.

75 933 232 975 Ducite
253 935 307 975 ab
327 936 431 975 urbe
452 935 635 983 domum,
658 948 751 974 mea
771 934 966 982 carmina,
988 933 1128 974 ducite
1152 931 1341 986 Daphin.

73 990 167 1032 Has
180 991 334 1032 herbas
356 999 481 1045 atque
500 991 593 1032 haec
615 990 753 1031 Ponto
774 990 875 1031 mihi
895 990 1003 1031 lecta
1027 1004 1187 1031 venena

1474 988 1529 1026 95

74 1047 171 1101 Ipse
191 1048 309 1089 dedit
326 1048 500 1097 Moeris3
532 1055 761 1088 nascuntur
782 1046 959 1101 plurima
982 1046 1133 1087 Ponto.

74 1104 155 1145 His
172 1120 251 1159 ego
272 1120 384 1159 saepe
405 1104 551 1159 lupum
565 1104 657 1145 fieri
676 1112 718 1144 et
735 1119 778 1144 se
800 1104 982 1145 condere
1000 1102 1110 1143 silvis

73 1161 244 1211 Moerin,
263 1176 374 1216 saepe
397 1163 554 1202 animas
575 1161 665 1201 imis
681 1162 820 1201 excire
842 1160 1056 1214 sepulcris,

72 1217 218 1272 Atque
232 1226 341 1259 satas
357 1217 437 1259 alio
454 1218 539 1258 vidi
558 1217 782 1258 traducere
803 1232 972 1258 messes.

73 1274 230 1316 Ducite
251 1276 304 1316 ab
325 1276 430 1316 urbe
452 1275 635 1323 domum,
655 1289 749 1315 mea
768 1274 962 1323 carmina,
986 1274 1126 1315 ducite
1148 1271 1365 1327 Daphnin.

1453 1270 1529 1309 100

72 1331 156 1372 Fer
176 1332 349 1382 cineres,
372 1331 588 1386 Amarylli,
605 1331 730 1380 foras,
751 1332 926 1385 rivoque
946 1331 1094 1372 fluenti

72 1388 297 1443 Transque
319 1397 446 1444 caput
461 1390 570 1443 jace,
592 1403 669 1429 nec
690 1388 940 1442 respexeris.

1002 1388 1086 1428 His
1108 1401 1188 1441 ego
1211 1383 1415 1438 Daphnin

72 1445 338 1500 Aggrediar3
369 1445 472 1486 nihil
490 1445 557 1487 ille
578 1446 695 1494 deos,
717 1445 774 1485 nil
796 1446 979 1486 carmina
999 1452 1131 1487 curat.

72 1502 229 1545 Ducite
250 1504 303 1544 ab
320 1503 424 1544 urbe
441 1503 624 1552 domum,
646 1517 738 1542 mea
758 1502 952 1551 carmina,
975 1502 1117 1543 ducite
1139 1498 1357 1553 Daphnin.

69 1615 103 1640 ut
117 1612 206 1640 etiam
219 1612 344 1641 Tlieocr.
363 1623 394 1641 v.
407 1613 444 1641 18
459 1616 489 1640 et
503 1611 564 1647 21.;
593 1621 648 1649 pro
669 1610 781 1639 sulfure

70 1649 207 1679 bitumine
229 1651 319 1680 illitas
334 1651 433 1679 lauros
449 1654 600 1678 memorat.
614 1649 659 1678 H.
692 1649 779 1678 Bitu-

72 1688 157 1717 minis
170 1699 243 1717 usus
257 1694 321 1717 erat
331 1689 360 1717 'm
373 1689 474 1723 sacris,
491 1698 558 1725 quae
574 1688 781 1716 iucantamenti

73 1731 124 1754 aut
138 1737 175 1755 ex
200 1727 316 1756 iationis
339 1737 444 1756 caussa
459 1726 516 1755 diis
536 1726 635 1754 inferis
661 1726 780 1754 fiebant.

71 1765 162 1802 Apud
186 1765 364 1794 *laudiauum
377 1767 413 1794 de
423 1765 480 1799 VI,
496 1774 574 1793 cons.
583 1765 698 1793 Honor.
710 1765 778 1792 324.

70 1802 162 1832 lumen
184 1804 273 1842 (facis
292 1804 442 1841 lustralis)
463 1803 585 1831 odorem
603 1802 712 1840 sulfure
725 1812 778 1831 αε-

69 1842 149 1870 ruleo
163 1843 301 1880 nigroque
315 1842 566 1878 bituminefnmat.
605 1841 684 1869 Haec
703 1841 779 1869 For-

71 1880 215 1909 cellinius.
269 1880 418 1910 ssitumine
444 1880 535 1909 illitas
562 1879 655 1908 fuisse
668 1879 779 1915 lauros,

69 1919 168 1948 verbis
180 1919 314 1948 Maronis
324 1929 380 1948 non
395 1920 480 1948 inest.
495 1918 531 1947 W
534 1918 702 1957 .—-frayiles
718 1919 778 1947 Lu-

68 1957 154 1986 cretii
168 1957 226 1992 VI,
240 1959 307 1987 111.
320 1958 492 1987 auctoritate
505 1967 522 1986 a
532 1967 603 1986 sono
614 1967 652 1986 ex
663 1957 779 1994 fragore

69 1996 218 2034 explicant
229 1996 401 2035 crepitantes
414 1997 444 2024 in
455 1997 588 2033 flamma,
605 1996 684 2034 quod
707 1994 778 2024 omi-

69 2033 113 2062 nis
121 2035 186 2063 loco
196 2034 226 2064 in
236 2035 289 2064 hac
301 2036 404 2064 arbore
414 2035 641 2064 observabatur.
651 2034 778 2063 Theocr.

70 2071 90 2099 l.
106 2073 135 2101 I.
160 2084 190 2102 v.
215 2074 265 2103 24.
291 2075 328 2103 cf.
344 2073 454 2103 Tibull.
475 2073 521 2107 II,
542 2076 571 2107 5,
594 2074 643 2107 81,
660 2073 779 2101 {sa-in

70 2110 236 2148 Daphnide,
245 2115 292 2141 ἐπὶ
305 2117 430 2149 Δάφιιόι,
442 2112 471 2141 in
485 2111 683 2150 Daphnidem,
700 2112 779 2149 quod

69 2149 99 2177 in
122 2150 311 2188 Daphnidem
333 2156 440 2186 vertat,
461 2155 495 2179 ut
516 2150 542 2179 is
567 2151 670 2179 eodem
688 2150 778 2178 modo

70 2187 187 2217 flamma
197 2190 302 2218 amoris
311 2189 580 2218 consumatur.vide
591 2189 714 2217 Theocr.
726 2188 778 2217 Ι.Ι.

70 2236 100 2254 v.
109 2228 147 2255 23
158 2236 216 2265 sq.·.
235 2227 343 2257 Horat.
354 2228 499 2267 Epod.v‚
513 2228 561 2256 Sl.
585 2227 705 2256 Scilicet
717 2237 777 2255 ma-

71 2264 145 2303 gicae
157 2266 203 2294 hae
216 2266 341 2295 rationes
356 2267 416 2296 fere
428 2265 599 2304 symbolicae
612 2270 689 2300 sunt,
706 2276 777 2303 qua-

71 2313 137 2332 rum
156 2305 373 2342 congruentiam
391 2310 422 2334 et
437 2305 657 2334 similitudinem
676 2304 778 2342 physi-

70 2352 137 2370 cum
153 2342 278 2380 aliquem
295 2343 432 2372 effectum
450 2344 568 2378 habere,
581 2342 708 2372 stultitia
726 2343 776 2371 ho-

71 2380 181 2409 minum
203 2381 337 2410 credidit.
357 2382 401 2410 H.
449 2382 492 2410 Η.
508 2382 634 2410 Vossius
657 2381 778 2419 proprie

72 2420 170 2456 posita
186 2420 291 2448 statuit
309 2421 399 2448 rerba
414 2420 444 2448 in
463 2420 634 2459 Daphnide;
662 2420 777 2448 laurum

70 2458 99 2501 in
112 2457 297 2526 imaglusscula
316 2468 400 2487 cerea
424 2459 588 2496 Daphnidis
609 2468 676 2488 esse
689 2468 775 2496 repo-

72 2500 170 2525 sitam.
231 2518 238 2525 .

110 2536 147 2563 85
171 2536 208 2564 cf.
227 2535 352 2565 Theocr.
370 2536 416 2571 ΙΙ,
430 2536 555 2565 48—51.
594 2537 632 2565 87
647 2537 776 2574 Propter

71 2584 154 2611 aquae
168 2575 270 2602 rivum.
281 2575 309 2603 in
323 2585 412 2612 prosa
424 2585 430 2603 :
443 2574 532 2611 juxta
546 2584 649 2613 aquam
663 2575 727 2603 rivi.
738 2575 776 2602 cf.

73 2612 138 2640 Ecl-
148 2613 186 2647 V,
196 2614 251 2642 47:
267 2614 303 2642 ad
315 2614 425 2643 Tibull.
437 2614 496 2647 I,l,
509 2614 636 2642 28—88
644 2623 694 2642 nec
702 2622 775 2641 seroe

72 2650 240 2680 -decedere
260 2653 336 2680 nocti
357 2652 442 2696 quasi
466 2653 501 2680 ab
515 2661 548 2680 ca
559 2651 662 2680 cedere
670 2653 774 2688 jussa3

70 2688 232 2727 elegantius
245 2691 282 2720 ad
293 2692 439 2729 poeticam
448 2690 599 2725 rationem,
612 2699 699 2728 quam
710 2699 775 2718 sera

820 1613 899 1638 nocte
912 1609 1015 1637 redire.
1058 1608 1154 1636 Locus
1169 1604 1284 1634 omnino
1300 1602 1528 1643 pulcherrimus,

820 1648 848 1676 in
863 1658 921 1686 quo
930 1648 1053 1676 Varium
1064 1644 1214 1683 expressit
1224 1648 1333 1677 noster,
1348 1647 1381 1671 ut
1394 1642 1528 1670 Macroh.

819 1687 907 1715 docet
929 1686 1057 1719 Saffisl,
1081 1685 1146 1713 c.2.
1187 1682 1343 1711 Simillima
1359 1681 1423 1709 haec
1437 1681 1528 1708 sacris

819 1725 940 1763 magicis
964 1724 1033 1753 AEn.
1046 1723 1103 1757 IV,
1123 1723 1180 1750 495
1197 1731 1262 1758 sqq.
1302 1722 1339 1749 93
1356 1719 1454 1747 debent
1469 1719 1528 1746 Ιιιῑι·

814 1763 940 1807 pignora
954 1763 997 1791 D.
1013 1764 1167 1799 exspectat
1180 1760 1235 1787 hoc
1249 1769 1264 1786 a
1277 1758 1402 1787 defossis
1424 1758 1479 1785 suh
1493 1757 1527 1785 li-

818 1811 895 1830 mine
911 1802 1056 1835 vestibus,
1079 1804 1113 1828 ut
1128 1799 1164 1827 ad
1178 1808 1227 1826 eas
1243 1796 1377 1835 Daphnis
1393 1796 1440 1824 vel
1453 1795 1527 1824 invi-

819 1844 867 1868 tus
888 1840 1065 1869 retrahatur.
1105 1836 1239 1866 Variavit
1257 1835 1459 1865 Theocriteam
1482 1844 1528 1862 ra-

819 1878 927 1907 tionem
948 1878 968 1907 l.
982 1879 1010 1907 I.
1025 1888 1056 1906 v.
1069 1877 1116 1905 53.
1131 1877 1179 1904 5⁴.
1190 1876 1238 1903 59.
1250 1876 1298 1903 60.
1339 1872 1464 1902 Liminis
1477 1883 1527 1901 au-

819 1921 878 1946 tem
899 1917 1037 1946 sollennis
1060 1915 1170 1944 mentio
1191 1914 1220 1943 in
1244 1913 1363 1952 poetica
1386 1911 1526 1945 oratione,

818 1966 885 1984 cum
901 1960 952 1984 aut
977 1955 1170 1984 admittuntur
1192 1957 1242 1981 aut
1258 1951 1374 1980 admitti
1394 1950 1527 1988 cupiunt,

819 1999 869 2023 aut
902 1994 1101 2023 excluduntur
1130 1992 1348 2020 amantes-95
1376 1990 1466 2018 Lecta
1499 1989 1527 2017 in

819 2034 927 2067 Ponto,
943 2043 1010 2071 quae
1030 2037 1108 2061 terra
1128 2040 1183 2068 pro
1206 2029 1347 2058 Colchide
1367 2031 1528 2065 usurpatur

817 2072 873 2108 (cs.
888 2071 958 2101 Juv.
972 2071 1066 2104 XIV,
1080 2070 1146 2098 104.
1169 2067 1236 2105 W.)
1258 2076 1366 2096 venena
1380 2076 1527 2094 commen-

817 2111 934 2144 dantur,
952 2110 1021 2148 quia
1036 2108 1145 2137 Medea
1158 2106 1195 2135 iis
1210 2116 1264 2134 usa
1277 2109 1349 2134 erat.
1361 2104 1404 2133 H.
1437 2104 1525 2132 Com—

817 2149 923 2188 probat
949 2156 1127 2177 venenorum
1152 2145 1300 2179 effectum,
1328 2147 1361 2172 ut
1389 2141 1527 2171 Tibullus

818 2187 846 2221 I,
864 2188 893 2216 2.
906 2188 954 2216 45.
968 2196 1061 2222 magae
1099 2184 1222 2213 eritiam.
1246 2183 1292 2212 Ad
1309 2192 1337 2210 v.
1353 2182 1402 2210 98.
1418 2182 1450 2209 cf
1460 2181 1527 2210 Tib.

817 2226 844 2261 1,
861 2227 890 2254 2.
902 2226 950 2254 47.
963 2226 1000 2254 ad
1011 2222 1059 2254 99.
1096 2223 1146 2251 ¹ib.
1160 2223 1189 2256 I,
1201 2223 1228 2251 8.
1243 2222 1291 2250 19.
1309 2220 1357 2250 W.

858 2265 911 2293 101
933 2264 1055 2292 Novum
1070 2267 1100 2291 et
1118 2261 1313 2290 fortissimum
1335 2262 1406 2297 post
1429 2262 1526 2287 cetera

817 2302 1021 2331 incantationis
1034 2310 1125 2340 genus
1139 2299 1262 2337 adgredi
1285 2298 1412 2331 videtur,
1434 2303 1468 2326 nt
1484 2297 1524 2325 ci-

815 2351 913 2370 nerem
927 2352 966 2370 ex
979 2351 1029 2369 ara
1041 2341 1069 2368 in
1082 2348 1188 2377 aquam
1199 2338 1337 2366 fluentem
1349 2346 1426 2374 pone
1435 2340 1525 2373 caput

812 2380 924 2417 jaciat3
945 2380 1023 2418 quod
1039 2378 1146 2416 partim
1170 2387 1236 2405 cun]
1258 2375 1449 2413 expiationiS,
1472 2375 1525 2402 ssu-

816 2418 902 2447 minis
926 2428 1001 2456 aqua
1021 2418 1091 2446 viva
1107 2415 1169 2444 fieri
1189 2414 1296 2447 solitae,
1321 2414 1393 2447 ritu,
1416 2412 1524 2451 partim

814 2466 882 2485 cum
904 2467 939 2485 eo
960 2466 1041 2484 more
1064 2456 1251 2492 conjunctum
1273 2462 1339 2481 esse
1363 2458 1448 2490 puto,
1466 2461 1523 2489 quo

815 2495 871 2523 diis
884 2495 983 2523 inferis
992 2493 1102 2531 aliquid
1113 2494 1294 2521 devovetur:
1310 2492 1387 2519 conf.
1399 2491 1523 2519 Theocr-

816 2534 947 2566 XXIV,
966 2533 1091 2561 91—94.
1107 2531 1152 2560 Η.
1193 2530 1277 2559 Cont'.
1292 2529 1398 2559 Claud.
1414 2529 1449 2557 de
1467 2527 1522 2558 VI.

816 2583 895 2601 cons.
908 2571 1023 2600 Honor.
1036 2568 1205 2599 ‘affl—rivo
1218 2569 1246 2597 in
1260 2568 1357 2597 rivum
1375 2568 1443 2596 Vid.
1455 2565 1522 2594 AEu.

815 2611 860 2646 X,
875 2612 943 2639 683.
959 2611 1064 2639 Jacere
1087 2619 1116 2637 se
1130 2607 1277 2645 fluctibus.
1317 2607 1366 2635 Ita
1386 2606 1522 2646 conjicere

814 2649 1005 2678 construitur.
1036 2647 1180 2677 W.—103
1205 2646 1277 2674 nihil
1304 2645 1349 2673 ille
1370 2644 1445 2673 deos.
1472 2652 1522 2679 qui

815 2688 893 2717 inter
914 2687 1117 2716 incantandtun
1132 2685 1229 2715 vocati
1250 2688 1340 2713 erant.
1382 2681 1523 2717 Quando⁴
